5100 6061
2033 350 2690 420 PROLEGOMEN
2693 354 2772 418 A.
4067 353 4428 422 XXXVII

398 545 641 615 docebit
678 546 1143 630 scripturarum
1184 537 1460 611 omniicm
1490 544 1861 627 penitiorem
1905 542 2391 629 intelliyentiam.
2485 540 2750 608 Summa
2800 542 3178 628 yauicamm
3222 543 3620 610 ecclesiarum
3663 543 3900 627 afflicta
3951 544 4213 610 conditio
4255 545 4428 629 efflar-

392 659 561 745 9itat
597 665 669 724 ut
710 658 788 723 ab
831 656 1113 724 omnibus
1155 655 1630 722 contentionibus
1674 655 1937 721 avocetis
1968 655 2200 737 potius,
2293 653 2468 719 Nam
2515 654 2631 719 tali
2679 675 2870 738 opera
2899 655 3216 738 plurimos
3267 676 3485 737 eosque
3535 656 3793 721 eximios
3846 635 4245 722 assectatores
4293 677 4430 723 cas-

396 777 644 837 trorum
693 767 931 835 Christi
972 766 1384 835 conturbabis,
1476 764 1568 832 Et
1604 774 1824 848 tamen,
1867 766 1961 831 mi
1996 765 2349 847 Marciaue,
2387 765 2651 830 libemm
2684 786 2807 849 per
2846 787 2943 830 me
2982 768 3194 849 fuerit,
3237 772 3453 831 utrum
3493 767 3665 848 odic,
3711 773 3823 832 aut
3855 768 4074 833 edendi
4105 772 4217 832 aut
4249 768 4427 850 diffe-

404 882 606 948 rendi.
711 880 897 947 Volui
941 887 1164 960 tamen,
1209 881 1373 963 quod
1416 879 1574 944 mihi
1613 880 1943 960 videretur,
2002 878 2194 944 obiter
2231 877 2530 943 imdicare.
2618 877 2806 943 Haec
2862 877 2990 944 ille.
3080 878 3287 944 Vides
3342 899 3494 943 eum
3547 878 3718 962 loqui
3775 877 3858 945 de
3914 879 4080 946 libro
4130 878 4429 944 nondum

402 993 613 1075 edito,
660 1000 730 1059 et
771 992 1037 1077 quidem
1082 993 1328 1058 autoris
1374 993 1486 1075 qui
1529 991 1697 1056 nihil
1743 998 1941 1056 antea
1984 989 2330 1075 theologici
2374 990 2748 1074 argumenti
2793 991 3142 1073 scripserit.
3233 990 3360 1056 Cui
3416 990 3689 1056 suadere
3743 999 4016 1058 conatur
4058 998 4134 1058 ut
4176 989 4258 1056 ab
4301 991 4428 1057 alio

408 1107 633 1192 potius
677 1112 1066 1191 argumento
1109 1103 1453 1169 literarum
1497 1102 1887 1169 industriam
1944 1103 2352 1186 auspicetur,
2409 1123 2603 1185 quam
2650 1121 2690 1164 a
2730 1100 3048 1184 polemico
3091 1101 3231 1182 illo,
3291 1101 3642 1168 dubiorum
3696 1110 3764 1168 et
3815 1105 4108 1169 rixarum
4163 1104 4427 1170 foecun-

410 1215 700 1283 dissimo,
790 1216 1052 1299 Scripta
1105 1224 1207 1281 est
1257 1216 1459 1301 igitur
1515 1214 1790 1299 epistola
1842 1215 1957 1279 illa
2013 1223 2167 1279 ante
2221 1215 2463 1279 editam
2516 1213 3042 1292 Institutionem,
3108 1211 3399 1295 viditque
3453 1213 3686 1296 Capito
3742 1214 4427 1301 Psyohopannyohiao

403 1329 747 1412 exemplar
785 1349 989 1394 manu
1032 1329 1382 1411 script-um,
1442 1326 1605 1390 illud
1649 1327 1863 1411 ipsum
1908 1327 2183 1393 fortasse
2217 1326 2307 1412 de
2350 1348 2475 1409 quo
2521 1325 2840 1391 Calvinus
2897 1326 2969 1388 in
3023 1324 3230 1390 literis
3290 1323 3371 1389 ad
3415 1323 3829 1390 Libertctum
3883 1325 4053 1391 datis
4107 1327 4292 1411 quasi
4346 1326 4427 1391 de

397 1462 619 1531 nuper
671 1441 1035 1522 conscripto
1089 1438 1370 1504 necdum
1438 1439 1582 1504 aliis
1640 1438 1934 1506 exhibito
1987 1438 2294 1521 loquitur.
2386 1438 2736 1505 Caeterum
2790 1443 3047 1502 constat
3102 1434 3488 1520 Capitonem
3544 1436 4004 1520 Anabaptistis
4057 1460 4191 1503 non
4245 1438 4427 1503 omni

398 1560 700 1637 tempore
745 1572 950 1634 aeque
993 1551 1324 1617 infensum
1370 1551 1569 1616 fuisse
1615 1571 1690 1615 ac
1732 1551 2001 1635 plurimi
2046 1550 2222 1616 illius
2269 1550 2496 1615 aetatis
2554 1548 2842 1633 theologi
2859 1600 2875 1628 ,
2934 1550 3027 1612 ita
3079 1556 3154 1613 ut
3208 1549 3428 1613 minus
3482 1546 3850 1613 mirandum
3896 1548 4217 1629 videatur,
4274 1571 4427 1614 eum

393 1686 522 1749 pro
568 1685 688 1730 sua
727 1664 915 1748 parte
962 1662 1140 1729 hunc
1183 1684 1433 1728 novum
1478 1668 1545 1727 et
1587 1662 2051 1728 vehementem
2094 1663 2415 1757 impetum
2463 1660 2544 1726 ab
2589 1660 2822 1725 iisdem
2869 1667 3168 1725 avertere
3214 1657 3557 1725 studuisse.

713 1774 843 1840 111.
938 1773 1218 1840 Duabus
1278 1774 1411 1839 illis
1467 1774 1801 1858 primariis
1856 1771 2256 1839 editionibus
2313 1774 2764 1840 deficientibus
2822 1773 3019 1837 tertia
3074 1772 3653 1857 Argentoratensis
3711 1771 3898 1837 nobis
3950 1792 4070 1856 pro
4126 1779 4426 1855 tempore

402 1887 716 1972 princeps
758 1888 837 1951 fit
879 1885 963 1951 ad
1006 1888 1192 1952 cuius
1230 1884 1426 1952 fidem
1471 1894 1730 1951 textum
1771 1885 1997 1952 recudi
2040 1885 2433 1952 curabimus.
2524 1883 2846 1969 Sumptus
2887 1884 3064 1949 illius
3117 1884 3271 1949 fecit
3312 1881 3755 1948 Wendelinus
3811 1881 3920 1947 ille
3962 1883 4266 1949 Rihelius
4307 1883 4421 1967 qui

403 2000 607 2065 etiam
653 1997 1153 2063 Institutionem
1196 1997 1621 2064 christianam
1666 1999 1925 2081 saepius
1969 1997 2151 2081 prelo
2195 2019 2311 2063 suo
2357 1996 2630 2063 subiecit
2672 2004 2739 2062 et
2780 1996 2884 2062 cui
2930 1994 3252 2062 Calvinus
3296 1996 3438 2061 sine
3483 1993 3679 2061 dubio
3717 1993 3922 2060 libelli
3964 1996 4138 2080 typis
4177 1995 4421 2061 iterum

398 2109 763 2177 mandandi
805 2110 947 2191 ipse
989 2109 1118 2174 fuit
1159 2116 1363 2176 autor.
1453 2109 1714 2175 Titulus
1759 2118 1884 2174 est:

711 2209 1188 2293 VIVERE
1245 2206 1269 2312 Ι,
1310 2221 1566 2288 APVD
1631 2219 2119 2287 CHRISTVM
2159 2220 2169 2307 1
2205 2231 2361 2298 non
2419 2206 2764 2297 dormire
2813 2205 3098 2297 anonis·
3156 2214 3498 2310 sanem,
3561 2204 3698 2320 qui
3748 2203 3760 2309 Ι
3813 2206 3893 2294 in
3929 2201 4092 2321 fide
4139 2197 4427 2295 01υῆπὶ

397 2338 805 2430 decedunt,
862 2344 873 2449 Ι
927 2332 1311 2428 Αεςεγῑὶο,
1367 2343 1378 2448 Ι
1433 2350 1700 2417 Ioannis
1759 2348 2047 2416 Caluini.
2142 2358 2448 2425 (Emblema
2466 2357 2757 2423 officinae.)
2866 2355 3386 2412 ARGENTORATI
3439 2372 3543 2424 per
3615 2354 4008 2411 vmaezamm
4059 2325 4079 2424 ι
4127 2353 4423 2409 namium.

668 2521 681 2535 .
715 2479 783 2533 D.

395 2481 570 2536 m
603 2479 665 2534 M
718 2478 993 2640 ἙόΧιἹΙιῗο
1010 2574 1163 2639 libri
1205 2580 1308 2639 est
1350 2575 1680 2640 octonaria
1722 2574 1939 2638 minor
1983 2593 2178 2656 quam
2224 2573 2419 2638 hodie
2461 2572 2955 2638 sedecimariam
2998 2571 3379 2638 diceremus.
3443 2556 3792 2641 Emblcma
3826 2572 4003 2638 idem
4044 2572 4213 2638 illud
4255 2574 4428 2657 quod

402 2688 480 2753 in
536 2687 1037 2772 Prolegomenis
1092 2686 1274 2751 Tem.
1330 2685 1387 2751 Ι.
1443 2706 1590 2770 pag.
1651 2684 1938 2751 XXXII
1992 2684 2469 2767 descripsimus.
2559 2685 2735 2768 Typi
2786 2684 3051 2750 cursivi.
3139 2683 3334 2749 Folia
3397 2683 3888 2767 praeliminaria
3939 2697 4083 2751 octo
4143 2685 4237 2771 (a)
4289 2706 4426 2751 non

404 2805 763 2865 numerata
820 2796 1138 2863 exhibent
1194 2795 1357 2861 duas
1410 2797 1844 2879 praefationes
1859 2848 1875 2876 ,
1933 2776 2454 2862 aurelianensem
2513 2804 2581 2861 et
2634 2795 3094 2874 basileensem,
3155 2796 3534 2862 charactere
3593 2797 3752 2861 satis
3804 2796 4042 2881 grandi
4097 2806 4422 2864 exaratas.

405 2908 664 2978 'l'extus
708 2910 1075 2976 absolvitur
1117 2930 1235 2973 sex
1279 2904 1815 2991 quaternionibus
1860 2915 1927 2973 et
1969 2905 2237 2973 dimidio
2291 2907 2592 2994 (A-G),
2647 2908 2819 2973 foliis
2872 2908 3239 2973 numeratis
3286 2912 3388 2987 51,
3442 2908 3514 2972 in
3557 2929 3832 2990 quorum
3889 2910 4122 2974 ultimo
4176 2910 4424 2993 legitur

398 3022 807 3109 typographi
849 3021 1263 3105 subscriptio:
1328 3001 1832 3122 Argentorate·
1877 3030 2032 3123 per
2103 3002 2650 3099 Vuendele‘num
2710 3000 3106 3099 Rihelium.
3228 3000 3454 3097 Anno
3513 3000 3612 3096 M.
3646 3000 3743 3097 D.
3770 3000 4000 3097 XLII.
4113 3020 4421 3105 Sequun-

399 3142 519 3200 tur
562 3133 735 3200 duae
772 3135 1054 3218 paginae
1095 3131 1309 3198 albae:
1355 3133 1509 3198 folio
1552 3132 1785 3198 ultimo
1828 3153 2019 3200 verso
2056 3132 2298 3199 iterum
2336 3133 2689 3199 exhibetur
2709 3132 3063 3199 Riheliana
3104 3130 3220 3196 illa
3249 3131 3570 3213 Nemesis,
3616 3133 3828 3199 forma
3868 3133 4062 3217 paulo
4106 3153 4303 3217 quam
4349 3135 4422 3199 in

398 3245 597 3312 titulo
638 3245 1057 3330 elegantiore.
1148 3245 1400 3309 'sextus
1444 3244 1838 3329 dispescitur
1879 3245 1953 3309 in
1994 3243 2441 3328 paragraphos
2483 3245 2624 3311 sive
2673 3245 2994 3310 sectiones
3009 3295 3026 3323 ,
3087 3263 3224 3309 non
3266 3242 3531 3327 quidem
3585 3246 3880 3310 numeris
3924 3246 4264 3313 distinctas
4304 3245 4421 3312 sed

322 3423 335 3426 ,
396 3359 688 3432 maiares
729 3337 1019 3422 unciales
1064 3355 1289 3421 literas
1330 3376 1490 3439 prae
1534 3377 1604 3422 se
1646 3357 1948 3435 ferentes,
1996 3377 2194 3440 quam
2237 3356 2628 3423 divisionem
2670 3378 2897 3421 omnes
2940 3354 3262 3421 editiones
3305 3357 3696 3441 posteriores
3740 3365 4111 3424 servarunt.

716 3468 936 3534 Huius
980 3467 1284 3533 editionis
1328 3468 1731 3551 exemplaria
1776 3467 1922 3548 du0,
1965 3467 2253 3534 alterum
2292 3470 2641 3547 turicense,
2689 3468 2973 3533 alterum
3017 3467 3616 3552 guelferbytanum,
3664 3469 3746 3534 ad
3781 3492 4017 3536 manus
4052 3478 4242 3535 erant
4279 3479 4420 3536 tex-

394 3588 545 3647 tum
583 3578 1219 3665 recognoscentibus.
3613 3639 3620 3648 ‚

713 3690 836 3758 lv.
924 3691 1150 3758 Editio
1194 3691 1444 3757 Rihelii
1489 3691 1776 3758 secunda
1819 3692 2102 3758 triennio
2142 3699 2293 3775 post
2333 3691 2620 3774 priorem
2661 3692 2906 3776 prodiit
2948 3690 3137 3756 titulo
3181 3712 3355 3758 novo
3402 3699 3469 3757 et
3509 3694 3709 3777 plane
3752 3694 4024 3759 ridiculo
4067 3691 4418 3778 insig‘nita:

715 3801 1455 3870 PSYOHOPANNY-
1482 3800 1493 3890 Ι
1521 3811 1711 3884 CHIA,
1753 3813 1900 3882 QVA
1934 3812 2411 3869 REFELLITVR
2455 3812 2621 3881 QVO·
2646 3803 2657 3889 Ι
2681 3802 2966 3869 rundam
2999 3803 3456 3886 imperitorum
3497 3826 3699 3885 error,
3743 3807 3857 3888 qui
3894 3806 4033 3872 ani·
4060 3806 4070 3887 Ι
4096 3827 4234 3870 mas
4268 3812 4420 3888 post

402 3923 687 3981 mortem
731 3937 939 3999 usque
982 3915 1066 3980 ad
1109 3915 1264 3981 ulti·
1290 3908 1299 4000 Ι
1323 3936 1512 3980 mum
1544 3914 1860 3982 iudicium
1903 3915 2144 3981 dormi-
2170 3914 2180 4001 Ι
2206 3937 2278 3981 re
2330 3922 2585 3999 putant.
2627 3915 2638 3999 Ι
2675 3925 3039 3980 LIBELLVS
3082 3924 3284 3980 ANTE
3331 3925 3624 3981 SEPTEM
3659 3924 3670 3993 Ι
3710 3939 3889 3979 annos
3910 3926 4253 3992 compositus,
4272 3941 4424 3981 nunc

397 4041 585 4091 tamen
620 4036 741 4105 pn·-
770 4035 945 4102 {mum
990 4036 1053 4089 in
1111 4037 1281 4091 lucem
1341 4035 1569 4090 aedem.
1601 4034 1611 4105 ι
1642 4009 1984 4105 Autlwre
2044 4009 2340 4105 Ioanne
2403 4005 2744 4104 Caluino,
2867 4033 3196 4105 (Emblema.)
3259 4035 3786 4092 ARGENTORATI
3850 4037 3997 4093 PER
4053 4027 4420 4114 muns-1

394 4148 571 4203 linum
605 4148 889 4203 Rihelium.
976 4149 1136 4204 Anno
1170 4150 1245 4205 M.
1282 4141 1350 4203 Π.
1385 4148 1550 4203 XLV.

716 4250 1001 4316 Cuinam
1042 4251 1256 4315 editor
1299 4252 1422 4315 hoc
1463 4272 1584 4317 suo
1624 4248 1965 4316 mendacio
2009 4251 2233 4317 fucum
2275 4252 2490 4317 facere
2531 4248 2821 4333 potuerit
2874 4248 3054 4315 haud
3109 4251 3300 4317 facile
3356 4251 3619 4316 dixeris.
3708 4254 3907 4317 Patet
3957 4260 4210 4332 tamen,
4268 4252 4424 4319 Cal-

397 4362 641 4428 vinum
685 4363 902 4445 ipsum
947 4362 1146 4428 huius
1188 4362 1343 4428 libri
1384 4371 1736 4446 patronum
1775 4362 2159 4445 neutiquam
2201 4363 2419 4442 fuisse,
2464 4372 2530 4427 et
2572 4382 2740 4455 quae
2782 4361 2852 4425 in
2898 4384 2973 4427 eo
3017 4363 3261 4445 passim
3315 4373 3664 4428 occurrunt
3713 4363 4027 4430 lectiones
4072 4366 4419 4443 variantes,

400 4494 520 4539 eas
562 4473 819 4539 nullam
863 4475 986 4539 sibi
1028 4473 1225 4540 fidem
1272 4473 1602 4543 vindicare
1645 4495 1852 4558 posse.
1919 4473 2152 4558 Itaque
2188 4496 2346 4540 sane
2388 4474 2734 4540 miraberis
2775 4495 3015 4538 nomen
3057 4474 3752 4560 Psychopannyc‘hiae,
3797 4482 3995 4559 atque
4029 4476 4210 4555 adeo,
4255 4497 4421 4559 quae

394 4583 569 4650 illud
606 4587 676 4649 in
724 4585 913 4650 titulo
962 4588 1274 4669 sequitur,
1322 4586 1794 4670 expositionem
1842 4587 2216 4671 argumenti
2257 4588 2328 4652 in
2371 4587 2769 4653 recentiores
2807 4585 3126 4653 editiones
3181 4585 3549 4666 transiisse,
3612 4587 3743 4652 nisi
3793 4588 4069 4655 fortasse
4120 4590 4193 4653 in
4245 4587 4417 4653 basi-

390 4698 609 4764 leensi
654 4696 938 4762 editione
985 4698 1116 4763 iam
1163 4699 1490 4764 exstiterit
1544 4697 1707 4763 haec
1762 4698 2126 4780 inscriptio,
2189 4720 2227 4763 a
2270 4698 2548 4766 Calvino
2604 4719 2777 4763 anno
2829 4700 2988 4761 1542
3045 4706 3314 4762 mutata.
3406 4696 3743 4783 Quidquid
3797 4700 3915 4781 sit,
3973 4709 4244 4765 externa
4298 4722 4420 4767 sua

388 4810 613 4874 forma
657 4809 822 4875 haec
867 4810 1283 4892 praecedenti
1326 4809 1678 4887 simillima,
1726 4809 1818 4873 ita
1859 4818 1937 4874 ut
1977 4810 2201 4893 paucis
2244 4832 2385 4875 rem
2428 4809 2738 4893 expedire
2780 4809 3119 4891 possimus.
3203 4807 3694 4890 'Quaternio'nes
3751 4821 3908 4877 sunt
3949 4819 4091 4877 octo
4135 4813 4419 4898 (A—H)

391 4941 681 5003 quorum
725 4922 977 5006 primus
1022 4923 1475 5004 praefationes,
1523 4922 1767 4988 caeteri
1808 4929 2067 4986 textum
2114 4924 2491 5002 continent,
2550 4923 2735 4989 cuius
2792 4928 2947 4986 sunt
3001 4920 3157 4986 folia
3208 4931 3559 4987 numerata
3603 4929 3712 5004 543
3766 4931 4107 5006 praeterea
4162 4922 4289 4989 duo
4342 4925 4418 4990 in

392 5032 582 5098 albis.
670 5032 859 5097 Fono
920 5037 999 5096 54
1057 5054 1250 5124 verso
1305 5032 1574 5116 1eg1tur:
1635 5013 2137 5134 Argentorate·
2183 5046 2337 5138 per
2407 5017 2952 5114 Vuendelinum
3022 5014 3400 5113 Rihelium
3458 5015 3732 5113 Mense
3789 5017 4089 5113 Martio.
4152 5034 4415 5102 ANNo

394 5148 586 5208 1545.
626 5226 636 5234 ·
683 5142 1038 5227 Sequentis
1084 5152 1364 5227 utraque
1406 5147 1649 5229 pagina
1691 5169 1929 5229 vacua,
1985 5149 2295 5215 ultimum
2348 5156 2537 5212 ornat
2579 5144 2903 5210 emblema
2938 5144 3018 5210 de
3063 5167 3193 5230 quo
3237 5147 3415 5214 valet
3469 5145 3642 5230 quod
3695 5147 3827 5211 iam
3884 5167 4083 5230 supra
4138 5161 4414 5213 annota-

392 5254 639 5322 vimus.
733 5257 902 5340 Typi
948 5264 1167 5324 textus
1209 5256 1409 5322 iidem
1455 5278 1531 5321 ac
1572 5256 1643 5321 in
1685 5261 1901 5342 priore
1948 5262 2234 5327 editione
2278 5280 2511 5326 verum
2555 5257 2782 5322 literae
2828 5259 3187 5324 sectionum
3232 5258 3517 5324 initiales
3572 5280 3707 5324 non
3757 5259 4064 5339 maiores,
4119 5259 4233 5325 sed
4285 5260 4413 5324 mi-
