5100 6061
363 420 439 481 17
1588 451 1592 456 -
1928 421 2218 488 LIBER
2259 422 2317 490 1.
2402 423 2707 492 CAPUT
2751 425 2804 490 Ι.
2840 412 2846 427 “
4298 436 4377 498 18

359 608 639 677 Ovidius
684 610 791 675 lib.
830 610 921 676 II.
959 633 1128 678 nove
1164 618 1231 676 et
1267 611 1603 679 licentiose
1637 611 1915 697 gloriam
1949 610 2314 678 discordem

359 717 480 780 pro
517 696 798 763 discreta
841 704 910 763 et
952 707 1255 781 separata
1294 698 1607 782 posuerit:

599 802 674 922 g}
705 802 1107 880 measeposita
1142 809 1229 855 est
1263 809 1320 855 et
1355 801 1423 855 ab
1462 802 1603 855 omni
1638 800 1804 855 milite
1842 801 2049 857 discors

674 885 807 923 oria.

532 952 964 1041 Impotentem]
1056 954 1313 1021 Nonius
1403 955 1757 1021 Marcellus
1846 956 2316 1039 interpretatur

363 1040 550 1107 valde
604 1047 955 1123 potentem.
1058 1041 1315 1106 Verum
1371 1041 1495 1107 hoc
1548 1063 1789 1107 nomen
1849 1041 2049 1125 habet
2109 1042 2313 1106 maio-

357 1148 497 1192 rem
554 1127 907 1211 energiam.
960 1176 963 1179 -
1011 1127 1161 1192 Non
1206 1129 1384 1193 enim
1440 1134 1700 1191 tantum
1755 1127 2082 1212 significat
2124 1126 2315 1192 valde

356 1222 694 1296 potentem
736 1211 1041 1279 Ciceroni
1084 1235 1288 1297 quum
1335 1213 1518 1279 dicit:
1578 1213 1691 1277 Nil
1719 1216 1767 1297 ¹)
1814 1224 2039 1296 agant,
2087 1213 2181 1277 nil
2230 1214 2315 1278 ti-

358 1306 602 1377 meant,
638 1298 734 1362 nil
768 1300 1250 1382 concupiscant,
1290 1298 1472 1364 nulla
1503 1299 1892 1381 impotentia
1929 1299 2285 1364 efferantur
2295 1323 2312 1379 ;

359 1385 474 1450 sed
525 1383 1002 1468 praefidentem
1042 1384 1369 1469 quandam
1421 1383 1778 1451 audaciam.
1870 1384 2099 1451 Cicero
2140 1386 2313 1450 Tus-

357 1471 482 1538 cul.
520 1470 675 1535 IV.:
734 1470 1166 1536 Inflammant
1220 1470 1617 1554 appetitione
1654 1471 1874 1548 nimia,
1928 1492 2125 1555 quam
2170 1479 2312 1535 tum

358 1557 817 1640 cupiditatem,
878 1564 1020 1621 tum
1078 1555 1417 1622 libidinem
1473 1556 1779 1635 dicimus,
1849 1558 2312 1640 impotentiam

358 1643 693 1726 quandam
737 1643 941 1707 animi
985 1665 1025 1707 a
1082 1644 1517 1725 temperantia
1564 1651 1629 1708 et
1672 1643 2122 1709 moderatione
2165 1643 2311 1726 plu-

357 1730 603 1795 rimum
659 1727 1100 1793 dissidentem.
1186 1728 1429 1794 Graeci
1474 1726 1790 1815 ἀκράτειαν
1838 1736 2086 1797 vocant.
2167 1728 2311 1793 Ho-

357 1815 562 1882 ratius
610 1813 1001 1880 Oarminum
1044 1815 1133 1879 I.:

1214 1916 1542 1985 Quidlibet2)
1580 1918 1846 1985 impotens

909 1948 1139 2052 Sperare
1176 1985 1500 2054 fortunaque
1539 1986 1681 2040 dulci

909 2054 1091 2108 Ebria.

529 2157 612 2220 In
668 2177 851 2222 suam
880 2158 1256 2237 *perniciem
1311 2156 1796 2244 exsultaturam]
1870 2158 1998 2222 Vel
2056 2159 2311 2225 saevire

358 2243 712 2328 significat,
760 2243 1309 2325 quemadmodum
1353 2244 1516 2309 illud
1560 2243 1892 2310 Ciceronis
1938 2244 2044 2309 lib.
2091 2244 2180 2309 II.
2229 2245 2311 2310 de

356 2329 745 2412 Republica:
805 2328 991 2409 Quae
1037 2332 1356 2414 sanguine
1401 2331 1625 2408 alitur,
1681 2352 1972 2414 quaeque
2016 2330 2088 2394 in
2132 2332 2310 2396 omni

360 2412 745 2480 crudelitate
801 2417 894 2481 sic
954 2416 1268 2495 exsultat,
1343 2423 1417 2481 ut
1475 2417 1587 2482 vix
1649 2417 1989 2481 hominum
2062 2418 2310 2483 acerbis

359 2500 695 2566 funeribus
761 2503 1052 2566 satietur.
1142 2501 1271 2568 Vel
1336 2523 1538 2585 supra
1601 2501 1870 2566 modum
1926 2501 2187 2568 exsilire
2246 2512 2312 2568 et

360 2588 595 2653 efferri.
668 2586 896 2652 Cicero
943 2586 1023 2651 de
1062 2589 1259 2670 Rep.:
1307 2588 1432 2652 Est
1474 2589 1677 2672 igitur
1720 2587 2046 2670 quoddam
2081 2588 2309 2654 turbu-

357 2672 611 2738 lentum
676 2674 747 2737 in
811 2673 1186 2739 hominibus
1253 2673 1559 2757 singulis,
1628 2674 1800 2757 quod
1858 2674 1964 2740 vel
2020 2675 2310 2740 exsultat

357 2758 720 2842 voluptate,
773 2758 882 2824 vel
925 2761 1228 2825 molestia
1268 2760 1611 2843 frangitur.
1699 2759 2061 2844 Utriusque
2107 2761 2308 2845 signi-

357 2846 678 2911 ficationis
716 2853 906 2910 autor
940 2845 1195 2911 Nonius
1230 2845 1616 2911 Marcellus:
1665 2846 1779 2910 sed
1817 2847 2132 2929 posterior
2168 2869 2307 2912 ma-

356 2932 455 3016 gis
500 2932 831 3019 convenit:
879 2932 1032 3014 quia
1075 2931 1320 2997 scilicet
1363 2931 1542 3014 plebs
1584 2933 1907 3015 imperita,
1948 2953 2113 3015 quae
2158 2933 2307 2998 nul·

355 3019 492 3083 lum
539 3017 740 3083 habet
780 3017 1048 3083 modum
1092 3017 1426 3096 libertatis,
1474 3019 1695 3083 statim
1740 3020 1941 3084 vertit
1994 3019 2063 3083 in
2106 3019 2306 3086 licen-

358 3106 543 3169 tiam:
602 3103 796 3186 idque
850 3104 919 3168 in
982 3126 1168 3169 suam
1224 3106 1608 3187 perniciem:
1663 3114 1739 3169 ut
1795 3104 2035 3188 vulgus
2094 3128 2306 3171 roma-

358 3213 517 3255 num
588 3191 847 3273 saepius
911 3191 1240 3256 intestinis
1308 3190 1646 3256 discordiis
1696 3192 2048 3275 imperium
2114 3213 2306 3257 suum

356 3297 563 3359 paene
608 3275 1045 3342 labefactavit:
1093 3284 1283 3358 atque
1330 3278 1524 3342 etiam
1571 3278 1644 3341 in
1688 3279 1960 3342 exitium
2000 3278 2305 3356 alienum,

359 3364 511 3446 quia
567 3362 683 3428 vix
736 3370 838 3427 est
898 3369 973 3426 ut
1032 3362 1321 3428 cohiberi
1383 3364 1588 3446 possit
1641 3364 1877 3429 insana
1932 3363 2304 3442 multitude,

357 3449 466 3513 ubi
523 3448 722 3514 semel
782 3447 863 3512 ad
919 3470 1102 3513 arma
1154 3458 1433 3513 ventum
1490 3458 1603 3514 est.
1694 3449 1928 3515 Livius
1984 3449 2093 3514 lib.
2150 3450 2302 3514 IV.:

353 3534 538 3600 Haec
585 3541 822 3598 natura
863 3534 1306 3599 multitudinis
1351 3543 1480 3613 est,
1544 3543 1658 3599 aut
1703 3536 1906 3602 servit
1949 3535 2303 3615 humiliter,

355 3630 468 3687 aut
512 3620 790 3703 superbe
838 3621 1238 3685 dominatur:
1284 3620 1672 3698 libertatem,
1718 3642 1884 3703 quae
1927 3620 2142 3686 media
2185 3628 2302 3701 est,

355 3726 475 3772 nec
534 3713 845 3788 spernere
899 3706 1178 3784 modice,
1233 3727 1352 3770 nec
1409 3707 1651 3771 habere
1709 3708 1938 3772 sciunt.
2032 3705 2303 3772 Curtius

355 3792 462 3857 lib.
510 3793 630 3857 X.:
688 3791 969 3856 Nullum
1025 3792 1421 3875 profundum
1473 3813 1683 3871 mare,
1740 3793 1995 3857 nullum
2041 3802 2304 3858 vastum

354 3879 595 3944 fretum
652 3885 718 3942 ct
781 3877 1213 3961 procellosum
1256 3886 1474 3943 tantos
1531 3879 1656 3944 ciet
1700 3880 1967 3955 fluctus,
2025 3887 2303 3962 quantos

356 3964 706 4028 multitudo
749 3971 967 4029 motus
1012 3964 1226 4042 habet,
1272 3965 1499 4046 utique
1544 3965 1599 4029 si
1642 3987 1811 4029 nova
1856 3976 1919 4029 et
1953 3965 2137 4031 brevi
2182 3964 2304 4029 du-'

358 4058 581 4115 ratura
604 4049 904 4115 libertate
930 4049 1237 4114 luxuriat.
1289 4051 1524 4116 Livius
1547 4050 1655 4115 lib.
1684 4051 2043 4117 XXXIV:
2094 4049 2304 4131 Quin-

357 4137 486 4218 tius
529 4136 815 4201 Achaeis
858 4135 1107 4215 suadet,
1152 4136 1453 4201 libertate
1499 4137 1745 4202 modice
1789 4144 2089 4201 utantur:
2139 4146 2303 4201 tem-

353 4231 652 4305 peratam
712 4241 857 4286 eam
875 4273 889 4300 ‚
950 4221 1278 4286 salubrem
1336 4222 1429 4287 eis
1475 4230 1541 4286 et
1596 4222 1873 4308 singulis
1929 4222 2303 4289 civitatibus

358 4319 529 4387 csse:
586 4307 891 4385 nimiam,
954 4315 1022 4372 et
1066 4308 1209 4372 aliis
1256 4330 1553 4392 gravem,
1612 4316 1677 4373 et
1719 4310 1798 4374 iis
1842 4310 1953 4393 qui
1998 4308 2300 4388 habeant,

358 4394 775 4477 praecipitem
819 4403 885 4458 et
918 4394 1302 4458 effrenatam
1347 4416 1503 4460 esse.

527 4479 666 4563 Eyo
718 4500 795 4545 ex
836 4478 1149 4566 omnibus]
1210 4480 1715 4563 Prosopopoeia,
1772 4502 1901 4564 qua
1944 4502 2164 4546 secum
2206 4482 2302 4546 lo-

357 4568 464 4649 qui
507 4568 867 4648 imperator
910 4566 1198 4648 fingitur,
1247 4574 1312 4630 et
1346 4568 1529 4648 quasi
1574 4567 1645 4631 in
1681 4567 2140 4650 cogitationem
2183 4569 2296 4634 ire.

356 4652 482 4717 Hic
539 4661 642 4717 est
686 4651 1117 4717 conscientiae
1160 4652 1440 4730 fructus,
1496 4673 1694 4735 quem
1737 4653 1836 4716 illi
1882 4659 2028 4733 [pag.
2067 4658 2131 4733 6]
2181 4654 2301 4720 Se-

356 4760 517 4804 neca
568 4737 995 4821 promittebat
1049 4737 1107 4801 si
1148 4738 1217 4801 in
1264 4759 1333 4803 se
1389 4736 1839 4820 descenderet,
1899 4749 1964 4806 et
2014 4748 2302 4805 mentem

356 4822 519 4889 bene
575 4824 1001 4906 compositam
1056 4825 1424 4907 respiceret.
1516 4826 1607 4889 Et
1662 4826 1823 4893 haec
1866 4827 2012 4909 plus
2059 4826 2304 4891 habent

356 4912 605 4994 gratiae
647 4931 765 4993 per
810 4910 1137 4975 fictionem
1179 4931 1513 4994 personae,
1559 4933 1757 4995 quam
1800 4912 1856 4977 si
1900 4933 1981 4976 cx
2025 4933 2305 4994 persona

359 4997 602 5063 autoris
634 4996 1157 5078 conciperentur:
1205 5004 1283 5061 ut
1325 4996 1511 5063 docet
1545 4998 1991 5078 Quintilianus
2026 4998 2134 5064 lib.
2174 4998 2297 5064 IX.

360 5289 550 5410 libet'l)
589 5287 737 5343 Edd.
759 5289 1081 5343 recentiores
1116 5304 1324 5343 omncs:
1362 5306 1485 5343 non.

563 5441 786 5497 Caluini
814 5458 996 5511 opera.
1077 5444 1189 5524 Vol.
1237 5444 1294 5498 V.

1642 5287 1701 5353 2)
1745 5289 1854 5345 Ed.
1881 5291 2086 5347 ΛΜΗ·
2122 5308 2302 5361 quam-

2417 611 2666 677 Valent
2709 615 2884 679 enim
2928 614 3012 679 ad
3055 615 3367 681 lectorem
3411 618 3851 698 excitandum,
3899 621 3979 685 ad
4017 623 4372 689 movendos

2416 697 2718 777 affectus,
2801 699 2886 764 ad
2951 703 3313 769 orationem
3379 704 3782 770 variandam.
3896 705 4182 787 Quidam
4246 709 4368 775 hoc

2416 783 2685 849 schema
2737 807 2870 850 non
2925 789 3459 871 prosopopoeiam
3514 803 3783 871 vocant,
3840 792 3953 857 sed
4015 792 4369 870 ἠθοποιΐαν.

2417 868 2589 951 quod
2633 869 2749 935 illa
2790 892 3099 953 personas
3141 876 3354 958 fingat
3395 896 3562 959 quae
3604 898 3934 961 nusquam
3979 888 4158 957 sunt,
4207 881 4367 947 haec

2418 956 2614 1019 certis
2660 957 2956 1038 personis
2999 960 3198 1025 verba
3252 961 3713 1039 accommodat.
3808 963 3977 1029 Vide
4023 987 4367 1031 romanum

2417 1040 2748 1123 Aquilam.
2816 1042 3001 1107 Haec
3036 1054 3256 1110 autem
3290 1048 3496 1112 oratio
3533 1068 3616 1112 ex
3653 1050 3958 1135 opinione
3995 1049 4366 1117 Stoicorum

2420 1126 2689 1209 pendet,
2748 1129 2860 1209 qui
2914 1126 3039 1194 diis
3093 1152 3316 1196 rerum
3362 1132 3798 1199 humanarum
3844 1140 4365 1218 procurationem

2418 1212 2752 1292 tribuunt,
2814 1214 3300 1296 providentiam
3341 1228 3673 1297 asserunt,
3719 1222 3887 1284 nihil
3930 1223 4225 1288 fortunae
4268 1232 4365 1289 te-

2417 1300 2706 1363 meritati
2752 1299 3147 1383 relinquunt.
3232 1303 3540 1386 Epicurei
3585 1308 3845 1370 tametsi
3891 1307 4043 1373 deos
4084 1332 4213 1375 non
4249 1333 4364 1375 ne-

2418 1393 2596 1467 gant,
2632 1393 2719 1463 at,
2754 1385 2927 1468 quod
2959 1387 3332 1468 proximum
3364 1399 3481 1468 est,
3518 1391 3915 1474 voluptarios
3951 1396 4168 1461 nescio
4202 1416 4364 1478 quos

2417 1470 2761 1548 somniant,
2809 1472 3080 1550 otiosos,
3126 1474 3427 1539 mortalia
3479 1496 3610 1541 non
3671 1485 3976 1544 curantes
3997 1531 4010 1558 ‚
4070 1501 4152 1545 ne
4207 1482 4363 1565 quid

2418 1556 2866 1639 voluptatibus
2922 1558 3059 1623 suis
3116 1558 3413 1638 decedat,
3471 1582 3800 1644 pronoean
3847 1562 4219 1631 Stoicorum
4275 1569 4364 1633 ri-

2418 1640 2603 1719 dent,
2665 1644 2850 1724 quasi
2904 1664 3104 1708 anum
3153 1644 3501 1710 fatidicam.
3599 1647 3840 1714 Omnia
3895 1652 4160 1716 fortuito
4205 1675 4362 1718 casu

2418 1727 2799 1810 contingere
2853 1738 3099 1812 putant.
3206 1730 3342 1812 Qui
3395 1754 3574 1797 vero.
3602 1754 3673 1798 se
3729 1734 4000 1799 deorum
4045 1737 4364 1803 vicarium

2316 1850 2323 1867 a
2416 1814 2780 1895 profitetur,
2828 1814 2883 1880 is
2926 1817 3242 1881 nimirum
3286 1818 3529 1883 fatetur
3578 1817 3730 1884 deos
3789 1820 4094 1887 humanis
4138 1845 4363 1888 neces-

2415 1897 2720 1965 sitatibus
2793 1900 3153 1984 providere.
3268 1903 3710 1983 Quamobrem
3788 1915 3959 1971 recte
4033 1909 4362 1975 Homerus

2413 1987 2711 2066 βασιλῆας
2783 1985 3109 2070 διοτρεφεῖς
3167 1989 3477 2072 appellat,
3553 1992 3675 2055 hoc
3724 2000 3823 2056 est
3873 2014 4059 2076 reges
4115 2017 4153 2059 a
4205 1995 4361 2062 Iove

2416 2072 2734 2150 nutritos,
2796 2082 2862 2137 et
2904 2073 3146 2139 Iliados
3190 2074 3315 2139 IX.
3364 2076 3930 2159 Agamemnonem
3977 2099 4015 2142 a
4063 2079 4214 2144 [ove
4260 2103 4361 2146 re-

2416 2177 2566 2239 gem
2610 2160 3040 2223 constitutum
3086 2160 3325 2226 scribit.
3406 2162 3547 2228 Nec
3590 2163 3810 2228 minus
3856 2164 4190 2248 eleganter
4225 2167 4364 2232 Pli-

2416 2243 2567 2308 nius
2633 2243 2706 2307 in
2772 2245 3212 2329 Panegyrico:
3293 2247 3481 2311 Talia
3545 2269 3688 2312 esse
3745 2250 4132 2315 crediderim
4197 2273 4360 2334 quae

2415 2328 2556 2410 ipse
2610 2330 2841 2395 mundi
2894 2352 3133 2415 parens
3186 2340 3512 2415 temperat
3563 2342 3763 2411 nutu,
3812 2337 3865 2400 si
3911 2337 4169 2418 quando
4212 2358 4362 2402 ocu-

2416 2414 2510 2480 los
2557 2414 2818 2480 demisit
2874 2418 2943 2480 in
2987 2425 3224 2491 terras,
3287 2425 3355 2483 et
3415 2421 3581 2485 facta
3626 2421 4004 2486 mortalium
4049 2424 4224 2488 inter
4267 2424 4365 2487 di-

2416 2499 2573 2564 vina
2631 2522 2826 2583 opera
2895 2525 3240 2568 numerare
3305 2504 3616 2588 dignatus
3682 2518 3806 2587 est:
3887 2509 4120 2589 quibus
4186 2531 4362 2576 nunc

2413 2606 2530 2667 per
2585 2594 2650 2650 te
2704 2587 2868 2652 liber
2926 2588 3331 2673 solutusque,
3393 2591 3571 2656 coelo
3615 2600 3874 2656 tantum
3921 2604 4137 2673 vacat,
4186 2604 4363 2678 post-

2414 2692 2609 2753 quam
2654 2682 2720 2737 te
2766 2672 2960 2754 dedit,
3006 2675 3115 2757 qui
3161 2696 3320 2759 erga
3362 2698 3552 2742 omne
3599 2679 3943 2743 hominum
3977 2701 4185 2763 genus
4223 2682 4362 2747 vice

2413 2777 2532 2822 sua
2575 2760 2940 2842 fungereris
2984 2770 3102 2827 etc.
3193 2762 3422 2844 Itaque
3468 2783 3622 2827 vere
3667 2766 3811 2846 quis
3857 2764 4114 2843 dixerit,
4154 2775 4227 2831 ut
4267 2768 4361 2831 ait

2413 2843 2813 2909 Plutarchus
2869 2844 2948 2910 de
3005 2846 3302 2912 doctrina
3345 2848 3744 2932 principum,
3799 2852 4127 2934 principes
4168 2853 4361 2917 mini-

2415 2937 2585 2995 stros
2631 2951 2772 2995 esse
2818 2929 2950 3011 dei,
3010 2932 3094 2997 ad
3138 2932 3417 2998 salutem
3458 2944 3524 2998 et
3566 2957 3791 3001 curam
3836 2936 4205 3001 hominum:
4263 2938 4361 3002 uti

2411 3015 2582 3082 bona
2638 3039 2802 3100 quae
2860 3017 3017 3083 deus
3069 3018 3202 3084 illis
3266 3019 3573 3104 largitur,
3645 3023 3886 3105 partim
3945 3021 4356 3101 distribuant,

2409 3103 2656 3185 partim
2699 3113 2977 3170 servent.
3068 3104 3193 3171 Oui
3234 3108 3557 3172 consentit
3599 3129 3984 3192 responsum
4020 3109 4182 3173 illud
4219 3110 4360 3174 Nu-

2414 3210 2557 3254 mae
2624 3190 2966 3273 Pompilii,
3027 3213 3304 3275 regnum
3360 3214 3501 3258 esse
3560 3193 3830 3259 deorum
3899 3195 4357 3260 ministerium.

2412 3276 2503 3339 Et
2547 3274 2725 3340 aliud
2782 3278 2940 3341 item
2985 3277 3308 3343 Artabani
3353 3278 3528 3363 apud
3578 3280 3857 3345 eundem
3901 3281 4357 3358 Plutarchum,

2414 3383 2631 3444 reges,
2690 3362 3040 3429 simulacra
3083 3363 3187 3429 dei
3231 3367 3451 3430 omnia
3505 3369 3845 3432 servantis.
3937 3366 4089 3431 Non
4135 3367 4249 3432 abs
4289 3390 4360 3432 re

2411 3448 2617 3531 igitur
2659 3448 2852 3513 Plato
2908 3450 2976 3513 in
3023 3449 3273 3534 Gorgia
3329 3452 3483 3518 facit
3536 3452 3731 3517 deum
3774 3452 4099 3536 quendam
4154 3455 4360 3537 impe-

2410 3540 2695 3598 ratorem
2735 3536 2992 3617 generis
3037 3536 3331 3616 humani,
3382 3539 3826 3623 assignantem
3871 3561 4062 3604 suum
4107 3540 4359 3606 unicui-

2410 3641 2532 3701 que
2587 3619 2658 3683 in
2713 3621 2990 3685 statione
3051 3621 3175 3687 hac
3220 3629 3287 3687 et
3339 3624 3573 3689 militia
3623 3625 3854 3691 locum.
3946 3623 4168 3706 Quam
4211 3648 4360 3693 sen-

2409 3706 2688 3770 tentiam
2730 3705 2998 3772 Persius
3043 3729 3125 3772 ex
3168 3708 3445 3774 Platone
3489 3712 3855 3776 transtulit:

3163 3810 3334 3878 Quem
3370 3820 3424 3868 te
3463 3814 3596 3869 deus
3634 3831 3755 3870 esse

2648 3877 2828 3946 Iussit,
2866 3886 2920 3932 et
2954 3879 3190 3933 humana
3225 3898 3331 3948 qua
3370 3890 3523 3950 parte
3563 3883 3772 3938 locatus
3812 3899 3869 3936 es
3907 3883 3959 3934 in
3995 3898 4072 3934 re.

2407 3966 2534 4030 Est
2578 3964 2774 4029 etiam
2817 3964 2934 4029 illa
2977 3966 3294 4032 confessio
3339 3966 3674 4051 religionis
3715 3976 3998 4046 nostrae,
4047 3989 4180 4032 non
4217 3989 4360 4034 esse

2407 4057 2800 4134 potestatem
2859 4051 2989 4116 nisi
3034 4074 3072 4116 a
3117 4051 3292 4130 Dee,
3353 4061 3418 4117 et
3462 4074 3629 4137 quae
3674 4064 3857 4132 sunt,
3907 4075 3946 4117 a
3992 4054 4138 4118 Deo
4184 4053 4359 4118 ordi-

2409 4146 2596 4202 natas
2641 4147 2800 4215 esse,
2847 4136 2930 4201 ad
2975 4138 3164 4203 Rom.
3212 4138 3408 4203 XIII.

2595 4223 2776 4287 Vitae
2817 4224 3102 4304 necisque
3145 4223 3406 4311 arbiter]
3454 4226 3586 4291 Pro
3628 4224 3871 4289 eodem.
3942 4224 4214 4304 Curtius
4247 4225 4355 4290 lib.

2407 4310 2560 4373 IV.:
2608 4307 2832 4388 Quum
2878 4311 2949 4374 in
3004 4311 3208 4395 regali
3261 4311 3420 4376 solio
3479 4309 3788 4376 residebis
3835 4312 4008 4376 vitae
4053 4312 4359 4395 necisque

2407 4395 2701 4474 omnium
2732 4396 2971 4461 civium
3001 4397 3320 4476 dominus,
3359 4417 3517 4463 cave
3553 4397 3955 4463 obliviscaris
3993 4397 4189 4462 huius
4227 4404 4358 4463 sta-

2407 4490 2533 4560 tue,
2575 4482 2647 4544 in
2691 4502 2816 4564 quo
2860 4484 3097 4566 accipis
3133 4505 3427 4568 regnum.
3519 4485 3610 4547 Et
3653 4481 3908 4549 Seneca
3942 4485 4014 4548 in
4049 4484 4356 4569 Thyeste,
4467 4527 4476 4542 .

2776 4585 2890 4639 Vos
2927 4587 3118 4654 quibus
3154 4593 3336 4640 rector
3370 4587 3534 4640 maris
3571 4593 3731 4655 atque
3769 4593 3947 4641 terrae

2771 4652 2861 4707 Ius
2898 4654 3045 4708 dedit
3079 4671 3327 4722 magnum
3361 4656 3509 4708 necis
3546 4663 3706 4723 atque
3745 4657 3903 4710 vitae.

2408 4745 2556 4820 [pag.
2598 4744 2662 4819 7]
2710 4739 2905 4819 Quod
2949 4741 3126 4804 enim
3173 4740 3342 4805 alter
3386 4740 3768 4820 dominium,
3817 4742 3984 4806 alter
4026 4743 4127 4806 ius
4170 4762 4356 4824 mag-

2407 4847 2588 4905 num,
2637 4823 2890 4890 Seneca
2932 4825 3040 4891 hic
3088 4825 3429 4891 arbitrium
3476 4836 3680 4905 vocat,
3726 4828 3792 4890 id
3839 4835 3940 4892 est
3983 4828 4244 4910 plenam
4291 4835 4357 4891 et

2406 4912 2681 4977 liberam
2724 4918 3111 4993 potestatem
3154 4913 3296 4977 sine
3340 4915 3828 4996 provocatione:
3874 4921 3948 4978 ut
3986 4914 4187 4977 etiam
4215 4923 4355 4978 tra-

2409 4997 2510 5063 dit
2554 4997 2908 5079 Pompeius
2951 4998 3209 5064 Festus.

2582 5083 2664 5147 In
2707 5103 2900 5147 manu
2955 5105 3094 5149 mea
3135 5087 3416 5167 positum
3459 5092 3548 5150 est
3637 5085 3757 5152 Sic
3798 5084 4060 5151 Coelius
4115 5085 4198 5150 ad
4240 5085 4353 5152 Oi-

2408 5191 2712 5238 ceronem
2769 5169 2935 5235 libro
2979 5171 3172 5235 VIII.
3219 5173 3460 5255 Epist:
3587 5193 3737 5236 uam
3784 5170 3949 5238 velis
3994 5192 4146 5236 eum
4188 5172 4353 5240 obli-

2408 5278 2590 5346 gare,
2649 5257 2718 5320 in
2782 5277 2982 5322 manu
3036 5263 3153 5323 tua
3205 5265 3319 5323 est.
3430 5257 3609 5338 Quid
3663 5258 3717 5322 si
3818 5257 3990 5322 'ficet
4041 5258 4204 5325 haec
4256 5260 4352 5324 lo-

2406 5343 2661 5426 quutiO,
2715 5342 2988 5425 pulchre
3042 5343 3332 5410 declarat
3383 5342 3609 5409 Cicero
3654 5342 3714 5409 O
3791 5366 3842 5410 c.
3887 5344 3939 5408 I.
3999 5347 4185 5427 quasi
4233 5367 4352 5429 per
