5100 6061
374 424 500 486 469

1624 539 1642 568 Ι

370 610 452 675 tis
483 630 673 693 posse
715 610 998 674 omnibus
1045 607 1550 675 Christianorum
1595 610 1752 675 votis
1801 615 1857 673 et
1900 609 2143 674 mribus'
2014 610 2028 623 ”
2172 629 2327 690 pro-

360 696 621 780 pulsari
665 702 723 760 et
764 696 1110 777 comprimi.
2001 737 2004 740 π

545 816 741 897 Quod
798 811 1141 883 christiani
1205 816 1487 881 nominis
1544 825 1901 898 perpetuus
1957 816 2169 881 hostis
2227 824 2328 880 est

372 904 618 982 Turca,
676 900 834 985 quid
892 901 1016 967 hoc
1069 900 1151 966 ad
1198 923 1544 967 romanum
1598 901 2020 985 pontificem?
2081 902 2209 966 nisi
2251 908 2329 966 ut

371 990 618 1056 socium
663 988 787 1053 sibi
832 987 1151 1054 adsciscat
1192 987 1275 1051 ad
1328 986 1841 1072 oppugnandum
1887 988 2139 1054 Christi
2179 1009 2329 1071 reg-

373 1097 569 1153 num,
630 1073 803 1157 quod
857 1075 1027 1139 ferro
1088 1082 1155 1138 et
1197 1075 1338 1156 igni
1381 1095 1577 1157 quam
1620 1081 1836 1156 potest
1879 1073 2329 1140 crudelissime

277 1228 281 1230 Δ
370 1162 804 1245 persequitur.
923 1159 1058 1226 Sed
1128 1160 1281 1225 alibi
1339 1161 1527 1225 ulcus
1597 1181 1749 1224 eum
1807 1160 2092 1239 mordet,
2147 1159 2330 1225 videt

372 1248 549 1314 enim
592 1246 969 1331 tyrannidis
1023 1266 1182 1311 suae
1228 1245 1559 1311 aemulum
1600 1246 1945 1311 imminere
1962 1298 1977 1325 ,
2027 1248 2150 1329 qui
2194 1267 2329 1311 non

367 1353 685 1416 passurus
731 1333 818 1396 sit
860 1352 1162 1404 romanas
1219 1332 1524 1397 libidines
1559 1334 1652 1397 ita
1697 1332 2034 1397 licentiose
2078 1333 2325 1416 vagari,

370 1418 486 1484 sed
542 1420 615 1482 in
670 1441 743 1483 eo
793 1427 1014 1483 tamen
1068 1417 1514 1501 propulsando
1575 1419 1780 1483 veteri
1839 1440 1958 1501 pro
2004 1425 2325 1501 stratage-

367 1515 547 1570 mate
614 1506 982 1587 usitataque
1045 1525 1350 1569 romanae
1410 1505 1630 1569 curiae
1693 1503 2042 1587 disciplina
2096 1505 2321 1582 utitur,

367 1599 446 1655 ut
487 1590 880 1655 christianos
924 1591 1257 1672 principes
1292 1591 1362 1654 in
1397 1591 1603 1655 aciem
1638 1590 1965 1668 extrudat,
2010 1590 2324 1673 oppositis

367 1677 670 1741 omnium
706 1678 1051 1741 nationum
1073 1683 1142 1740 et
1175 1675 1496 1759 capitibus
1517 1684 1583 1741 et
1617 1675 1868 1758 opibuS‚
1905 1674 2324 1762 tyrannidem

370 1784 564 1828 suam
611 1762 944 1841 defendat,
998 1763 1258 1846 quietus
1300 1763 1440 1844 ipse
1494 1761 1670 1826 domi
1715 1762 1991 1827 aliorum
2034 1761 2328 1844 pericula

367 1871 454 1913 ex
495 1857 636 1913 tuto
680 1848 1012 1931 despiciat,
1058 1871 1183 1932 quo
1228 1857 1456 1931 postea
1498 1850 1724 1913 attrita
1757 1849 2046 1931 ipsorum
2080 1848 2328 1912 virtute

366 1935 607 2000 melius
662 1957 738 2001 ac
791 1934 1046 2000 facilius
1092 1955 1318 1999 omnes
1362 1934 1487 1998 sibi
1533 1935 1809 2018 subigat.
1886 1933 2165 1999 Interim
2208 1953 2325 1997 no-

369 2020 521 2085 thos
567 2021 932 2103 nothasque
957 2041 1107 2085 suas
1141 2021 1224 2086 iis
1266 2020 1608 2103 praesidiis
1647 2027 1837 2084 ornet
1858 2041 1934 2085 ac
1973 2019 2326 2102 locupletet

367 2129 537 2189 quae
601 2105 673 2170 in
730 2107 1071 2172 christiani
1141 2107 1426 2170 nominis
1507 2106 1952 2171 defensionem
2008 2104 2323 2170 destinari

365 2202 760 2275 oportuerat.
852 2192 1030 2273 Quid
1090 2192 1265 2256 enim
1309 2191 1487 2256 aliud
1531 2191 1654 2257 sibi
1698 2191 1876 2271 vult,
1932 2191 2104 2274 quod
2148 2212 2324 2257 sere-

367 2279 643 2344 nissimo
719 2280 860 2363 regi
937 2277 1389 2355 Ferdinando,
1488 2298 1684 2360 quem
1756 2277 2037 2342 assiduis
2096 2284 2325 2342 contra

368 2366 654 2430 'furcam
691 2365 880 2430 bellis
916 2364 1185 2428 videbat
1210 2364 1598 2445 implicitum
1629 2385 1712 2428 ne
1749 2372 2024 2428 annatas
2059 2363 2323 2446 quidem

365 2453 433 2516 in
497 2452 890 2535 germanicis
948 2450 1236 2516 ecclesiis
1291 2449 1642 2515 concedere
1686 2471 1895 2532 nuper
1938 2449 2177 2526 voluit,
2237 2448 2321 2513 ad

366 2536 825 2619 depellendam
862 2559 897 2600 e
933 2536 1299 2600 Pannoniis
1333 2544 1399 2599 et
1438 2535 1683 2599 Elii-ico
1711 2555 1751 2597 a
1789 2534 2322 2600 Christianorum

364 2622 731 2689 cervicibus
767 2623 903 2687 vim
938 2622 1286 2687 turcicam:
1335 2643 1499 2704 quas
1535 2621 1691 2685 olim
1725 2643 1861 2685 non
1895 2621 2096 2685 semel
2134 2620 2321 2685 datas

362 2730 512 2775 esse
555 2716 809 2773 constat
850 2707 932 2773 ad
973 2709 1256 2772 Romam
1299 2708 1690 2791 Italiamque
1733 2706 2106 2772 iuvandam.

558 2879 996 2945 Verumtamen
1049 2900 1207 2959 quae
1263 2880 1347 2944 ad
1386 2884 1773 2964 praesentem
1817 2879 2142 2942 materiam
2191 2897 2327 2943 con-

362 2971 586 3032 ventus
626 2967 1114 3047 protestantium
1164 2970 1222 3030 et
1259 2965 1696 3032 catholicorum
1740 2969 2014 3045 spectant
2027 3014 2042 3044 ,
2097 2965 2163 3028 in
2205 2984 2325 3047 quo

361 3056 440 3119 de
462 3052 760 3136 reliyione
793 3059 848 3116 et
859 3074 1015 3134 pace
1057 3052 1440 3117 Germaniae
1473 3052 1867 3117 tractandum
1900 3057 2005 3131 est,
2029 3050 2176 3115 haec
2199 3073 2326 3132 pu-

364 3144 458 3205 tat
504 3140 1077 3205 animadvertenda.

541 3250 1032 3316 Catholicorum
1076 3259 1194 3316 etc.
1286 3247 1418 3330 Qui
1464 3250 1792 3316 communi
1836 3248 2162 3331 evangelii
2197 3247 2325 3312 fide

361 3345 431 3404 et
487 3359 622 3403 non
679 3336 937 3421 vulgari
992 3357 1143 3402 cum
1200 3356 1397 3401 carne
1460 3343 1528 3400 et
1583 3335 1831 3399 mundo
1899 3334 2325 3400 consensione

360 3424 672 3491 catholici
716 3433 896 3501 sunt,
954 3444 1063 3488 eos
1108 3430 1225 3488 aut
1267 3422 1484 3504 palam
1527 3422 1878 3504 protestari
1920 3441 2184 3485 necesse
2227 3427 2328 3484 est

362 3518 603 3577 contra
637 3516 738 3573 tot
774 3510 1120 3575 sceleratas
1146 3514 1410 3573 sanctae
1431 3514 1691 3572 nostrae
1725 3507 2060 3589 religionis
2099 3511 2217 3584 [fol.
2258 3511 2324 3584 6]

360 3597 888 3679 profanationes,
952 3604 1067 3658 aut
1102 3595 1158 3660 si
1205 3615 1339 3659 non
1380 3594 1538 3659 licet
1580 3593 1812 3658 saltem
1858 3613 2093 3657 arcano
2151 3589 2326 3673 apud

356 3684 588 3748 Deum
630 3683 879 3766 gemitu
925 3682 1235 3747 confiteri.
1334 3679 1509 3745 Nam
1549 3700 1708 3762 quos
1774 3678 1880 3744 1110
1927 3684 2113 3743 notat
2144 3677 2326 3760 prin-

359 3771 547 3851 cipes
594 3790 727 3832 non
779 3768 1077 3850 privatae
1138 3767 1412 3832 alicuius
1468 3773 1585 3831 aut
1642 3764 1951 3830 factiosae
1996 3762 2327 3829 doctrinae

358 3854 809 3919 defensionem
835 3859 1285 3934 susceperunt,
1332 3851 1446 3917 sed
1481 3872 1678 3934 quam
1714 3851 2017 3916 omnibus
2052 3849 2328 3915 saeculis

358 3941 585 4005 tenuit
630 3961 791 4005 vera
835 3938 1125 4017 00010010,
1172 3960 1319 4003 eam
1359 3939 1636 4021 professi
1679 3945 1837 4002 sunt
1878 3958 1950 4002 se
1993 3936 2164 4001 velle
2208 3956 2328 4001 suo

358 4025 663 4109 periculo
722 4044 1030 4090 asserere.
1133 4025 1315 4108 Ergo
1385 4024 1750 4107 quicunque
1807 4022 2119 4089 ecelesiae
2173 4043 2325 4087 con-

357 4112 618 4177 sultum
654 4112 897 4191 volent,
943 4111 1121 4177 hunc
1168 4112 1477 4176 affectum
1517 4109 1795 4174 induant
1836 4116 2109 4192 oportet,
2147 4115 2222 4172 ut
2255 4129 2326 4173 se

358 4199 886 4280 protestantibus
929 4199 1045 4280 qui
1089 4198 1196 4262 hic
1237 4195 1456 4262 odiose
1499 4197 1591 4262 sic
1635 4195 2059 4260 nominantur
2092 4193 2326 4259 adiun-

358 4290 551 4368 gant,
601 4292 719 4348 aut
752 4292 927 4349 certe
969 4304 1380 4349 communem
1423 4303 1575 4347 cum
1615 4281 1747 4347 illis
1790 4301 2055 4347 causam
2098 4302 2168 4345 00
2209 4280 2326 4345 ha·

360 4370 525 4435 bere
569 4369 859 4436 credant.

551 4538 862 4606 Gaesao-ea
918 4546 972 4605 et
1024 4542 1199 4623 reqia
1250 4539 1603 4605 maiestates
1643 4560 1768 4621 pro
1820 4558 1940 4603 sua
1983 4538 2328 4620 prudentia

293 4636 314 4642 ’
355 4628 589 4693 debent
641 4628 999 4692 meminisse
1059 4627 1135 4691 de
1186 4626 1482 4708 reliyione
1538 4628 1799 4708 saepius
1843 4625 2048 4706 fuisse
2100 4630 2326 4691 tracta-

361 4719 508 4778 tum
542 4732 683 4777 eum
713 4713 1229 4794 protestantibus,
1272 4713 1381 4776 sed
1409 4713 1790 4794 praesertim
1832 4709 2179 4794 Auyustae,
2220 4710 2329 4775 ubi

356 4818 566 4883 quum
619 4800 735 4864 diu
803 4799 1190 4879 disputatum
1242 4798 1497 4879 fuisset,
1553 4796 1986 4880 praesentibus
2047 4796 2332 4861 omnibus

359 4884 643 4951 statibus
674 4885 930 4967 imperii
944 4935 958 4963 ,
1011 4904 1085 4948 ac
1125 4884 1342 4948 multis
1385 4884 1547 4948 viris
1579 4884 1987 4963 doctissimis,
2032 4883 2197 4947 nihil
2239 4887 2330 4947 ta-

360 4989 518 5036 men
563 4976 821 5053 propter
874 4974 1176 5035 tortuosos
1236 4990 1514 5034 recessus
1569 4970 2081 5035 adversariorum
2120 4969 2332 5051 potuit

358 5057 674 5124 concludi.
749 5057 1026 5121 Tandem
1049 5061 1535 5138 praesentarunt
1571 5057 1704 5136 ipsi
1744 5076 2066 5121 caesareae
2108 5055 2332 5119 maies-

359 5145 494 5208 tati
537 5144 979 5227 confessionem
1022 5162 1207 5207 suam
1246 5146 1681 5224 auqustanam.
1761 5200 1776 5243 f

553 5255 684 5321 Hic
738 5276 1016 5339 agnosce
1072 5254 1389 5320 vicarium
1434 5252 1574 5317 eius
1626 5254 1736 5335 qui
1793 5254 1874 5319 ab
1917 5236 2104 5318 initii)
2145 5262 2332 5317 men-

1869 419 2394 487 CONSILIUM
2434 421 2730 487 PAULI
2773 422 2900 488 ΙΠ.

4268 438 4403 500 470

2429 611 2582 693 pius
2636 632 2711 676 00
2763 611 3154 694 praesertim
3207 611 3555 696 Augustae
3608 614 3809 681 fuisse
3867 615 3981 682 diu
4031 639 4182 684 cum
4236 642 4392 703 pro·

2431 698 2827 763 testantibus
2872 696 3297 780 disputatum,
3347 699 3507 782 quid
3543 721 3618 765 eo
3652 703 3895 769 vanius·
3923 704 4088 787 fingi
4131 707 4389 788 potest?

2433 779 2660 862 Quum
2695 784 2904 849 veteri
2930 782 3237 850 ecclesiae
3260 786 3733 852 consuetudine
3755 788 3952 854 fuerit
3973 788 4096 854 hoc
4133 811 4394 876 semper

2431 867 2870 948 observatum,
2895 877 2974 934 ut
2995 870 3051 935 si
3076 891 3205 953 qua
3227 869 3310 935 de
3332 870 3646 956 religione
3680 877 4124 941 controversia
4162 886 4392 944 exorta

2433 960 2632 1032 esset,
2688 964 2918 1036 sponte
2967 957 3272 1038 protinus
3327 958 3770 1041 susciperetur
3825 980 3866 1024 a
3918 963 4161 1027 sanctis
4217 964 4390 1046 epis-

2434 1039 2614 1121 copis
2671 1042 2985 1124 cognitio,
3054 1064 3396 1126 nunquam
3462 1045 3820 1128 impetrare
3874 1046 4065 1111 licuit
4140 1057 4394 1129 protes-

2432 1126 2746 1204 tantibus,
2781 1135 2860 1190 ut
2891 1128 3001 1193 vel
3034 1128 3457 1194 inchoaretur
3491 1150 3714 1195 secum
3750 1152 3908 1197 vera
3943 1133 4162 1217 aliqua
4200 1137 4389 1202 actio.

2432 1212 2778 1295 Augustae
2831 1234 2990 1278 sane
3044 1213 3210 1278 nihil
3266 1215 3375 1299 agi
3432 1222 3734 1298 coeptum
3788 1224 3919 1297 est,
3966 1220 4149 1302 prius
4236 1224 4395 1286 uam

2431 1298 2559 1380 ipsi
2606 1318 2794 1362 suam
2838 1299 3310 1366 confessionem
3344 1299 3612 1367 ansari
3652 1302 4124 1369 exhibuissent.
4310 1306 4395 1372 od

2432 1383 2654 1466 ipsum
2714 1406 2845 1449 non
2900 1384 3166 1449 tandem
3199 1387 3470 1453 factum
3514 1396 3640 1469 est,
3697 1389 4246 1473 quemadmodum
4282 1392 4392 1459 hic

2431 1470 2771 1549 mentitur,
2815 1469 2930 1535 sed
2965 1470 3175 1552 primo
3210 1473 3434 1536 statim
3471 1475 3658 1539 initio
3698 1476 4129 1556 comitiorum,
4175 1477 4394 1543 triduo

2433 1557 2614 1619 enim
2667 1557 3095 1639 compositam
3151 1557 3356 1622 fuisse
3426 1567 3698 1628 constat.
3800 1563 3894 1626 At
3947 1584 4104 1627 vero
4157 1563 4390 1629 multis

2430 1650 2581 1724 post
2638 1663 2783 1706 eam
2842 1642 3131 1707 oblatam
3186 1642 3412 1709 diebus
3454 1645 3628 1711 lecta
3673 1656 3772 1711 est
3816 1646 4086 1713 demum
4130 1655 4386 1731 protes-

2430 1727 2723 1792 tantibus
2779 1727 2918 1792 eius
2972 1729 3326 1794 confutatio
3382 1751 3422 1794 a
3478 1732 3845 1811 nonnullis,
3902 1743 3978 1796 ut
4036 1733 4391 1814 ferebatur,

2432 1812 2754 1896 theologis
2780 1815 3248 1894 consarcinata,
3287 1815 3403 1881 sed
3434 1816 3606 1882 lecta
3625 1817 3834 1896 modo,
3872 1820 4210 1902 exemplar
4242 1820 4393 1885 nul-

2430 1897 2569 1962 lum
2602 1920 2998 1978 concessum,
3046 1921 3251 1983 quum
3290 1901 3358 1965 id
3402 1924 3648 1986 magna
3681 1905 4098 1970 contentione
4132 1907 4393 1990 flagita-

2430 1992 2596 2049 rent.
2673 1983 2785 2050 Sic
2826 1985 3045 2068 cupidi
3087 1987 3355 2051 fuerunt
3388 1989 3711 2070 pontificii
3746 1990 4193 2073 suscipiendae
4229 1993 4392 2071 eius,

2431 2091 2632 2153 quam
2676 2072 2951 2149 iactant,
2995 2071 3076 2136 de
3118 2072 3438 2157 religione
3484 2076 3903 2140 tractationis.
3993 2077 4235 2143 Postea
4278 2076 4393 2144 da-

2430 2167 2574 2220 tum
2610 2156 2874 2240 quidem
2912 2158 3199 2239 septenis
3224 2157 3306 2222 ab
3339 2167 3615 2242 utraque
3651 2168 3839 2243 parte
3873 2163 4211 2245 negotium
4246 2164 4393 2241 fuit,

2428 2250 2504 2306 ut
2544 2241 2626 2306 de
2670 2244 3137 2309 controversiis
3181 2244 3357 2309 inter
3398 2266 3467 2309 se
3497 2245 4022 2328 colloquerentur
4038 2271 4054 2326 ;
4102 2248 4216 2313 sed
4244 2247 4394 2315 vide

2428 2350 2558 2411 qua
2605 2330 2961 2411 aequitate:
3020 2329 3260 2395 diserte
3315 2330 3492 2394 enim
3534 2333 3810 2413 praefati
3852 2341 4011 2398 sunt
4053 2335 4395 2416 pontificii,

2427 2436 2563 2478 non
2606 2437 2681 2480 eo
2727 2417 2943 2481 animo
2988 2437 3057 2481 se
3101 2415 3494 2481 descendere
3537 2418 3608 2480 in
3642 2419 3983 2496 actionem,
4032 2427 4106 2483 ut
4150 2419 4395 2503 aliquid

2426 2500 2498 2563 in
2554 2500 2787 2566 melius
2837 2501 3012 2584 apud
3066 2523 3136 2567 se
3179 2503 3620 2579 restituerent,
3666 2503 3783 2567 sed
3825 2511 4086 2568 tantum
4129 2512 4204 2569 ut
4246 2528 4397 2589 pro—

2426 2592 2744 2651 testantes
2800 2586 2883 2650 ad
2929 2607 3000 2652 se
3044 2587 3446 2654 reducerent.
3537 2586 3651 2654 Sic
3696 2589 4079 2673 disceptatio
4114 2590 4394 2656 vixdum

2429 2672 2595 2737 bene
2640 2679 2909 2750 tentata,
2955 2680 3032 2737 ut
3079 2675 3492 2755 inauspicata
3525 2679 3683 2754 erat,
3728 2695 3885 2739 mox
3930 2673 4210 2758 abrupta
4248 2679 4393 2744 fuit.

2603 2831 2720 2905 [fol.
2770 2834 2831 2905 7]
2883 2827 3054 2908 Quae
3106 2829 3357 2908 quidem
3401 2828 3703 2909 confessio
3750 2828 3887 2894 licet
3928 2830 3999 2892 in
4043 2831 4263 2894 multis
4305 2832 4392 2895 sit

2429 2912 2942 2993 reprehendenda,
2989 2913 3401 2978 nihilominus
3442 2914 3614 2980 nullo
3650 2915 3827 2980 modo
3867 2915 3998 2997 fuit
4038 2914 4116 2978 ab
4161 2916 4253 2980 eis
4293 2917 4392 2980 ob·

2430 3004 2697 3079 servata,
2742 3000 3262 3082 quemadmodum
3306 3000 3375 3065 in
3413 3000 3627 3065 multis
3671 3000 3961 3066 articulis
4006 3002 4392 3068 contrarium

2424 3086 2700 3167 fecerunt
2741 3092 2797 3151 et
2833 3086 3095 3167 faciunt.

2604 3206 2753 3271 Hoc
2790 3228 3042 3288 quoque
3077 3228 3161 3270 ex
3182 3204 3411 3271 eadem
3447 3207 3709 3273 officina
3729 3204 3989 3290 prodiit,
4028 3205 4203 3289 quod
4239 3226 4392 3288 pro-

2432 3299 2752 3357 testantes
2796 3314 2837 3357 a
2874 3291 3104 3356 multis
3148 3292 3443 3357 articulis
3483 3293 3909 3359 confessionis
3946 3312 4103 3357 suae
4148 3291 4392 3357 disces-

2432 3379 2598 3442 sisse
2620 3378 2981 3444 insimulat.
3056 3376 3402 3458 Quantum
3426 3378 3510 3443 ad
3535 3378 3897 3444 doctrinam
3930 3379 4188 3458 attinet,
4228 3398 4396 3460 quae

2433 3464 2780 3545 potissima
2834 3485 2987 3546 pars
3031 3471 3132 3529 est
3174 3474 3241 3528 et
3279 3465 3417 3530 fere
3459 3486 3743 3531 summa:
3798 3487 3934 3530 non
3977 3464 4158 3531 aliud
4198 3463 4397 3531 hodie

2430 3551 2824 3632 profitentur
2880 3557 2995 3615 aut
3051 3550 3414 3629 sustinent,
3478 3573 3677 3633 quam
3730 3559 3889 3616 tunc
3943 3549 4395 3633 prodiderunt.

2434 3634 2773 3718 Quidquid
2791 3635 2926 3700 illic
2943 3636 3423 3718 improbarunt,
3448 3636 3772 3721 hodieque
3796 3644 4175 3704 constanter
4209 3636 4395 3701 dam·

2431 3729 2598 3786 nant
2651 3730 2720 3786 et
2771 3721 3185 3805 impugnant.
3274 3723 3381 3787 De
3436 3725 3893 3803 caeremoniis,
3952 3743 4119 3806 quae
4175 3743 4308 3786 non
4353 3744 4395 3786 a

2433 3807 2698 3873 Christo
2734 3814 2801 3873 et
2823 3807 3133 3890 apostolis
3176 3809 3532 3889 institutae,
3580 3808 3696 3875 sed
3739 3808 3819 3874 ab
3864 3808 4009 3873 aliis
4055 3808 4395 3873 autoribus

2431 3895 2763 3972 invectae,
2840 3889 2907 3958 et
2961 3893 3043 3959 ab
3097 3893 3383 3960 ecclesiis
3443 3915 3560 3977 pro
3606 3894 3974 3961 conditione
4019 3900 4394 3977 temporum

2430 3988 2731 4061 receptae
2775 3985 2948 4057 sunt,
3002 3988 3078 4043 ut
3117 3987 3310 4045 antea
3362 3982 3596 4047 testati
3652 3987 3809 4045 sunt
3855 3977 4129 4043 liberam
4166 3999 4396 4045 earum

2431 4086 2576 4130 esse
2632 4065 3184 4144 observationem,
3255 4065 3426 4148 quod
3480 4067 3683 4132 etiam
3734 4066 4151 4149 Augustinus
4206 4065 4396 4131 docet

2430 4152 2522 4215 ita
2581 4150 2750 4236 110110
2803 4150 3175 4217 libertatem
3214 4152 3504 4218 ecclesiis
3552 4150 4052 4233 relinquendam
4108 4157 4394 4216 censent.

2431 4237 2496 4302 N
2498 4257 2572 4301 ec
2626 4258 2785 4302 sane
2845 4235 3202 4321 quidquam
3263 4245 3365 4303 est
3414 4236 3716 4320 periculi,
3785 4237 3843 4302 si
3903 4236 4212 4306 ecclesiae
4271 4236 4396 4302 hac

2430 4337 2620 4405 parte
2661 4325 2837 4388 inter
2880 4344 2950 4389 se
2985 4324 3264 4403 varient,
3306 4344 3427 4388 nec
3471 4323 3600 4388 alia
3640 4322 3998 4407 praescribi
4035 4330 4154 4388 aut
4180 4323 4398 4388 varie-

2431 4410 2587 4475 tatis
2644 4416 2759 4474 aut
2812 4409 3257 4475 similitudinis
3311 4409 3541 4492 regula
3583 4416 3827 4492 potest,
3883 4430 4082 4493 quam
4124 4418 4200 4474 ut
4243 4429 4398 4473 eum

2431 4497 2504 4559 in
2523 4495 2761 4561 ritibus
2795 4495 3066 4560 modum
3101 4496 3226 4561 sibi
3262 4502 3507 4561 statuat
3539 4516 3831 4579 quaeque
3869 4495 4160 4574 ecclesia,
4199 4514 4396 4578 quem

2433 4581 2518 4647 ad
2545 4580 3058 4648 aedificationem
3091 4581 3304 4647 facere
3330 4581 3658 4647 iudicabit.
3701 4582 4008 4665 Denique
4035 4602 4238 4665 quum
4262 4601 4398 4645 non

2434 4666 2615 4734 aliud
2654 4669 2726 4732 in
2763 4667 3164 4734 confessione
3199 4667 3610 4747 tradiderint,
3655 4689 3851 4751 quam
3885 4670 4087 4732 finem
4144 4666 4397 4731 rituum

2434 4755 2730 4818 omnium
2762 4775 2903 4818 esse
2931 4752 3465 4834 aedificationem,
3490 4761 3566 4818 ut
3586 4775 3819 4821 revera
3843 4753 4011 4818 nihil
4036 4759 4192 4819 sunt
4215 4750 4398 4818 aliud

2433 4840 2564 4906 nisi
2617 4839 2773 4905 fidei
2832 4841 3172 4905 exercitia:
3230 4841 3299 4905 in
3357 4862 3431 4939 Q
3484 4842 3920 4924 perstiterunt
3962 4839 4285 4905 hactenus
4329 4848 4401 4904 et

2433 4933 2753 5008 perstant,
2800 4933 2877 4990 ut
2918 4926 3131 4991 malae
3166 4926 3321 4991 fidei
3356 4948 3466 4992 eos
3507 4927 3616 4993 hie
3651 4946 3957 4992 accusare
3992 4926 4235 4991 nimiae
4270 4925 4399 4989 im-

2435 5012 2785 5095 pudentiae
2829 5012 2932 5077 sit.

2610 5166 2845 5233 Multos
2899 5168 3091 5232 etiam
3156 5168 3319 5235 alios
3370 5167 3667 5233 articulos
3726 5167 3799 5230 in
3851 5166 3967 5231 illa
4023 5165 4402 5248 confessione

2427 5254 2804 5338 praeteritos
2854 5251 3104 5334 habent,
3157 5254 3584 5320 dissentientes
3642 5275 3684 5318 a
3726 5252 3850 5333 fide
3905 5252 4202 5319 catholica
4216 5303 4231 5332 ‚
4286 5253 4400 5335 qui

365 5342 515 5408 dax
565 5341 692 5405 fuit
733 5347 802 5407 et
857 5340 1181 5406 mendacii
1223 5346 1429 5422 pater.
1521 5337 1716 5418 Quod
1773 5341 1950 5404 enim
1992 5338 2149 5405 dicit
2190 5359 2332 5406 sae-
2435 5340 2623 5405 etiam
2666 5360 2860 5421 quum
2900 5360 3062 5421 opus
3093 5342 3215 5406 erit
3257 5340 3493 5406 ostendi
3526 5344 3838 5421 poterunt.

3879 5441 3993 5496 30*
