5100 6061
325 397 451 461 269

325 584 735 668 contemptui
786 584 1039 651 facilius
1096 584 1183 649 sit
1234 583 1729 668 indulgendum.
1818 583 2094 649 NuUum
2136 584 2273 647 fore

323 690 605 735 numero
649 670 719 734 in
740 716 743 725 ·
763 691 968 753 regno
1014 670 1339 735 coelorum
1383 693 1583 752 quum
1629 670 1906 735 audiunt
1949 692 2117 748 eum,
2163 670 2272 751 qui

322 756 428 823 vel
452 758 505 839 ¹)
549 756 896 820 minimum
943 777 1027 820 ex
1060 756 1190 820 Dei
1233 757 1593 839 praeceptis
1629 755 2118 839 contemptibile
2154 775 2275 819 sua

322 841 641 908 facilitate
684 842 927 919 fecerit,
969 863 1098 924 qua
1139 840 1530 908 confidentia
1573 841 1869 908 dictitare
1904 841 2117 908 adhuc
2154 862 2271 905 au-

323 928 511 1004 dent,
571 927 998 1017 omittendam
1042 929 1111 992 in
1156 948 1466 1011 praesens
1518 929 1658 994 eius
1711 929 2141 1006 mentionem,
2197 928 2270 991 in

322 1034 451 1097 quo
496 1013 695 1097 vulgo
739 1013 820 1078 ab
864 1014 1165 1078 omnibus
1209 1015 1346 1078 fere
1390 1013 1850 1097 delinquatur?
1941 1014 2271 1078 Nimirum

320 1099 485 1165 haec
529 1099 805 1164 humani
856 1098 1077 1164 iudicii
1133 1106 1236 1163 est
1289 1100 1609 1182 pravitas,
1664 1100 1857 1181 quale
1912 1101 2129 1183 ipsum
2186 1100 2272 1163 sit

321 1184 495 1269 quod
538 1185 821 1262 iubetur,
870 1185 1170 1267 opinione
1215 1205 1360 1262 sua,
1420 1207 1551 1250 non
1595 1184 1723 1251 Dei
1768 1186 2108 1251 voluntate
2156 1207 2270 1250 ex-

320 1270 637 1356 pendere:
696 1270 930 1334 deinde
972 1271 1045 1335 in
1088 1271 1302 1337 solum
1339 1279 1763 1353 praeceptum
1806 1270 2077 1336 intueri:
2134 1292 2271 1336 non

321 1357 665 1422 advertere
721 1357 987 1421 interim
1043 1355 1246 1439 (quod
1302 1357 1591 1422 maxime
1646 1357 1993 1439 referebat)
2048 1356 2269 1420 Deum

321 1464 464 1509 esse
507 1442 966 1526 legislatorem,
1010 1445 1194 1508 cuius
1228 1444 1536 1508 maiestas
1579 1441 1834 1508 levibus
1877 1444 2079 1507 etiam
2119 1442 2267 1521 illis,

321 1531 376 1595 si
420 1530 517 1594 ita
558 1528 816 1605 volunt,
855 1528 1510 1612 transgressiunculis
1549 1529 1903 1593 minuatur.
1971 1530 2066 1593 At
2108 1548 2268 1593 vero

318 1616 665 1694 Dominus,
701 1622 776 1679 ut
795 1614 947 1679 huic
968 1614 1281 1697 pravitati
1315 1615 1626 1692 obviaret,
1666 1614 2050 1697 doceretque
2073 1635 2270 1696 quam

319 1701 501 1766 nulla
555 1700 722 1784 legis
778 1721 935 1765 suae
990 1700 1313 1783 particula
1366 1699 1684 1765 elevanda
1737 1710 1911 1765 esset
1966 1720 2006 1763 a
2060 1700 2266 1777 nobis,

320 1787 631 1852 volumen
682 1785 1154 1851 maledictionis
1208 1787 1281 1850 in
1336 1786 1714 1850 universam
1766 1786 1999 1851 faciem
2050 1794 2268 1850 terrae

252 1902 257 1905 ·
322 1894 661 1957 egressum
696 1871 1054 1955 prophetae
1097 1870 1320 1956 (Zach.
1365 1878 1420 1948 5,
1462 1876 1530 1955 3)
1571 1872 1642 1935 in
1677 1872 1927 1936 visione
1962 1870 2266 1948 ostendit,

322 1978 449 2041 (1116
509 1962 657 2036 [pag.
697 1962 803 2037 35]
861 1958 1117 2022 furtum
1170 1977 1364 2022 omne
1404 1965 1472 2021 et
1512 1979 1705 2021 omne
1748 1958 2107 2039 periurium
2151 1977 2266 2038 pa-

320 2045 480 2110 riter
522 2041 1081 2109 condemnaretur.
1149 2044 1234 2107 In
1271 2042 1549 2107 eandem
1584 2063 1838 2125 quoque
1873 2043 2266 2108 sententiam

321 2130 402 2195 ab
442 2130 681 2195 Iacobo
739 2130 828 2213 (2,
873 2130 980 2213 ll)
1037 2126 1285 2193 dictum
1329 2135 1454 2193 est:
1516 2127 1646 2208 Qui
1693 2129 1902 2194 vetuit
1954 2127 2261 2205 occidere,

320 2215 531 2281 vetuit
565 2223 633 2280 et
666 2213 1037 2294 adulterari,
1085 2222 1150 2278 et
1182 2214 1404 2293 furari,
1444 2222 1511 2277 et
1545 2214 1758 2279 aliena
1793 2215 2261 2297 concupiscere.

323 2300 540 2381 Quare
556 2352 571 2378 ,
628 2302 740 2382 qui
784 2308 987 2365 totam
1039 2300 1256 2384 legem
1304 2301 1692 2378 servaverit,
1748 2302 1803 2365 si
1862 2298 2153 2364 offendat
2192 2300 2265 2362 in

320 2408 450 2452 uno
467 2437 484 2465 ,
540 2387 752 2451 factus
804 2394 905 2452 est
958 2388 1252 2451 omnium
1307 2406 1472 2450 reus.
1563 2382 1676 2451 Sic
1735 2387 1827 2451 sic
1878 2383 2264 2451 instituendi

324 2480 509 2538 erant
541 2471 858 2551 homines,
902 2472 1159 2537 nullum
1194 2493 1336 2537 esse
1370 2472 1440 2535 in
1478 2472 1601 2536 Dei
1637 2472 2017 2555 praeceptis,
2060 2491 2264 2554 quan-

324 2558 567 2624 tumvis
612 2557 852 2639 exigua
892 2556 972 2622 de
1014 2579 1087 2622 re
1130 2559 1505 2641 praecipere
1547 2556 1869 2636 videatur,
1915 2556 2086 2640 quod
2130 2577 2263 2621 non

322 2645 468 2728 plus
522 2663 722 2725 quam
777 2651 1258 2709 sacrosanctum
1314 2643 1503 2707 nobis
1559 2664 1701 2708 esse
1756 2642 2003 2708 debeat.
2092 2642 2264 2706 Nam

325 2729 475 2794 dum
511 2729 607 2794 ita
629 2727 734 2793 vel
768 2730 1079 2811 minimae
1114 2730 1210 2793 rei
1246 2730 1462 2813 (cuius
1497 2736 1719 2793 tamen
1748 2728 2265 2794 observationem

322 2816 465 2900 lege
500 2836 623 2879 sua
657 2814 1068 2879 mandaverit
1102 2814 1460 2897 Dominus)
1506 2814 1909 2897 negligentia
1946 2816 2017 2878 in
2052 2814 2263 2878 homi-

324 2923 482 2966 num
526 2901 781 2965 animos
823 2901 1222 2966 insumatur:
1242 2899 1300 2983 ²)
1355 2901 1585 2982 irrepit
1639 2900 1956 2982 paulatim
2000 2907 2067 2964 et
2109 2900 2262 2964 sub-

323 2988 613 3070 sequitur
633 2984 799 3070 legis
834 2986 1179 3052 universae
1215 3008 1290 3053 ac
1326 2987 1616 3051 iustitiae
1651 2993 2079 3069 contemptus.
2147 2985 2262 3050 In-

326 3074 533 3139 6111666
592 3071 766 3153 11166,
818 3095 978 3155 (11166
1038 3075 1250 3150 aiunt,
1305 3073 1640 3155 religionis
1693 3072 2148 3155 descriptores,
2205 3071 2265 3135 si

982 3161 1093 3242 qui
1139 3166 1345 3223 totam
1389 3159 1412 3221 i
1460 3179 1601 3223 sam
1643 3159 1818 3222 intra
1861 3179 2062 3223 unam
2104 3162 2262 3222 mis-

324 3161 431 3243 qui
474 3167 700 3224 tamen
742 3166 922 3238 sunt,

1449 3266 1525 3309 eo
1546 3245 1718 3309 tueri
1737 3244 1901 3308 mihi
1935 3246 2007 3309 in
2043 3244 2262 3309 animo

324 3266 430 3310 sae
451 3244 1000 3310 abominationem
1019 3244 1324 3323 limitant,

325 3353 452 3395 non
489 3340 608 3410 est,
654 3338 731 3394 ut
770 3331 970 3395 etiam
1013 3351 1241 3395 eorum
1285 3331 1490 3394 errori
1537 3330 1791 3395 fortiter
1822 3328 2264 3396 resistendum

322 3437 642 3494 censeam,
679 3437 800 3482 nec
823 3438 941 3499 pro
962 3415 1263 3482 fidelibus
1288 3415 1733 3499 agnoscendos
1756 3414 2009 3494 ducam,
2056 3438 2097 3480 a
2120 3417 2262 3499 qui-

323 3502 443 3569 bus
476 3503 768 3567 maxima
800 3524 885 3567 ex
917 3512 1102 3585 parte
1135 3502 1403 3584 pietatis
1441 3503 1541 3567 vis
1576 3502 1668 3566 sic
1701 3510 2065 3566 enervetur.
2128 3502 2193 3566 N
2195 3522 2261 3564 e-

324 3609 444 3671 que
486 3594 711 3652 tamen
753 3589 810 3651 si
851 3595 1266 3671 praepostere
1303 3595 1525 3671 agunt,
1568 3586 1729 3652 dum
1764 3594 1968 3651 totam
2002 3586 2261 3670 religio-

324 3694 474 3739 nem
507 3674 784 3738 minima
818 3674 956 3740 eius
992 3673 1406 3758 portiuncula
1436 3674 1816 3750 terminant,
1851 3671 2091 3738 idcirco
2129 3693 2264 3736 non

326 3768 390 3825 et
426 3759 560 3836 illa,
602 3760 1171 3842 quantulacunque
1214 3767 1314 3824 est
1355 3760 1594 3841 portic,
1642 3759 1816 3822 inter
1860 3759 2000 3823 eius
2043 3767 2262 3841 partes

325 3846 713 3910 continetur.
779 3846 874 3909 At
913 3846 1026 3911 isti
1061 3845 1221 3909 dum
1263 3852 1599 3928 tantopere
1643 3846 1910 3909 missam
1954 3842 2261 3909 detestari

323 3952 455 3996 non
485 3937 789 4015 oportere
824 3952 907 3995 ex
939 3952 1015 3995 66
1035 3931 1369 4015 colligunt,
1405 3930 1579 4013 quod
1600 3930 1868 4014 quidam
1892 3928 2059 3994 nihil
2081 3928 2261 3994 aliud

323 4037 463 4082 esse
502 4018 815 4100 pietatem
856 4016 1018 4099 falso
1060 4024 1423 4095 autumant,
1468 4038 1666 4099 quam
1709 4017 1849 4081 eius
1885 4016 2259 4081 detestatio-

322 4121 504 4169 nem:
549 4101 825 4185 perinde
861 4103 1133 4181 faciunt,
1179 4124 1254 4168 ac
1296 4103 1355 4168 si
1399 4103 1542 4185 quis
1581 4102 1833 4166 furtum
1878 4109 1945 4166 et
1988 4100 2258 4167 homici-

324 4187 505 4254 dium
545 4188 1025 4255 contemnenda
1059 4188 1249 4267 dicat,
1295 4189 1463 4271 quod
1501 4187 1613 4270 qui
1652 4188 1727 4250 in
1766 4189 1912 4271 ipsa
1946 4188 2260 4253 acerrime

323 4273 513 4339 hodie
564 4272 931 4352 vindicant,
997 4272 1363 4352 adulteriis,
1429 4273 1769 4355 periuriis,
1835 4272 2259 4357 blasphemiis

323 4360 685 4444 ignoscunt.
771 4360 924 4425 Non
978 4361 1070 4426 sic
1122 4359 1450 4423 Dominus
1504 4366 1741 4424 noster.
1830 4360 2005 4424 Nam
2058 4380 2261 4441 quum

322 4444 829 4511 Pharisaeorum
892 4454 958 4511 et
1021 4445 1383 4511 scribarum
1446 4444 1824 4530 hypocrisin
1888 4447 2258 4529 castigaret,

326 4532 433 4612 qui
473 4532 569 4596 sic
609 4532 1051 4597 minutissima
1093 4552 1383 4614 quaeque
1433 4531 1599 4615 legis
1643 4539 1889 4615 puncta
1931 4540 2259 4598 consecta-

322 4615 580 4697 bantur,
622 4625 702 4681 ut
743 4638 1002 4683 summa
1038 4617 1304 4682 interim
1349 4617 1563 4699 capita
1597 4619 2046 4699 praeterirent,
2091 4616 2260 4681 iudi-

324 4702 515 4782 cium,
559 4703 1096 4783 misericordiam,
1133 4711 1200 4768 et
1239 4704 1611 4770 veritatem:
1658 4723 1792 4768 non
1837 4701 2075 4782 docuit,
2131 4703 2262 4768 illis

1077 5018 1089 5031 .
1134 4955 1359 5031 orama¹
1405 4976 1673 5045 Princeps
1718 4976 1973 5031 habebat.-
2019 4976 2107 5030 vel
2154 4977 2260 5045 qui.

455 4976 514 5043 1)
556 4975 653 5032 Sic
686 4975 822 5031 1550
866 4984 917 5031 et
950 4992 1007 5031 se

1053 5045 1212 5100 allice
1245 5045 1476 5099 vertitur
1483 5066 1504 5124 .·'
1540 5045 1718 5114 quand
1752 5061 1857 5099 une
1891 5045 2260 5100 nonchalance

323 5043 380 5112 2)
420 5045 513 5101 Sic
548 5044 684 5099 1537
719 5052 771 5100 et
792 5045 942 5100 1550.

326 5155 338 5168 .
362 5155 375 5168 .
399 5155 412 5168 .
439 5157 451 5169 .
487 5131 614 5170 sera
637 5131 901 5170 survenue
938 5117 996 5168 66
1035 5131 1224 5169 cosm-s,
1275 5112 1516 5167 Galloni
1536 5129 1744 5183 quoque
1767 5115 2041 5182 exemplar
2066 5111 2260 5179 (1552)

322 5198 427 5306 ³qetao
458 5199 562 5239 nos
596 5185 689 5236 usi
719 5198 922 5250 sumus,
958 5184 1165 5237 exhibet
1199 5181 1413 5251 quidem
1445 5183 1770 5250 insumatur,
1806 5198 1991 5236 verum
2024 5183 2138 5236 iam
2172 5183 2261 5236 hic

369 5257 482 5308 dor
526 5253 733 5375 ‹lzlaeyuis
778 5256 985 5308 calamo
1031 5252 1293 5307 correxit.-
1344 5251 1671 5318 insinuatur‚
1719 5257 1768 5304 et
1815 5254 1896 5305 sic
1936 5253 2262 5308 '’mentior-es

323 5337 503 5377 omncs
553 5327 732 5390 munt.

1521 398 1648 462 DE
1692 393 2206 464 FUGJENDIS
2249 394 2732 462 IMPIORUM
2775 395 3125 464 SAORJS.

4195 407 4324 470 270

2376 583 2651 663 omissis,
2696 585 2857 650 11666
2890 586 3213 652 facienda:
3258 586 3376 652 sed
3409 587 3570 654 11666
3604 590 3749 654 fieri
3782 612 3820 655 6
3907 591 4161 671 rtuisse,
4207 592 4324 657 illa

2375 690 2531 733 vero
2567 691 2700 735 non
2735 672 2951 736 omitti
2996 673 3185 752 (Luc.
3233 677 3329 751 11,
3367 674 3497 754 42).
3566 674 3796 758 Itaque
3916 677 4017 741 nis
4053 676 4318 759 quidem

2374 754 2518 818 istis
2555 755 2715 820 viris
2759 756 2883 824 hoc
2916 779 3050 822 non
3087 758 3322 837 adim0,
3368 760 3529 841 quin
3564 782 3791 826 eorum
3827 762 4318 828 inconsideran-

2344 840 2534 927 tiam
2579 841 2721 905 iure
2764 843 3267 925 reprehendant,
3314 846 3427 928 qui
3471 845 3555 910 ad
3599 853 3857 912 caetera
3892 847 4054 913 vitia
4097 850 4320 913 conni-

2373 931 2621 1005 ventes,
2667 935 2734 991 et
2767 928 2960 1010 plura
2992 951 3285 1009 numero,
3332 938 3399 995 et
3434 931 3719 1014 pondere
3753 934 4075 1015 graviora,
4122 957 4322 999 unam

2374 1011 2616 1076 missae
2674 1011 3172 1081 detestationem
3226 1013 3501 1098 pedibus
3557 1038 3632 1084 ac
3688 1019 3992 1085 manibus
4050 1027 4317 1104 urgent:

2375 1118 2608 1161 verum
2653 1098 2711 1161 si
2751 1107 3084 1181 praestare
3127 1101 3363 1166 volunt
3402 1102 3574 1184 quod
3616 1124 3738 1186 par
3781 1113 3909 1183 est,
3953 1127 4088 1169 non
4129 1105 4323 1171 modo

2376 1190 2449 1246 ut
2492 1204 2718 1247 eorum
2762 1205 3052 1249 errorem
3086 1187 3230 1250 iure
3264 1187 3766 1269 reprehendere,
3813 1190 3928 1255 sed
3969 1192 4041 1255 in
4084 1191 4322 1257 melius

2375 1269 2574 1332 etiam
2618 1270 2943 1355 corrigere
2986 1272 3474 1337 existimentur:
3521 1296 3654 1338 non
3688 1274 3756 1339 id
3790 1276 4045 1355 tollant,
4089 1278 4158 1340 in
4195 1299 4321 1358 (1116

2374 1353 2472 1418 1111
2533 1355 2811 1419 nimium
2870 1354 3145 1421 haerent
3209 1356 3499 1441 (quando
3553 1361 3694 1425 sine
3748 1362 4011 1444 pietatis
4067 1364 4322 1428 iactura
4389 1362 4396 1367 ’

2374 1439 2517 1504 tolli
2555 1442 2831 1524 nequit),
2870 1442 2984 1507 sed
3030 1440 3186 1506 dum
3221 1465 3354 1506 non
3390 1464 3532 1509 esse
3574 1446 4041 1531 negligendum
4084 1468 4311 1512 conce-

2375 1523 2564 1602 dunt,
2613 1526 2742 1592 alia
2786 1547 3044 1610 quoque
3088 1548 3231 1592 esse
3269 1549 3404 1592 non
3445 1530 3664 1597 minus
3707 1531 3995 1597 curanda
4038 1554 4322 1598 commo-

2375 1611 2720 1676 nefaciant.
2789 1613 2996 1678 Vides
3037 1614 3338 1696 profecto,
3386 1615 3479 1677 mi
3521 1616 3751 1695 frater,
3808 1638 4002 1700 quam
4047 1618 4179 1683 late
4223 1627 4320 1685 to-

2374 1705 2479 1761 tus
2522 1697 2632 1762 hic
2675 1697 2857 1763 locus
2901 1697 3182 1781 patebat,
3229 1701 3287 1765 si
3329 1700 3401 1763 in
3442 1720 3594 1764 eum
3637 1703 3928 1767 oratione
3969 1725 4319 1770 excurrere

2372 1782 2758 1847 voluissem:
2817 1783 2933 1849 sed
2981 1786 3294 1867 quoniam
3347 1807 3453 1850 me
3508 1807 3704 1869 agere
3747 1810 3896 1853 cum
3933 1789 4067 1854 illis
4109 1790 4320 1856 homi-

2372 1867 2566 1932 nibus
2608 1870 2859 1935 confido
2878 1922 2892 1948 ,
2941 1870 3052 1952 qui
3095 1871 3389 1947 veritati,
3447 1871 3645 1936 simul
3703 1881 3898 1955 atque
3951 1876 4162 1958 ipsam
4206 1897 4320 1960 ag-

2371 1955 2694 2032 noverint,
2740 1977 2974 2021 manus
3018 1957 3153 2020 sint
3195 1955 3443 2021 daturi:
3491 1958 3656 2022 mihi
3696 1959 3862 2023 nihil
3906 1961 4134 2025 maiori
4179 1969 4318 2026 stu-

2372 2037 2477 2103 dio
2516 2040 2672 2116 fuit,
2730 2061 2928 2122 quam
2972 2041 3154 2105 illam
3198 2042 3407 2125 ipsam
3452 2045 3829 2124 veritatem,
3885 2067 4013 2127 qua
4065 2069 4322 2113 summa

2369 2132 2664 2207 poteram
2706 2127 3043 2205 brevitate,
3088 2125 3397 2193 indicare.

2542 2215 2690 2289 [pag.
2720 2217 2825 2290 36]
2862 2212 3185 2296 Equidem
3211 2235 3422 2296 neque
3445 2214 3643 2279 etiam
3663 2236 3771 2280 me
3793 2217 4124 2297 praeterit,
4161 2239 4321 2299 quas

2367 2305 2708 2378 praeterea
2760 2298 2886 2362 sibi
2927 2298 3012 2361 ad
3052 2298 3444 2381 palpandam
3488 2301 3705 2365 carnis
3747 2323 3904 2367 suae
3957 2301 4319 2382 mollitiem,

2369 2382 2513 2445 aliis
2539 2381 2622 2446 ad
2650 2383 2986 2467 ignaviam
3012 2385 3216 2449 animi
3229 2385 3333 2448 sui
3353 2385 3801 2470 obtegendam,
3819 2386 4085 2452 delicias
4108 2388 4322 2453 facere

2367 2466 2646 2532 soleant:
2673 2491 2744 2534 se
2766 2469 2934 2533 nihil
2971 2470 3094 2535 sibi
3126 2470 3505 2552 permittere
3541 2472 3740 2549 aiunt,
3778 2473 3906 2537 nisi
3939 2471 4110 2556 quod
4145 2474 4208 2537 N
4211 2494 4321 2539 aa·

2366 2575 2522 2618 man
2568 2553 2682 2632 illi,
2720 2554 2992 2619 militiae
3027 2557 3200 2640 regis
3242 2553 3478 2641 Syriae
3521 2557 3867 2640 praefecto,
3913 2577 3953 2620 a
3994 2560 4320 2641 propheta

2366 2638 2641 2704 Domini
2672 2640 2896 2704 Eliseo
2934 2662 3310 2707 concessum
3345 2643 3545 2706 fuerit
3594 2644 3662 2726 (2
3687 2643 3851 2726 Reg.
3872 2643 4075 2725 5,18).
4143 2645 4320 2710 Nam

2367 2725 2478 2789 ille
2525 2725 2607 2790 ab
2650 2725 2973 2790 idolorum
3029 2728 3317 2792 vanitate
3367 2727 3448 2791 ad
3502 2729 3695 2792 unius
3750 2727 3879 2792 Dei
3934 2728 4318 2812 religionem

2367 2832 2739 2887 conversus,
2766 2813 3225 2895 confessusque
3252 2813 3511 2877 nullum
3537 2835 3678 2878 esse
3698 2815 3768 2878 in
3792 2813 4103 2879 universa
4141 2823 4318 2880 terra

2365 2898 2614 2975 Deum,
2671 2897 2799 2961 nisi
2857 2899 3076 2962 Deum
3126 2897 3364 2976 Israel,
3412 2919 3613 2980 quum
3656 2907 3881 2964 tamen
3924 2920 4066 2963 rem
4112 2922 4318 2965 unam

2368 2981 2494 3048 sibi
2538 3005 2578 3049 a
2619 2983 2905 3049 Domino
2948 2985 3201 3067 ignosci
3243 2984 3554 3067 petiisset,
3601 2985 3656 3050 si
3693 3006 3844 3050 cum
3888 3005 4041 3069 rege
4085 3007 4202 3050 suo
4246 2987 4315 3051 in

2366 3069 2690 3152 templum
2724 3071 2984 3134 Remon
3020 3070 3356 3154 ingressus
3409 3071 3543 3136 illic
3580 3071 3902 3150 adoraret,
3962 3093 4111 3136 cum
4155 3093 4315 3154 pace

2364 3156 2444 3220 ab
2488 3154 2720 3221 Eliseo‘
2767 3155 3073 3221 dimissus
3118 3163 3233 3221 est.
3303 3153 3379 3221 Si
3433 3156 3548 3234 illi,
3609 3157 3951 3239 inquiunt,
4019 3157 4090 3220 in
4156 3157 4313 3223 idoli

2365 3241 2611 3324 templo
2655 3263 2791 3307 non
2831 3242 2956 3307 fuit
2989 3243 3173 3307 nefas
3220 3240 3509 3322 adorare,
3554 3264 3674 3307 cur
3715 3241 3903 3306 nobis
3945 3265 4077 3307 non
4120 3243 4315 3309 liceat

2366 3328 2586 3392 Deum
2620 3328 2694 3392 in
2725 3329 2807 3392 iis
2844 3328 3103 3411 templis
3139 3326 3426 3406 adorare,
3471 3349 3637 3411 quae
3681 3330 3822 3393 eius
3865 3329 4114 3393 nomini
4159 3337 4317 3394 sunt

2368 3413 2682 3491 dedicata,
2721 3414 2920 3478 etiam
2955 3415 3011 3478 si
3047 3434 3240 3499 agere
3276 3413 3455 3479 aliud
3499 3413 3884 3479 videamur?
3931 3414 4203 3481 Utinam
4245 3418 4317 3481 in

2366 3498 2815 3582 cognoscenda
2871 3500 3068 3565 officii
3120 3501 3223 3565 sui
3267 3501 3657 3567 rectitudine
3697 3508 3836 3566 tam
3879 3509 4099 3566 essent
4140 3503 4317 3567 acuti

2367 3591 2433 3648 et
2474 3584 2900 3667 perspicaces,
2945 3606 3144 3667 quam
3193 3586 3275 3650 ad
3325 3586 3728 3669 exquirenda
3771 3585 4173 3670 subterfugia
4212 3589 4315 3653 in-

2366 3671 2665 3753 geniosos
2715 3689 2786 3734 se
2830 3690 2971 3734 esse
3013 3669 3317 3753 produnt.
3384 3671 3583 3736 Viam
3626 3674 3845 3755 potius
3899 3693 4045 3737 eam
4087 3695 4315 3756 seque-

2365 3762 2626 3833 rentur,
2682 3754 2764 3819 ad
2812 3776 3007 3837 quam
3064 3764 3162 3820 tot
3216 3755 3345 3822 Dei
3400 3759 3665 3823 vocibus
3706 3758 3948 3823 diserte
3982 3759 4200 3824 vocari
4243 3780 4314 3823 66

2364 3839 2668 3907 audiunt:
2724 3860 2922 3922 quam
2975 3843 3044 3905 in
3088 3843 3387 3907 semitam
3445 3842 3847 3909 declinarent
3898 3865 4110 3926 neque
4152 3843 4311 3910 satis

2365 3927 2730 4011 cognitam,
2768 3934 2835 3989 et
2871 3926 3069 3992 unius
3114 3927 3441 3992 duntaxat
3484 3928 3772 3994 hominis
3814 3925 4088 4011 pedibus
4129 3948 4312 4009 pres-

2365 4034 2524 4078 sam.
2593 4012 2766 4076 Nam
2803 4033 3005 4095 quum
3040 4015 3316 4078 caeteris
3351 4013 3616 4097 quidem
3651 4015 3719 4077 in
3756 4011 3951 4078 rebus
3989 4014 4311 4094 omnibus,

2364 4096 2804 4183 singularibus
2860 4097 3200 4163 hominum
3257 4099 3573 4182 exemplis
3628 4099 3930 4164 insistere
3945 4150 3961 4175 ,
4030 4100 4086 4163 si
4154 4100 4314 4182 quid

2361 4183 2681 4269 peculiari
2736 4184 2864 4248 Dei
2918 4186 3241 4266 permissu
3297 4186 3508 4269 egisse
3565 4185 3628 4249 16
3771 4190 3914 4262 tur,
3971 4187 4311 4252 nonsatis

2363 4278 2584 4335 tutum
2626 4277 2752 4334 est:
2811 4277 2954 4334 tum
2996 4292 3152 4336 vero
3193 4273 3263 4336 in
3306 4269 3457 4335 fidei
3501 4270 3622 4335 con
3651 4269 3904 4335 essione
3955 4268 4022 4335 id
4066 4271 4136 4334 in
4179 4273 4314 4354 pri-

2362 4356 2489 4422 mis
2543 4355 3010 4439 periculosum,
3058 4358 3238 4422 cuius
3295 4357 3419 4421 sibi
3459 4356 3674 4439 legem
3717 4356 4160 4439 unusquisque
4193 4378 4313 4439 pro

2366 4443 2779 4526 cognitionis,
2840 4464 2969 4526 qua
3023 4442 3359 4526 praeditus
3416 4448 3546 4521 est,
3604 4439 3798 4506 modo
3850 4447 4137 4507 statuere
4198 4442 4311 4508 de-

2364 4529 2491 4598 bet.
2562 4530 2662 4593 Ac
2715 4526 2785 4592 id
2839 4549 2997 4593 sane
3053 4528 3184 4611 ipsi
3237 4527 3543 4594 viderint.
3607 4528 3752 4612 Ego
3808 4536 4031 4592 tamen
4074 4529 4198 4592 nisi
4240 4528 4311 4593 in

2363 4615 2663 4680 Naaman
2705 4613 3002 4696 exemplo
3046 4613 3388 4679 dissimilia
3422 4635 3648 4678 eorum
3693 4614 3884 4679 factis
3919 4634 4060 4679 esse
4093 4614 4313 4678 omnia

2363 4699 2709 4766 ostendero
2723 4750 2740 4778 ,
2795 4700 2954 4782 quin
2994 4698 3124 4764 illis
3167 4701 3580 4785 suffragetur,
3625 4720 3764 4764 non
3805 4700 4121 4765 resistam.
4189 4698 4314 4764 Sin

2358 4793 2596 4854 contra
2617 4785 2889 4869 planum
2911 4786 3142 4865 fecero,
3172 4792 3384 4862 totum
3407 4786 3477 4851 id
3502 4785 3690 4851 cuius
3711 4785 4012 4850 Naaman
4036 4784 4312 4850 insimu-

2364 4873 2524 4951 lant,
2554 4872 2636 4938 ab
2676 4892 2752 4937 eo
2786 4871 3165 4956 longissime
3202 4872 3505 4952 abfuisse,
3542 4871 3754 4935 alieno
3792 4870 4083 4953 falsoque
4117 4892 4305 4953 prae-

2364 4966 2555 5025 textu
2578 4958 2776 5024 velim
2807 4964 2882 5021 ut
2916 4980 2985 5023 se
3018 4962 3329 5023 excusare
3365 4956 3698 5023 desistant.
3751 4954 3947 5037 Quod
3980 4956 4121 5037 ipse
4155 4965 4309 5022 ante
4377 5019 4380 5022 .

2364 5044 2691 5127 pollicitus
2733 5051 2905 5122 erat,
2958 5065 3151 5125 quam
3197 5043 3312 5108 illa
3371 5042 3822 5127 deprecatione
3875 5047 4189 5123 uteretur,
4236 5063 4309 5107 se

2364 5130 2569 5195 nullis
2612 5128 2882 5212 posthac
2921 5126 3045 5195 diis
3089 5152 3277 5196 sacra
3307 5130 3656 5206 facturum,
3692 5128 3823 5192 nisi
3865 5127 3984 5192 uni
4015 5125 4161 5193 Deo
4205 5128 4307 5194 Is-

2364 5216 2530 5281 rael:
2578 5214 2701 5281 sub
2745 5236 2824 5281 ea
2874 5215 3338 5298 pollicitatione
3379 5214 3709 5300 publicam
3749 5214 3952 5278 fuisse
3994 5214 4303 5280 testifica-

2364 5303 2612 5367 tionem
2645 5301 3179 5392 comprehensam
3203 5302 3364 5380 dico,
3398 5323 3529 5386 qua
3564 5308 3631 5365 et
3664 5320 3906 5386 regem,
3943 5308 4012 5365 et
4043 5307 4308 5386 gentem
