5100 6061
714 480 838 540 427
2471 463 2973 530 EPINIOION.
3753 456 3761 476 ⁸
4325 510 4337 522 .
4608 465 4739 525 428

1540 658 1777 724 Eccius
1821 657 2126 722 hesterno
2172 656 2369 720 ruber
2413 661 2606 736 atque
2648 654 2913 718 inflatus
2958 653 3192 718 Iaccho

1712 741 2037 808 Praebeat
2080 742 2210 807 huc
2253 740 2437 804 duris
2481 749 2670 822 terga
2715 739 2981 803 subacta
3015 740 3252 822 flagris.
3283 740 3331 822 ¹)

1539 829 1693 894 Huc
1739 838 1934 912 caput
1974 828 2362 893 indomitum
2401 823 2656 902 subdat,
2705 846 2935 890 verum
2978 835 3129 888 ante
3174 832 3453 909 recepta,

1712 914 1864 995 Qua
1907 935 2166 997 semper
2210 913 2435 986 caruit,
2481 913 2696 974 fronte
2741 910 3104 975 Cochlaeus
3148 912 3340 975 iners.
3364 912 3422 994 2)

1537 1002 1798 1065 Nausea
1841 1001 2131 1065 verbosis
2173 1018 2496 1082 generans
2539 995 2799 1060 fastidia
2836 996 3017 1060 libris

1710 1084 1991 1152 Occluso
2035 1087 2274 1150 tacitus
2317 1086 2450 1147 iam
2493 1084 2660 1147 ferat
2703 1103 2812 1145 ore
2860 1083 3106 1164 iugum.
3128 1082 3185 1164 ⁸)

1540 1170 1799 1254 Quique
1834 1172 1942 1237 diu
1991 1172 2182 1236 latuit
2225 1170 2345 1235 sub
2390 1170 2655 1233 nomine
2701 1169 2867 1232 bubo
2912 1169 3197 1252 Pelargi,

1710 1257 1928 1323 Saevo
1973 1258 2170 1322 etiarn
2214 1263 2425 1320 rostro
2471 1255 2637 1319 dura
2669 1255 2896 1336 lupata
2937 1263 3210 1336 premat.
3231 1255 3285 1335 ⁴)

1538 1345 1687 1408 Non
1732 1346 1884 1426 quia
1925 1344 2280 1427 praecipui:
2331 1341 2442 1405 sed
2480 1340 2648 1423 quod
2696 1341 3048 1406 certamine
3086 1341 3155 1403 in
3200 1341 3323 1404 isto

1711 1428 2076 1513 Signiferos
2122 1430 2352 1492 statuit
2394 1427 2719 1509 flatigiosa
2763 1427 3014 1490 cohors.

1538 1517 1718 1597 Ergo
1763 1517 1881 1581 sub
1929 1515 2167 1597 triplici
2209 1513 2457 1578 bellant
2491 1515 2860 1594 quicunque
2906 1513 3090 1588 tiara,

1711 1603 1999 1682 Totaque
2037 1623 2105 1664 se
2148 1601 2275 1664 huc
2316 1600 2553 1663 sistant
2597 1620 2743 1662 cum
2789 1598 2951 1662 duce
2994 1607 3209 1662 castra
3253 1619 3385 1662 suo.

1539 1689 1816 1750 Astut-ae
1862 1687 2114 1769 vulpeS,
2161 1686 2479 1766 tinctique
2515 1706 2743 1750 cruore
2788 1685 3024 1758 leones,

1708 1773 1800 1836 Et
1836 1773 2220 1837 latratorum
2263 1772 2456 1834 turba
2494 1779 2804 1853 proterva
2837 1791 3090 1834 canum.

1542 1855 1792 1923 Ordine
1837 1860 2106 1941 quisque
2151 1879 2286 1934 suc,
2331 1857 2555 1940 magni
2602 1874 2795 1937 atque
2832 1855 3115 1939 ignobile
3162 1856 3417 1940 vulg-ns,

1711 1944 1986 2008 Insolito
2026 1944 2280 2008 discant
2322 1941 2598 2006 subdere
2636 1942 2801 2007 colla
2842 1944 3008 2024 iugo,

1542 2029 1633 2092 At
1677 2051 1797 2094 vos
1842 2030 1921 2094 de
1965 2029 2232 2093 meliore
2275 2039 2424 2092 nota
2473 2028 2808 2109 sanctique
2854 2039 3079 2110 poetae

1722 2118 1917 2180 Musa
1959 2116 2195 2197 quibus
2241 2136 2474 2178 suaves
2509 2112 2728 2177 fundit
2773 2135 3043 2177 amoena
3076 2112 3319 2192 modOS,

1539 2203 1891 2288 Magnifico
1936 2200 2254 2266 celebrem
2299 2200 2547 2274 Christi
2591 2209 2847 2264 cantate
2882 2199 3290 2281 triumphum

1713 2289 2040 2353 Carmine.
2131 2287 2207 2349 Io
2245 2309 2449 2368 paean
2494 2295 2751 2350 caetera
2797 2287 2990 2349 turba
3034 2287 3227 2350 canit.

1544 2459 1738 2540 Quod
1775 2471 2013 2523 natura
2049 2467 2264 2542 nogat,
2304 2458 2504 2522 studii
2548 2459 2695 2539 pius
2742 2458 2938 2520 efficit
2982 2457 3189 2521 ardor.

1715 2546 1809 2610 Ut
1851 2566 2048 2610 coner
2083 2544 2310 2608 laudes
2346 2544 2608 2608 Christe
2649 2563 2880 2606 sonare
2917 2552 3081 2608 tuas.

1026 2839 1083 2899 1)
1122 2837 1212 2891 De
1245 2839 1583 2892 celeberrimo
1611 2837 1845 2889 Lutheri
1886 2836 2209 2889 adversario
2244 2834 2326 2887 10.
2371 2834 2545 2888 Eckio
2585 2851 2691 2886 non
2730 2840 2807 2885 est
2842 2833 2988 2902 quod
3022 2834 3072 2886 11.
3110 2835 3144 2886 l.
3181 2834 3344 2887 verba
3361 2834 3651 2899 faciamus.
3710 2833 3967 2899 Sufficiat
3996 2851 4180 2902 pauca
4213 2835 4481 2904 quaedam
4515 2843 4741 2890 coaeta-

721 2924 949 2964 neo-rum
984 2907 1292 2961 testimonia
1328 2907 1572 2960 attidisse
1609 2922 1747 2976 quae
1781 2905 1858 2959 ad
1891 2906 2108 2959 autoris
2143 2905 2324 2957 nostri
2357 2904 2657 2956 invectivas
2702 2903 3064 2956 illustrandas
3102 2905 3394 2970 pertinent.
3473 2904 3894 2969 Clari-stophorus
3934 2902 4247 2960 Schearlius
4294 2905 4355 2957 in
4389 2905 4563 2958 literis
4601 2905 4732 2957 suis

721 2979 775 3034 d.
819 2977 868 3030 4.
905 2976 1037 3032 Dec.
1076 2975 1213 3027 1540
1261 2974 1594 3030 Wormatiae
1629 2968 1852 3044 scriptis
1889 2973 1967 3027 ad
2014 2974 2324 3043 episcopam
2376 2971 2868 3026 Eielistadtiensem
2914 2972 3044 3025 haec
3092 2972 3277 3026 habet:
3320 2971 3538 3025 Ethlich
3575 2973 3873 3043 schreyben
3906 2973 3973 3025 D.
4009 2973 4126 3027 Eck
4201 2974 4367 3027 rauch
4403 2974 4518 3027 sich
4555 2989 4733 3044 eynei-

718 3049 985 3101 kraussen
1020 3063 1127 3100 von
1164 3046 1362 3116 dreyen
1398 3062 1628 3112 massen,
1665 3046 1831 3099 domit
1866 3044 1963 3098 der
1999 3044 2184 3098 diener
2216 3044 2296 3096 nit
2333 3043 2432 3096 offt
2468 3043 2830 3105 einschenken
2867 3041 3092 3095 durffen.
3165 3040 3393 3109 (Soden,
3429 3041 3601 3095 Beitr.
3639 3058 3743 3094 sur
3785 3041 3973 3097 Gesch.
4009 3042 4109 3097 der
4205 3044 4273 3109 ef.
4307 3060 4363 3110 p.
4397 3042 4545 3108 482.)
4602 3044 4730 3096 Aa·

719 3123 806 3170 tor
840 3117 1005 3168 huius
1039 3115 1297 3183 epistolae
1333 3114 1503 3168 Eckii
1534 3114 1921 3169 consuetudine
1955 3113 2094 3166 satis
2125 3112 2479 3178 familiariter
2515 3117 2630 3164 tum
2666 3111 2922 3178 temporis
2954 3111 3225 3164 utebatur.
3278 3109 3537 3180 Cruciyer
3571 3110 3929 3180 Buqenhayio
3964 3112 4154 3166 scribit
4188 3112 4241 3167 d.
4278 3110 4359 3165 19.
4376 3111 4527 3166 Maii
4560 3110 4703 3165 1541
4725 3133 4745 3162 .-

723 3186 790 3238 D.
840 3185 1040 3238 Eccius
1077 3184 1286 3251 aliquot
1335 3185 1440 3237 iam
1488 3183 1602 3238 dies
1642 3183 1911 3237 decumbit
1947 3182 2082 3234 febri
2120 3182 2372 3234 laborans
2409 3197 2477 3233 ex
2513 3181 2954 3247 intemperantia,
2990 3180 3254 3233 interdum
3289 3181 3423 3249 vini,
3458 3180 3725 3234 interdum
3761 3198 3792 3234 a
3833 3196 3948 3246 uae,
3988 3188 4048 3234 ut
4084 3181 4326 3235 audimus
4378 3182 4576 3236 multas
4613 3197 4735 3236 atn-

723 3255 929 3323 phoras
979 3254 1250 3307 hauriens.
1322 3253 1565 3320 (Corpus
1615 3252 1741 3315 Ref.
1779 3252 1884 3304 IV.
1930 3251 2076 3315 306.)
2148 3249 2421 3315 Bacenis,
2468 3249 2529 3301 in
2570 3249 2725 3301 Actis
2766 3248 3058 3315 Ratispon.
3098 3250 3406 3317 qermanice
3450 3248 3612 3302 editis
3642 3249 3739 3315 fol.
3824 3249 3913 3316 26,
3955 3255 4080 3317 post
4118 3266 4244 3304 uam
4290 3224 4358 3304 d’e
4389 3249 4630 3304 eiusdem
4667 3250 4740 3304 in

719 3322 985 3390 colloquio
1027 3321 1122 3374 illo
1151 3322 1406 3387 partibus
1434 3322 1608 3388 plura
1653 3321 1924 3386 disseruit,
1959 3320 2088 3373 haec
2122 3318 2308 3372 addit.-
2342 3318 2506 3371 Sunst
2539 3318 2611 3371 ist
2646 3318 2742 3371 der
2777 3318 2897 3371 Eck
2933 3319 3107 3371 seines
3145 3318 3463 3387 Ehrgeitzes
3509 3318 3619 3372 und
3660 3326 3823 3387 gantz
3875 3319 4073 3374 ontheo
4100 3336 4131 3373 o
4172 3320 4381 3387 ischen,
4431 3317 4741 3388 unflatigen

719 3390 937 3444 Lebens
973 3390 1282 3443 dermassen
1306 3390 1551 3457 erkandt,
1589 3391 1723 3443 auch
1762 3390 1864 3442 den
1890 3389 2092 3456 semen,
2128 3388 2228 3440 daz
2265 3404 2388 3440 man
2427 3388 2482 3453 in
2517 3403 2587 3440 zu
2623 3387 2845 3441 solchen
2866 3386 3047 3439 hohen
3083 3388 3379 3455 gottlichen
3414 3386 3648 3441 handeln
3676 3388 3885 3443 freilich
3903 3389 3983 3442 nit
4017 3337 4197 3444 warde
4233 3387 4498 3457 geordnet
4532 3387 4740 3443 haben.

726 3459 1122 3526 Subjanqimus
1157 3460 1274 3511 eius
1308 3459 1624 3525 epitaphion
1664 3475 1700 3511 a
1739 3458 2087 3511 Melanthone
2121 3457 2498 3523 compositum.-

1861 3556 2033 3610 Πολλὰ
2069 3556 2270 3627 quirum
2303 3560 2395 3608 acal
2427 3557 2595 3609 πολλὰ
2628 3556 2768 3609 πιών
2802 3559 2893 3608 καὶ
2925 3557 3091 3609 πολλὰ
3126 3552 3245 3609 κάκ’
3277 3554 3463 3621 εἰπών,

1981 3624 2065 3678 Ἑν
2101 3626 2167 3677 δὲ
2203 3622 2364 3697 τάφῳ
2384 3626 2556 3685 Ἔκιος
2590 3620 2810 3696 γαστέρ’
2847 3626 3043 3689 ἔθηκεν
3079 3626 3180 3691 ἑήν.

1859 3732 2034 3785 Multa
2079 3747 2277 3784 vorans
2317 3737 2372 3784 et
2406 3732 2575 3784 multa
2611 3732 2824 3796 bibenS‚
2874 3732 3017 3785 mala
3052 3732 3283 3800 plurima
3320 3732 3519 3800 dicenS,

1993 3800 2187 3854 Eccius
2225 3801 2328 3853 hac
2366 3802 2548 3867 posuit
2586 3806 2743 3868 putre
2783 3801 3014 3854 cadaver
3050 3801 3228 3854 humo.

779 3980 790 3995 .
1035 3936 1095 4001 2)
1139 3939 1224 3991 Io.
1265 3938 1560 3992 Cochlaeus
1597 3938 2071 4005 Norimberyensis
2105 3939 2249 3990 inter
2280 3937 2694 4002 reformationis
2727 3942 2777 3989 et
2810 3937 3229 4001 reformatorum
3250 3936 3600 3990 adversarios
3627 3935 4030 4001 famosissimas
4043 3938 4313 4005 plurimos
4340 3937 4545 3992 menon
4582 3954 4749 3993 men·

726 4006 903 4061 duciis
938 4013 988 4059 et
1020 4007 1313 4060 calumniis
1337 4008 1535 4075 plenos
1563 4022 1668 4074 per
1701 4008 1997 4061 tricennale
2031 4007 2284 4074 temporis
2317 4008 2559 4073 spatium
2592 4012 2783 4058 eontra
2818 4022 2907 4058 eos
2941 4006 3126 4059 edidit.
3199 4008 3323 4059 Iam
3362 4004 3494 4058 1521
3542 4006 3879 4072 Wormatiae,
3916 4013 4027 4060 tam
4064 4005 4199 4059 1530
4234 4006 4519 4075 Auyustoe
4582 4008 4755 4062 rebus

798 4074 955 4129 endis
987 4075 1256 4143 interfuit,
1293 4081 1344 4129 et
1377 4076 1489 4130 illic
1525 4076 1768 4129 Luthero
1804 4078 2054 4129 inimicos
2088 4075 2408 4140 suscitavit,
2453 4075 2541 4128 hic
2576 4080 2766 4129 eontra
2806 4074 3209 4128 Melantho-nem
3242 4076 3464 4142 scripsit
3495 4080 3545 4128 et
3579 4074 3934 4139 confessionis
3969 4074 4331 4144 Auqustanae
4364 4074 4749 4141 confutationi

724 4092 963 4199 gicadae
1005 4159 1224 4211 operam
1269 4160 1428 4197 suam
1474 4146 1720 4198 navavit.
1794 4144 1926 4197 Cum
1968 4146 2193 4198 Calvino
2227 4146 2466 4211 primum
2503 4144 2803 4212 Haqcnoae
2845 4159 2895 4195 a.
2935 4142 3068 4195 1540
3104 4160 3447 4211 conqressum
3483 4158 3597 4197 esse
3630 4160 3757 4197 vero
3793 4144 3969 4197 simae
4013 4150 4118 4213 est,
4162 4159 4317 4215 quem
4362 4150 4504 4199 certe
4534 4148 4746 4212 paucis

714 4219 848 4282 post
879 4214 1046 4266 annis
1079 4214 1281 4267 aci-iter
1311 4219 1363 4267 et
1396 4214 1603 4267 insulse
1632 4214 1984 4281 impuqnavitt
2012 4214 2290 4281 peculiari
2332 4214 2507 4266 libello
2543 4219 2738 4268 contra
2782 4214 2899 4265 eius
2946 4220 3237 4267 tractatum
3285 4213 3350 4265 de
3390 4212 3662 4281 Reliquiis
3709 4213 3873 4280 edito,
3923 4229 3960 4267 a
3996 4213 4153 4268 Besa
4185 4229 4328 4282 mox,
4364 4220 4573 4268 taceam
4614 4214 4746 4269 Gal·

724 4283 870 4349 m‘nO,
903 4281 1078 4349 lepide
1109 4289 1159 4336 et
1189 4282 1411 4347 fortiter
1439 4283 1783 4351 profliqatas.
1869 4284 1998 4337 Vide
2033 4282 2266 4336 Baamii
2299 4282 2502 4335 Bezam
2539 4283 2589 4334 I.
2628 4280 2745 4334 123.
2780 4280 2899 4334 357.
2942 4281 3089 4335 Obiit
3124 4299 3176 4335 a.
3214 4280 3366 4335 1552.

1032 4417 1093 4483 3)
1134 4418 1457 4473 Bridericus
1494 4418 1747 4485 Nausea,
1776 4422 2006 4487 proprie
2047 4420 2205 4473 Grau
2243 4420 2446 4487 dictus,
2515 4419 3034 4487 Wirtemberyensis,
3072 4420 3201 4473 olim
3244 4420 3532 4488 Campeyio
3584 4419 3877 4473 Cardinali
3909 4436 3946 4472 a
3982 4419 4155 4474 literis
4200 4426 4391 4488 postea
4425 4420 4744 4503 Moqaatiae

723 4488 1093 4611 mator,
1127 4493 1392 4553 postremo
1423 4488 1773 4543 Vindobonae
1805 4492 2092 4557 episcopus
2128 4508 2179 4542 a.
2217 4486 2383 4554 1541„
2420 4489 2554 4541 obiit
2587 4505 2640 4541 a.
2676 4487 2826 4540 1552.
2880 4488 3133 4541 Plurima
3163 4489 3389 4552 fuerant
3414 4490 3540 4543 eius
3574 4490 3781 4556 scripta
3802 4488 4101 4557 dialectica,
4137 4461 4456 4557 liomiletica‚
4492 4489 4743 4545 numidica

800 4572 878 4625 po
980 4571 1086 4610 ica.
2597 4581 2602 4585 ’

1033 4694 1096 4757 4)
1134 4692 1458 4747 Ambrosius
1494 4694 1777 4763 Petamus,
1810 4697 2121 4763 qermanieo
2155 4710 2255 4748 sao
2289 4695 2505 4747 nomine
2541 4693 2736 4747 Stoi-ch
2769 4694 2897 4747 olim
2933 4711 3004 4763 ap
3072 4696 3252 4762 uatus,
3293 4695 3354 4749 N
3355 4695 3491 4750 idda
3508 4696 3794 4762 oriundas,
3829 4694 4074 4749 Hassiae
4095 4712 4164 4763 op
4206 4695 4315 4763 ide,
4352 4693 4540 4751 ordini
4573 4696 4745 4751 Prae-

726 4763 1036 4817 dicatorum
1069 4760 1397 4829 adem-epam,
1431 4768 1484 4816 et
1515 4765 1704 4817 curiae
1748 4764 2086 4818 Trevirensis
2119 4764 2408 4833 theologus,
2444 4764 2699 4828 interfuit
2741 4764 2969 4817 concilio
3090 4766 3099 4776 '
3165 4768 3319 4818 utino
3355 4770 3405 4817 et
3438 4765 3569 4819 obiit
3591 4781 3642 4819 a.
3667 4763 3819 4817 1557.
3869 4765 4066 4819 Varios
4100 4780 4129 4817 e
4167 4764 4274 4818 idit
4307 4765 4511 4819 libellos
4545 4772 4746 4821 contra

727 4831 1057 4897 Lutherum,
1100 4828 1601 4899 Oeeolampadiam,
1647 4834 1801 4887 alios.
1874 4833 1964 4887 De
2007 4850 2065 4885 eo
2102 4833 2353 4887 Bacenis
2395 4833 2457 4884 in
2491 4832 2731 4901 quadam
2777 4834 3005 4900 epistola
3040 4833 3250 4887 inedita
3294 4834 3346 4887 d.
3384 4834 3435 4886 d.
3472 4832 3522 4887 4.
3563 4833 3706 4902 Sept.
3743 4831 3904 4899 1540,
3953 4839 4005 4887 et
4037 4834 4098 4888 in
4135 4833 4395 4888 Archivis
4443 4833 4745 4890 Thomanis

727 4900 1089 4969 Argentorati
1121 4906 1407 4954 asservata
1439 4901 1519 4954 sic
1553 4902 1768 4955 scribit:
1804 4902 2088 4971 Pelargum
2122 4908 2360 4956 vestrum
2395 4903 2520 4955 novi
2558 4909 2682 4955 ante
2719 4919 2889 4955 annos
2924 4903 3149 4971 multos,
3193 4903 3461 4956 hominem
3497 4908 3554 4956 et
3590 4902 3948 4957 confidentem
3996 4910 4052 4957 et
4088 4904 4507 4972 contentiosum,
4557 4920 4594 4958 a
4630 4922 4743 4972 quo

728 4970 943 5036 ingenio
979 4985 1088 5022 non
1124 4969 1283 5023 audio
1320 4985 1442 5023 eum
1476 4970 1698 5023 multum
1734 4970 1908 5025 adhuc
1945 4972 2261 5036 recessisse,
2298 4987 2522 5038 eamque
2561 4971 2719 5023 etiam
2756 4972 2897 5024 vitae
2973 4974 3177 5025 rivatae
3213 4971 3551 5039 disciplinam
3587 4973 3756 5040 sequi,
3794 4987 3931 5040 quae
3979 4987 4088 5025 non
4125 4973 4195 5025 sit
4229 4979 4544 5039 argumento
4584 4972 4742 5027 illum

729 5037 797 5090 dc
834 5036 1180 5092 restituendis
1215 5038 1460 5092 ecclesiis
1496 5037 1649 5092 valde
1688 5039 1974 5093 sollicitum
2010 5056 2148 5093 esse.
2220 5040 2470 5107 Suscepit
2504 5040 2595 5092 ille
2632 5056 2864 5107 pugnam
2900 4989 3159 5095 adversus
3195 5057 3296 5093 nos
3362 5040 3458 5093 sed
3495 5040 3701 5094 eminus
3737 5057 3845 5095 non
3883 5041 4121 5094 cominus
4158 5039 4389 5109 dimicat,
4432 5047 4487 5094 et
4520 5041 4743 5096 videtur

728 5107 1024 5160 instituisse
1071 5107 1241 5175 magis
1286 5106 1424 5161 adeo
1468 5113 1530 5160 ut
1563 5106 1686 5161 huic
1720 5124 1880 5175 quam
1918 5110 2019 5162 sibi
2051 5109 2304 5175 imposuit
2339 5123 2607 5176 personae
2654 5124 2814 5176 quam
2860 5114 2921 5162 ut
2966 5109 3226 5162 ecclesiae
3264 5082 3463 5162 christi
3496 5111 3766 5163 inserviat.
3838 5108 3976 5164 Nam
4026 5125 4180 5162 omne
4230 5109 4463 5163 studium
4498 5126 4564 5165 eo
4606 5127 4739 5164 con·

732 5180 844 5228 stat
878 5181 939 5228 ut
972 5176 1192 5242 quaevis
1230 5182 1435 5243 nostra,
1472 5176 1767 5244 quamlibet
1801 5178 1906 5230 sint
1942 5193 2009 5230 ex
2043 5178 2164 5244 ipsa
2200 5178 2467 5245 scriptura
2503 5177 2603 5230 Dei
2653 5185 2709 5230 et
2745 5179 3199 5231 sanctissimorum
3234 5184 3447 5246 patrum
3484 5179 3698 5246 scriptis
3735 5185 3791 5232 et
3827 5178 4203 5232 observatione
4240 5177 4589 5248 deprompta,
4654 5180 4755 5234 vel

730 5241 1074 5297 calumniosis
1109 5244 1456 5312 sophismatis
1490 5251 1784 5315 pervertat,
1820 5245 1906 5298 vel
1943 5247 2145 5313 apertis
2182 5253 2237 5299 et
2272 5245 2668 5314 impudentibus
2704 5246 2940 5300 incessat
2976 5247 3243 5315 convicii8‚
3281 5252 3434 5301 caeti.
