5100 6061
668 432 786 491 211

672 623 771 680 tot
810 613 969 680 loeis
1007 633 1081 678 66
1117 614 1456 692 similibus,
1501 614 1817 696 syllabam
1854 631 2052 675 unam
2090 608 2170 673 de
2208 628 2433 672 somno
2470 627 2623 690 pro-

673 702 844 766 ferre
904 710 1194 783 possunt.
1266 702 1501 782 Atqui,
1550 699 1804 763 etiamsi
1840 695 2149 779 vigilent,
2209 714 2430 760 carere
2474 714 2623 777 pos·

674 796 830 852 sunt
867 786 1091 870 gloria.
1162 785 1382 866 Quare
1426 807 1624 867 quum
1660 784 1874 849 insani
1920 782 2006 845 sit
2043 780 2344 857 hominis,
2379 779 2626 844 nedum

675 872 1041 950 temerarii,
1102 874 1241 936 sine
1298 873 1621 953 scriptura
1677 868 1949 933 definire
2004 868 2083 931 de
2124 868 2231 946 iis,
2290 886 2456 947 quae
2501 866 2624 930 sub

677 979 945 1024 sensum
984 959 1267 1022 hominis
1302 978 1435 1021 666
1472 956 1741 1022 cadunt:
1786 975 1912 1035 quo
1947 953 2216 1017 tandem
2251 951 2443 1018 vultu
2476 972 2624 1034 per-

678 1053 849 1129 gunt
891 1044 1234 1108 temulenti
1279 1043 1385 1108 isti
1433 1050 1497 1105 ct
1541 1042 1693 1105 novi
1732 1040 2159 1123 dogmatistae
2198 1038 2271 1101 iu
2308 1037 2625 1102 defensio-

678 1152 832 1195 nem
881 1131 1110 1207 somni,
1159 1149 1353 1211 quem
1399 1150 1529 1191 non
1577 1134 1972 1209 acceperunt
2014 1147 2096 1188 ex
2155 1146 2266 1188 ore
2309 1121 2623 1188 Domini?

677 1216 823 1281 Hoc
880 1216 1055 1280 sanis
1113 1224 1177 1278 et
1233 1212 1461 1280 sobriis
1522 1214 1683 1278 satis
1746 1233 1887 1277 6886
1932 1212 2158 1294 possit:
2220 1231 2345 1291 quo
2392 1230 2626 1293 agnos-

679 1312 830 1365 cant
885 1322 1181 1365 somnum
1239 1301 1437 1363 istum
1505 1298 1798 1382 improbe
1849 1297 2162 1380 confingi,
2234 1296 2344 1377 qui
2400 1304 2626 1377 aperto

676 1387 801 1451 Dei
862 1386 1058 1451 verbo
1114 1386 1372 1468 probari
1433 1408 1566 1450 non
1626 1384 1847 1467 possit.
1920 1383 2051 1448 Sed
2099 1405 2247 1465 age,
2293 1382 2413 1447 hos
2456 1381 2627 1445 locos

678 1473 888 1536 obiter
935 1471 1344 1547 disseramus,
1374 1474 1422 1555 ¹)
1478 1493 1563 1535 ne
1618 1470 1771 1552 quid
1817 1470 2246 1551 simpliciores
2294 1476 2623 1543 moveant,

723 1579 883 1622 uum
945 1557 1223 1622 audiunt
1280 1557 1557 1622 salutem
1624 1557 1990 1619 animarum
2057 1556 2123 1618 16
2180 1553 2351 1618 diem
2404 1553 2624 1618 iudicii

723 1645 944 1707 ifferri.
1010 1644 1313 1707 Primum
1358 1642 1520 1706 illud
1564 1640 1825 1724 quidem
1867 1642 1939 1704 in
1984 1642 2275 1706 confesso
2322 1661 2465 1704 6886
2510 1660 2626 1704 vo-

676 1730 911 1807 lumus,
959 1729 1131 1812 quod
1174 1731 1306 1793 iam
1351 1738 1501 1803 ante
1547 1728 1939 1810 explicatum
1987 1750 2026 1791 a
2069 1727 2253 1791 nobis
2299 1734 2428 1804 est,
2475 1727 2626 1790 bea·

677 1816 1025 1880 titudinem
1072 1823 1365 1878 nostram
1410 1834 1667 1896 semper
1721 1815 1792 1876 in
1839 1835 2033 1878 eursu
2078 1833 2247 1889 6886,
2294 1833 2498 1894 usque
2544 1811 2626 1875 ad

678 1901 847 1966 diem
895 1901 1103 1977 illum,
1150 1902 1259 1982 qui
1305 1921 1565 1963 omnem
1610 1921 1872 1964 cursum
1917 1899 2179 1965 claudet
2214 1906 2280 1961 et
2315 1898 2626 1961 termina-

678 1987 797 2051 bit:
856 1989 951 2051 i‘ta
1006 1986 1357 2050 electorum
1413 1986 1716 2069 gloriam,
1775 1993 1843 2049 et
1896 1985 2164 2049 ultimae
2222 1984 2361 2066 spei
2405 1985 2624 2061 finem,

680 2073 761 2137 ad
799 2095 948 2137 eum
986 2074 1199 2155 ipsum
1237 2071 1405 2136 diem
1450 2080 1763 2155 spectare,
1802 2078 1874 2135 ut
1909 2071 2327 2154 impleantur.
2351 2071 2408 2154 2)
2453 2070 2626 2133 Nam

681 2160 801 2223 hoc
838 2159 996 2221 satis
1032 2159 1203 2221 inter
1237 2179 1462 2221 6611168
1499 2158 1818 2234 convenit,
1865 2156 2120 2220 nullam
2156 2177 2297 2220 esse
2333 2155 2438 2221 vel
2476 2157 2626 2219 bea-

681 2244 1009 2317 titudinis,
1070 2243 1175 2307 vel
1234 2243 1475 2326 gloriae
1533 2243 2033 2326 perfectionem,
2092 2243 2218 2307 nisi
2273 2242 2625 2323 perfecta-m

683 2351 828 2393 eum
869 2330 1009 2392 Deo
1046 2329 1587 2394 coniunctionem.
1658 2330 1809 2394 Huc
1846 2350 2071 2393 omnes
2106 2327 2459 2406 tendimus,
2497 2328 2627 2392 hue

684 2435 1136 2498 properamus,
1192 2415 1320 2479 huc
1364 2436 1590 2479 omnes
1634 2414 1993 2497 scripturae
2034 2416 2338 2492 mitt-unt,
2386 2422 2452 2477 61
2494 2412 2625 2477 Dei

684 2502 1160 2583 promissiones.
1242 2500 1433 2581 Quod
1501 2503 1676 2565 enim
1748 2501 1949 2566 semel
2005 2500 2315 2565 Abrahae
2380 2499 2625 2563 dietum

683 2596 808 2663 681,
865 2585 944 2650 611
1000 2608 1117 2651 668
1173 2587 1367 2651 etiam
1413 2588 1723 2669 pertinet:
1785 2586 2154 2665 Abraham,
2212 2606 2332 2670 686
2376 2605 2627 2650 merces

685 2682 797 2737 tua
852 2693 1088 2755 magua
1143 2672 1343 2737 nimis
1398 2673 1595 2754 (Gen.
1650 2678 1744 2748 15,
1792 2674 1874 2757 l).
1959 2674 2145 2737 Η666
2211 2692 2366 2755 6186
2426 2692 2626 2755 quum

685 2758 767 2822 sit
824 2761 1173 2823 constituta
1227 2759 1530 2824 omnibus
1582 2779 1857 2837 merces,
1915 2760 2024 2842 qui
2078 2780 2228 2824 cum
2285 2756 2626 2822 Abraham

682 2855 929 2926 partem
977 2845 1252 2910 habent:
1299 2844 1519 2908 Deum
1563 2845 1913 2927 possidere,
1962 2852 2027 2909 61
2069 2866 2144 2909 66
2184 2845 2332 2922 frui,
2369 2851 2628 2925 praeter

681 2952 893 3011 quam,
942 2941 1007 2994 61
1052 2931 1224 2994 ultra
1260 2952 1473 3013 quam,
1521 2930 1770 2996 nullam
1816 2932 2013 2997 aliam
2058 2937 2364 3014 appetere
2406 2929 2625 2995 liceat:

680 3015 1061 3083 coniicit-ndi
1120 3024 1275 3083 sunt
1318 3016 1471 3082 illuc
1516 3018 1718 3094 oculi,
1777 3041 1976 3101 quum
2021 3017 2099 3082 dc
2144 3015 2629 3099 exspectatione

682 3113 903 3168 nost-ra
947 3106 1178 3187 agitur.
1249 3104 1610 3182 Hactenus,
1658 3107 1726 3168 ni
1761 3105 1973 3178 fallor,
2021 3105 2469 3168 assentiuntur
2511 3123 2627 3166 no·
2679 3127 2680 3144 ¹

681 3189 781 3254 bis
828 3190 1187 3254 adversarii
1233 3190 1456 3254 nostri.
1522 3192 1739 3271 Atque
1784 3190 1961 3253 istud
2005 3211 2265 3254 rursum
2304 3189 2506 3265 661118,
2555 3196 2630 3252 111

680 3296 887 3358 89616,
935 3275 1307 3352 concedent,
1357 3297 1632 3358 regnum
1670 3275 1849 3354 illud,
1897 3275 1979 3339 ad
2016 3274 2188 3358 quod
2220 3273 2446 3339 fideles
2478 3295 2629 3356 pos-

681 3360 1024 3426 sidendum
1074 3373 1419 3438 vocantur,
1466 3361 1637 3443 quod
1683 3373 1749 3424 61
1792 3361 1971 3426 salus
2015 3360 2199 3438 alibi,
2248 3368 2314 3424 et
2356 3380 2624 3439 11161668,

682 3456 747 3509 et
801 3446 1005 3528 gloria
1054 3455 1503 3527 nuncupatur,
1560 3468 1691 3510 non
1747 3446 1924 3511 aliud
1972 3468 2141 3524 esse,
2202 3466 2396 3529 quam
2441 3446 2625 3510 illam

680 3553 827 3595 cum
874 3533 1014 3596 Deo
1061 3533 1396 3596 unionem:
1444 3542 1519 3596 ut
1561 3533 1808 3597 scilicet
1846 3535 1914 3596 in
1960 3533 2104 3598 Deo
2147 3532 2338 3616 plene
2379 3534 2538 3609 sint,
2588 3554 2626 3597 a

679 3616 823 3680 Deo
880 3617 1312 3700 impleantur,
1370 3618 1621 3702 ipsique
1676 3619 1961 3684 vicissim
2011 3620 2152 3683 Deo
2205 3617 2622 3696 adhaereant,

676 3702 893 3767 Deum
955 3703 1146 3785 plene
1205 3703 1604 3786 possideant,
1666 3727 1869 3769 unum
1940 3705 2218 3787 denique
2273 3727 2421 3771 eum
2478 3706 2625 3769 Deo

678 3789 827 3853 sint.
897 3786 1008 3854 Sic
1054 3789 1231 3853 enim
1278 3789 1434 3853 dum
1480 3792 1548 3853 in
1592 3792 1771 3854 fonte
1817 3803 1974 3855 sunt
2016 3792 2227 3860 omnis
2269 3790 2625 3874 plenitudi-
2675 3835 2679 3880 1

677 3875 807 3950 618,
867 3874 1167 3939 ultimam
1222 3882 1467 3940 metam
1523 3877 1859 3960 attingunt
1903 3877 2117 3941 omnis
2160 3877 2472 3954 iustitiae,
2521 3897 2625 3941 sa-

678 3961 978 4042 pientiae,
1018 3960 1292 4044 gloriae:
1330 3963 1563 4043 quibus
1599 3961 2158 4028 benedictionibus
2185 3971 2441 4050 constat
2476 3984 2624 4046 reg-

680 4068 836 4109 num
881 4047 1024 4111 Dei.
1093 4047 1268 4111 Nam
1303 4046 1371 4111 id
1408 4069 1552 4112 esse
1587 4047 1895 4112 ultimum
1927 4058 2248 4131 punctum
2286 4051 2470 4132 regni
2497 4050 2624 4113 Dei

679 4133 1037 4196 insinuavit
1082 4133 1346 4209 Ρ661118,
1384 4155 1585 4215 quum
1631 4134 1874 4216 inquit:
1922 4135 2014 4200 Ut
2059 4136 2145 4198 sit
2185 4135 2372 4199 Deus
2404 4135 2625 4200 omnia

677 4219 748 4280 in
804 4218 1102 4284 omnibus
1156 4220 1219 4303 (l
1270 4219 1417 4284 061.
1466 4224 1559 4298 15,
1605 4222 1735 4303 28).
1816 4218 1890 4284 81
1948 4222 2131 4285 Deus
2188 4220 2299 4284 illo
2359 4220 2622 4285 demum

645 4303 780 4367 -die
826 4325 979 4370 vere
1025 4305 1151 4369 erit
1191 4306 1411 4369 omnia
1460 4306 1526 4368 in
1569 4306 1899 4384 omnibus,
1959 4318 2026 4371 61
2078 4328 2229 4371 8668
2272 4305 2497 4371 fideles
2540 4306 2625 4371 ad

678 4390 927 4454 iustum
971 4390 1238 4454 modum
1278 4391 1590 4472 implebit,
1640 4414 1773 4455 non
1816 4392 2054 4475 absque
2100 4412 2294 4457 66686
2333 4391 2469 4459 dies
2513 4392 2624 4456 ille

679 4475 907 4540 salutis
952 4482 1214 4541 nostrae
1254 4476 1509 4555 dicitur,
1556 4486 1709 4542 ante
1758 4500 1950 4561 quem
2002 4501 2131 4543 non
2177 4500 2404 4543 omnes
2448 4478 2624 4543 8616-

678 4562 763 4626 118
805 4570 1067 4626 11681166
1111 4563 1368 4626 numeri
1414 4563 1789 4645 implentur.
1855 4564 2036 4645 Quos
2079 4566 2255 4630 enim
2279 4566 2464 4630 Deus
2500 4565 2623 4628 im-

2191 417 2759 486 PSYOHOPAN
2764 418 2824 482 N
2828 418 3144 484 YOHIA.

4552 422 4678 485 212

2728 607 2893 683 6116,
2938 605 3264 689 9688111616
3319 628 3632 690 regnum,
3692 618 3810 673 616.
3861 607 4128 692 (Μ61111.
4170 612 4271 687 25,
4312 609 4423 693 34)
4480 618 4548 675 61
4591 614 4679 676 si-

2728 691 3009 757 milibus.
3078 692 3471 774 Promptum
3512 693 3689 757 enim
3723 694 3906 759 nobis
3947 703 4046 759 est
4080 695 4503 777 respondere:
4545 720 4681 763 non

2728 776 2872 842 ideo
2915 799 3090 843 nunc
3135 778 3389 842 nullum
3438 800 3578 844 esse
3630 800 3935 863 regnum,
3993 782 4145 863 quia
4190 782 4484 846 nondum
4529 806 4678 866 per-

2730 864 2972 928 fectum
3019 872 3135 927 est.
3229 861 3363 929 Sed
3408 876 3635 929 contra
3680 865 3954 931 dicimus
4005 876 4162 932 tunc
4207 869 4680 949 perficiendum

2730 971 2891 1029 esse,
2936 949 3107 1032 quod
3148 951 3278 1013 iam
3323 951 3701 1015 inchoatum
3746 962 3863 1030 est,
3911 954 4097 1017 euius
4140 955 4235 1018 rei
4279 953 4477 1018 fidem
4521 968 4682 1022 tune

2731 1034 3012 1110 demum,
3039 1036 3282 1101 fact-am
3335 1058 3372 1101 a
3428 1057 3535 1100 me
3581 1037 3757 1116 volo,
3812 1037 3920 1101 ubi
3978 1038 4243 1121 planam
4297 1041 4539 1120 fecero,
4593 1064 4679 1108 ex

2731 1122 2928 1187 certis
2987 1122 3459 1203 scripturarum
3520 1124 3941 1207 argumentis.
4033 1125 4204 1190 Nam
4262 1133 4329 1190 et
4385 1125 4523 1193 dies
4565 1129 4678 1195 ille

2729 1229 3007 1291 regnum
3043 1208 3171 1272 Dei
3209 1206 3463 1287 dicitur,
3499 1210 3650 1290 quia
3688 1216 3846 1275 111116
3883 1231 4036 1275 vere
4072 1210 4371 1277 subiiciet
4405 1213 4525 1279 sibi
4562 1236 4680 1297 po-

2731 1302 2999 1358 testates
3043 1292 3469 1372 adversariaS,
3517 1294 3833 1359 86166616
3878 1298 4225 1361 interficiet
4269 1300 4505 1380 spiritu
4550 1304 4679 1368 oris

2732 1380 2851 1456 sui,
2895 1386 2960 1443 61
3000 1378 3292 1443 (16811661
3334 1380 3765 1446 illustratione
3810 1381 4132 1448 adventus
4178 1384 4300 1459 sui,
4347 1386 4486 1468 ipse
4523 1409 4678 1453 vero

2732 1475 2906 1529 totus
2961 1466 3027 1528 in
3083 1465 3308 1531 electis
3368 1467 3502 1531 suis
3557 1465 3881 1532 habitabit
3933 1476 4000 1532 et
4055 1471 4356 1553 regnabit.
4411 1473 4470 1553 (1
4529 1471 4673 1538 Cor.

2739 1556 2835 1629 15,
2876 1554 2984 1629 24;
3037 1554 3072 1612 2
3113 1551 3341 1617 Thess.
3380 1556 3437 1630 2,
3477 1553 3564 1634 8).
3655 1553 3883 1635 Neque
3937 1554 4111 1619 enim
4171 1555 4360 1619 aliter
4401 1579 4680 1642 regnare

2731 1636 2886 1702 olim
2942 1638 3011 1700 in
3068 1657 3137 1701 se
3182 1637 3364 1701 Deus
3416 1646 3659 1720 potest,
3716 1661 3912 1721 quam
3969 1642 4272 1723 regnavit
4326 1643 4407 1708 ab
4463 1645 4677 1710 initio:

2732 1723 2916 1788 euius
2971 1724 3297 1787 maiestati
3353 1724 3518 1788 nihil
3576 1725 3881 1791 accedere
3936 1738 4051 1791 aut
4094 1727 4404 1793 decedere
4446 1740 4677 1813 potest.

2733 1806 2868 1873 8611
2911 1830 3193 1892 1681111111
3238 1810 3380 1874 61118
3425 1807 3690 1889 dicit-ur,
3746 1811 3916 1893 quod
3959 1813 4258 1878 omnibus
4303 1817 4680 1882 manifesta-

2733 1894 2924 1959 bitur.
3016 1895 3124 1958 An
3170 1916 3324 1959 vero
3381 1894 3535 1959 dum
3593 1917 3858 1962 oramus
3917 1908 3992 1962 ut
4045 1920 4324 1981 regnum
4383 1903 4522 1967 cius
4566 1903 4677 1967 ad-

2731 1982 2984 2059 veniat,
3042 1982 3402 2063 cogitamus
3459 2004 3634 2048 nunc
3692 1983 3946 2047 nullum
3991 1985 4177 2050 csse?
4265 1987 4359 2050 Et
4400 1988 4511 2052 ubi
4556 1990 4678 2054 erit

2731 2065 2939 2130 illud?
3030 2066 3336 2149 Regnum
3393 2068 3520 2132 Dei
3576 2068 3753 2133 intra
3807 2090 3925 2135 vos
3981 2080 4082 2135 est
4147 2072 4339 2153 (Luc.
4397 2079 4493 2151 17,
4544 2076 4672 2159 21).

2731 2152 2996 2235 Regnat
3046 2153 3251 2235 igitur
3295 2152 3480 2217 Deus
3538 2156 3667 2218 iam
3719 2177 3893 2220 nune
3937 2156 4008 2219 in
4055 2156 4281 2222 electis
4336 2159 4472 2224 suis
4517 2182 4677 2243 quos

2732 2240 2869 2323 agit
2911 2238 3144 2321 spiritu
3191 2260 3325 2303 suo.
3414 2240 3681 2324 Regnat
3723 2248 3789 2304 et
3833 2249 4061 2307 contra
4116 2244 4475 2324 diabolum,
4530 2268 4678 2330 pec-

2732 2333 2949 2389 catum
2986 2332 3053 2388 et
3075 2334 3368 2402 mortem,
3408 2326 3566 2389 dum
3603 2326 3783 2391 iubet
3816 2348 3852 2390 e
3887 2328 4175 2393 tenebris
4212 2329 4421 2395 lucem
4458 2332 4677 2414 splen-

2732 2411 3012 2489 descere,
3060 2431 3187 2491 qua
3231 2411 3717 2476 confundantur
3763 2434 3944 2478 error
3990 2429 4054 2479 et-
4104 2414 4551 2483 mendaeium:
4608 2428 4676 2484 et

2734 2494 2888 2560 dum
2934 2495 3251 2579 prohibet,
3298 2518 3382 2561 116
3418 2507 3697 2562 noceant
3731 2508 4084 2581 potestates
4122 2503 4540 2567 tenebrarum
4574 2504 4672 2584 iis,

2732 2584 2840 2664 qui
2887 2584 3147 2665 signum
3190 2583 3350 2666 agni
3380 2584 3452 2646 in
3489 2585 3701 2649 fronte
3738 2594 3994 2667 gerunt.
4060 2587 4344 2671 Regnat,
4390 2589 4674 2672 inquam,

2731 2669 2862 2732 iam
2888 2691 3081 2745 nunc,
3119 2669 3303 2733 euius
3347 2681 3421 2733 ut
3465 2691 3742 2753 regnum
3783 2669 4108 2750 adveniat,
4155 2694 4431 2739 oramus,
4497 2676 4675 2760 Reg-

2733 2762 2849 2818 nat
2882 2752 3146 2836 quidem
3183 2753 3338 2818 dum
3376 2768 3684 2838 operatur
3719 2758 3994 2823 virtutes
4039 2758 4109 2821 in
4153 2761 4311 2837 suis,
4359 2758 4514 2824 dum
4552 2761 4674 2827 Sa-

2732 2847 2925 2904 tanae
2967 2840 3180 2923 legem
3227 2840 3399 2906 dicit.
3470 2839 3605 2906 Sed
3649 2852 3804 2908 tunc
3848 2864 4126 2927 regnum
4171 2847 4308 2910 eius
4353 2847 4673 2928 adveniet,

2732 2947 2933 3008 quum
2988 2925 3380 3009 implebitur.
3470 2927 3862 3010 Implebitur
3915 2941 4164 3010 autem,
4225 2953 4424 3014 quum
4483 2934 4676 3016 plane

2732 3012 3174 3078 manifestabit
3223 3012 3498 3097 gloriam
3547 3015 3908 3080 maiestatis
3951 3037 4105 3080 suae
4147 3016 4369 3083 electis
4412 3019 4548 3085 suis
4592 3019 4675 3085 ad

2731 3098 3040 3177 salutem,
3078 3101 3372 3181 reprobis
3405 3100 3486 3164 ad
3518 3101 3981 3166 confusionem.
4043 3102 4217 3183 Quid
4252 3111 4472 3170 autem
4497 3106 4676 3172 aliud

2730 3185 2838 3250 vel
2872 3185 3216 3250 dicendum
3249 3185 3353 3250 vel
3388 3186 3778 3250 eredendum
3826 3197 3926 3252 est
3967 3188 4046 3252 de
4088 3189 4352 3255 electis?
4400 3213 4676 3272 quorum

2732 3292 3008 3354 regnum
3056 3281 3157 3335 est
3212 3281 3279 3336 et
3322 3272 3556 3355 gloria,
3603 3273 3684 3337 in
3740 3294 3944 3356 regno
3989 3275 4113 3339 Dei
4173 3275 4455 3358 glorioso
4513 3299 4675 3356 esse,

2729 3368 2795 3421 et
2838 3378 2986 3422 cum
3031 3358 3175 3421 Deo
3211 3357 3419 3422 velut-i
3463 3379 3758 3441 regnare,
3807 3369 3872 3423 et
3915 3361 3983 3424 in
4028 3382 4102 3424 eo
4148 3361 4441 3444 gloriari:
4491 3363 4676 3428 deni-

2729 3465 2853 3525 que
2876 3443 3149 3508 'divinae
3181 3443 3429 3527 gloriae
3464 3447 3812 3527 participes
3849 3466 4004 3509 6886.
4063 3446 4207 3512 Η66
4242 3448 4503 3530 quidem
4527 3470 4677 3533 reg-

2729 3551 2908 3607 num,
2956 3530 3216 3594 tametsi
3262 3530 3552 3594 nondum
3600 3531 3940 3596 advenisse
3986 3531 4243 3612 dieitur,
4293 3541 4513 3598 tamen
4555 3536 4676 3600 ali-

2728 3635 2857 3697 qua
2900 3637 2982 3680 ex
3025 3624 3210 3698 parte
3255 3625 3548 3699 spectare
3591 3617 3761 3683 lieet.
3830 3617 4004 3682 Nam
4048 3618 4116 3681 in
4163 3640 4364 3702 regno
4403 3621 4528 3684 Dei
4575 3623 4676 3686 in-

2729 3701 2981 3783 cipiunt
3023 3721 3183 3780 esse,
3229 3705 3338 3784 qui
3384 3725 3661 3786 regnum
3697 3703 3826 3767 Dei
3871 3703 4342 3786 quodammodo
4386 3707 4562 3771 intra
4603 3728 4678 3772 86

2731 3788 2993 3865 habent,
3040 3797 3107 3852 ct
3149 3809 3297 3852 cum
3342 3787 3486 3854 Deo
3532 3800 3841 3872 regnant:
3888 3788 4202 3855 adversus
4246 3812 4406 3873 quos
4449 3801 4675 3875 portae

2729 3873 3087 3937 inferorum
3133 3874 3509 3955 praevalere
3554 3884 3889 3958 nequeunt
3931 3876 4201 3958 (Matth.
4250 3882 4341 3955 16,
4392 3881 4513 3962 16).
4589 3879 4678 3943 16

2727 3961 2871 4023 Deo
2917 3959 3368 4034 iustificantur,
3418 3960 3496 4025 de
3532 3962 3767 4046 quibus
3805 3961 4049 4026 dictum
4097 3970 4223 4026 est:
4270 3962 4352 4026 In
4387 3965 4677 4029 Domino

2727 4045 3189 4111 iustificabitur
3232 4054 3299 4109 et
3341 4046 3713 4111 laudabitur
3761 4069 3952 4112 61666
4005 4068 4229 4113 semen
4267 4048 4473 4114 Israel
4509 4050 4677 4134 (les,

2730 4139 2830 4208 45,
2876 4135 3006 4213 25).
3095 4131 3191 4196 Ut
3232 4153 3498 4215 prorsus
3542 4154 3819 4217 regnum
3869 4133 4039 4198 istud
4086 4135 4173 4198 sit
4217 4134 4524 4200 eeclesiae
4569 4158 4681 4200 ae-

2731 4216 3030 4294 dificatio,
3077 4238 3192 4283 seu
3238 4219 3564 4301 profectus
3608 4218 3918 4298 fidelium,
3966 4240 4160 4301 quem
4206 4220 4392 4285 nobis
4436 4220 4680 4287 descri-

2728 4303 2828 4368 bit
2869 4303 3149 4368 Paulus:
3207 4304 3320 4386 qui
3374 4325 3490 4385 per
3534 4325 3760 4369 omnes
3804 4313 4089 4369 aetatum
4135 4306 4380 4389 gradus
4425 4307 4679 4371 adoles-

2728 4399 2884 4455 cunt
2941 4391 3011 4452 in
3069 4390 3284 4453 virum
3339 4390 3700 4472 perfectum
3761 4391 4031 4473 (Ephes.
4086 4397 4156 4468 4,
4217 4392 4337 4473 13).
4430 4393 4681 4458 Vident

2729 4475 2882 4540 boni
2939 4475 3048 4538 isti
3106 4476 3229 4539 viri
3291 4475 3488 4539 huius
3545 4478 3730 4559 regni
3783 4477 4130 4559 principia,
4189 4477 4414 4542 vident
4466 4480 4678 4543 inere·

2729 4569 2981 4624 menta:
3021 4562 3244 4624 statim
3282 4569 3473 4643 atque
3510 4562 3674 4626 haee
3706 4561 3950 4626 abeunt
3983 4584 4064 4627 ex
4101 4563 4321 4642 oeulis,
4359 4585 4491 4628 non
4515 4564 4678 4629 dant

677 4647 829 4729 plet,
876 4649 922 4710 ii
968 4647 1328 4746 implentur
1373 4650 1673 4713 omnibus
1718 4649 1994 4730 divit-iis,
2040 4672 2202 4733 quas
2245 4672 2453 4732 neque
2494 4650 2623 4714 lin·
2673 4649 2679 4740 ᾗ
2728 4645 2878 4711 fidei
2921 4645 3317 4725 locum,'nee
3352 4648 3676 4712 sustinent
3722 4647 4003 4726 eredere,
4047 4649 4216 4731 quod
4262 4670 4392 4714 non
4430 4650 4677 4715 habent

678 4754 809 4817 gua
853 4734 1097 4816 eloqui,
1143 4754 1268 4798 nec
1313 4734 1488 4798 auris
1533 4738 1898 4819 percipere,
1944 4741 2063 4802 666
2108 4737 2335 4802 6661118
2381 4736 2621 4815 videre,

678 4840 796 4885 666
845 4842 1032 4885 16668
1089 4819 1480 4903 cogitatione
1537 4823 1791 4903 assequi
1845 4833 2061 4904 potest
2115 4823 2177 4906 (l
2224 4821 2372 4888 061.
2425 4829 2482 4900 2,
2532 4822 2620 4906 9).

678 4904 861 4971 Η666
906 4905 1033 4970 duo
1078 4904 1136 4970 si
1180 4912 1369 4971 extra
1406 4909 1917 4972 controversiam
1954 4913 2216 5010 [fokffl
2254 4916 2429 4985 sunt,
2452 4909 2623 4972 frus-

679 4999 783 5054 tra
836 4992 1143 5056 nituntur
1205 4993 1413 5057 nostri
1484 4992 1843 5080 hypnologi
1910 5015 2295 5060 convincere
2367 5003 2625 5060 sanctos

679 5074 807 5140 Dei
852 5099 1104 5156 servOS,
1160 5077 1285 5144 hac
1329 5080 1471 5143 vita
1522 5076 1889 5156 defunetOS,
1947 5080 2237 5145 nondum
2295 5080 2626 5164 ingressos

680 5181 821 5226 esse
864 5164 932 5226 in
976 5186 1255 5248 regnum
1298 5165 1456 5242 Dei,
1515 5185 1597 5227 ex
1651 5185 1726 5227 66
1770 5165 1944 5246 quod
1990 5166 2120 5230 illis
2164 5164 2443 5232 dicetur:
2490 5167 2625 5231 Ve-

816 5349 873 5414 1)
913 5349 1265 5407 edisseramus
1301 5353 1473 5405 Amet.
1683 5349 1742 5417 2)
1779 5351 2080 5421 impleatur,
2121 5351 2254 5404 1552
2291 5368 2428 5423 seqq.

2727 4754 2885 4815 prae
2929 4731 3135 4797 oeulis
3180 4735 3412 4798 earnis.
3501 4734 3594 4797 At
3636 4754 3792 4800 vero
3836 4734 4029 4817 longe
4076 4735 4265 4800 aliter
4310 4736 4674 4817 apostolus:

2727 4819 3005 4895 Mortui,
3052 4819 3282 4901 inquit,
3340 4820 3520 4884 estis:
3580 4827 3646 4883 et
3689 4820 3828 4884 vita
3872 4828 4088 4886 vestra
4144 4821 4520 4886 abscondita
4573 4831 4678 4886 ost

2728 4927 2875 4971 cum
2922 4903 3188 4970 Christo
3229 4905 3295 4968 in
3341 4906 3502 4970 Deo.
3594 4904 3816 4986 Quum
3861 4914 4078 4971 autem
4124 4905 4432 4972 Christus
4474 4928 4676 4991 appa-

2731 4991 2957 5068 ruerit,
3005 4992 3140 5055 vita
3185 4999 3420 5068 vestra,
3469 4998 3627 5057 tune
3671 4998 3737 5056 et
3778 5014 3894 5057 vos
3940 4992 4133 5057 simul
4178 5015 4326 5058 cum
4372 4994 4512 5076 ipso
4559 5016 4676 5076 ap·

2731 5077 3045 5160 parebitis
3089 5077 3155 5140 in
3202 5077 3410 5159 gloria
3457 5077 3732 5159 (Coloss.
3773 5082 3830 5155 3,
3874 5084 3928 5141 3.
3969 5079 4059 5160 4).
4139 5077 4370 5143 Vitam
4411 5079 4675 5161 quidem

2733 5162 3180 5228 absconditam
3223 5162 3409 5228 nobis
3461 5164 3691 5229 tribuit
3743 5185 3892 5228 curn
3938 5164 4230 5243 Christe,
4289 5166 4496 5246 eapite
4554 5171 4677 5243 [fol.

2723 5254 3153 5420 {iq-nostro,
3213 5249 3385 5332 apud
3443 5250 3692 5315 Deum:
3765 5250 4038 5334 gloriam
4097 5249 4318 5315 differt
4373 5251 4444 5314 in
4500 5250 4674 5316 diem

2800 5335 2973 5399 oriae
3019 5334 3298 5414 Christi,
3360 5337 3470 5419 qui
3517 5347 3592 5401 ut
3649 5344 3845 5419 caput
3901 5346 4002 5401 est
4056 5336 4396 5415 ecclesiae,
4455 5336 4678 5402 trahet
