5100 6061
759 392 885 474 283
1601 339 1614 352 ’
2470 382 2936 470 Effls‘roLA
2978 385 3089 450 IL·
4645 379 4767 454 284

754 575 1032 660 familia,
1091 582 1157 639 et
1205 595 1472 642 mensae
1527 574 1876 663 elegantia,
1947 585 2013 639 et
2080 595 2273 642 omne
2330 573 2712 648 deliciarum
2815 594 2950 644 non
2993 582 3224 656 potest,
3278 582 3522 656 quanto
3567 571 3779 642 studio
3825 572 4095 644 excitari
4140 583 4202 638 te
4248 574 4767 660 inflammarique

754 653 1410 747 magnificentiaeque
1468 681 1676 746 genus
1733 660 2119 730 continetur.
2198 661 2292 732 At
2336 661 2515 730 enim
2560 661 2711 740 uni-
2816 669 3142 742 oporteat,
3202 679 3287 724 ne
3331 659 3488 743 quid
3529 661 3599 724 in
3642 656 3959 738 obeundis
4005 660 4145 725 eius
4199 662 4442 724 muniis
4488 659 4766 746 diligen-

753 768 1017 822 Yersam
1059 747 1335 812 istarum
1389 745 1789 834 ineptiarum
1846 746 2208 816 vanitatem
2263 747 2583 827 tantisper
2627 767 2712 816 ex
2814 746 2948 812 tiae
3003 745 3327 828 reliquum
3382 747 3599 824 facias.
3679 745 3831 809 Non
3897 746 4076 810 enim
4132 767 4208 810 ea
4252 757 4377 824 est,
4448 767 4613 829 quae
4657 757 4767 822 aut

754 825 960 906 animi
1001 833 1248 898 intuitu
1291 851 1552 902 semove
1571 881 1585 908 ,
1640 830 1799 895 dum
1843 853 2068 897 veram
2118 831 2410 898 muneris
2469 833 2566 896 tui
2603 853 2708 896 ra·
2814 839 3073 912 torpere
3130 830 3465 898 hominem
3516 854 3590 899 ac
3637 830 3931 908 desidem
3976 833 4181 910 sinat,
4235 833 4421 900 cuius
4473 833 4766 912 humeris

753 911 999 986 tionem
1033 940 1296 988 mecum
1339 939 1376 980 e
1421 917 1616 982 verbo
1661 916 1788 982 Dei
1836 938 2272 1001 recognoscas,
2340 917 2708 1004 Episcopus
2813 917 3211 996 incubuerit,
3259 927 3373 996 aut
3422 917 3554 982 levi
3610 917 4178 1000 perfunctoriaque
4222 939 4421 1017 opera
4464 926 4766 998 contenta

753 1001 1014 1072 creatus
1059 1027 1144 1069 es.
1236 1003 1451 1068 Instat
1510 1002 1625 1067 tibi
1683 1023 1839 1067 mox
1885 1025 2003 1068 sua
2047 1003 2502 1086 exhortatione
2548 1024 2707 1085 apo·
2814 1002 2916 1068 sit.
3006 1002 3087 1067 In
3130 1003 3557 1085 praefecturis
3602 1001 3863 1086 quidem
3908 1009 3974 1068 et
4018 1004 4351 1087 satrapiis,
4399 1005 4633 1088 quibus
4674 1008 4765 1078 fas

753 1092 960 1164 stolus
1005 1090 1281 1174 Paulus:
1340 1086 1868 1174 prospiciendum
1913 1110 2054 1156 esse
2098 1087 2247 1167 tibi,
2308 1088 2480 1173 quod
2526 1110 2706 1156 acce-
2811 1088 3101 1154 miliares
3153 1110 3305 1183 suos
3357 1110 3547 1173 reges
3589 1089 3944 1168 honorant,
4002 1091 4275 1158 otiosam
4320 1092 4582 1175 saepius
4626 1091 4764 1177 dig-

753 1179 928 1259 peris
974 1178 1042 1239 in
1077 1173 1362 1242 Domino
1407 1174 1868 1252 ministerium,
1906 1186 1982 1239 ut
2017 1174 2181 1240 illud
2217 1176 2494 1258 impleas
2530 1175 2702 1259 (Col.
2812 1174 3095 1239 nitatem
3138 1182 3434 1256 spectare
3478 1174 3654 1239 licet:
3719 1182 3787 1238 at
3829 1197 3990 1258 quos
4032 1174 4360 1242 Dominus
4405 1175 4490 1244 ad
4533 1199 4763 1262 regen-

753 1269 813 1340 4,
859 1264 986 1340 17).
1064 1259 1417 1330 Ministerii
1473 1281 1716 1325 nomen
1759 1282 1963 1342 quum
2007 1261 2222 1338 audis,
2281 1270 2347 1326 et
2389 1261 2706 1332 constitu·
2813 1258 2965 1342 dam
3008 1261 3349 1325 ecclesiam
3393 1281 3582 1325 suam
3613 1269 3820 1338 vocat,
3869 1262 3947 1326 iis
3988 1261 4622 1328 administrationem
4656 1264 4762 1332 dee

752 1357 897 1411 tum
937 1357 1001 1424 te
1046 1344 1192 1411 aliis
1238 1344 1615 1424 debitorem,
1662 1367 1870 1428 neque
1918 1357 2028 1411 tuo
2073 1357 2139 1412 te
2184 1347 2541 1422 commod0‚
2591 1346 2707 1412 sed
2811 1344 3107 1425 mandat,
3163 1347 3436 1433 negotii,
3495 1367 3718 1426 curae,
3778 1345 4230 1416 sollicitudinis
4285 1348 4579 1430 plenam:
4641 1352 4762 1420 nisi
4818 1428 4825 1434 ἡ

750 1435 819 1499 in
863 1454 1005 1497 rem
1048 1452 1370 1515 usumque
1412 1433 1689 1496 aliorum
1734 1432 2112 1515 episcopum
2159 1454 2299 1499 esse
2345 1444 2700 1498 succurrat.
2810 1453 2969 1508 vero
3022 1432 3167 1497 ideo
3219 1432 3479 1498 facilem
3521 1454 3663 1499 esse
3719 1431 4112 1512 iudicamus,
4160 1434 4312 1516 quia
4356 1435 4761 1516 paucissimis

749 1518 1199 1602 Ministerium
1255 1526 1475 1582 autem
1540 1519 1757 1601 ipsum
1823 1519 2014 1601 quale
2081 1520 2193 1596 sit,
2255 1527 2328 1583 ut
2376 1541 2507 1585 non
2563 1520 2706 1584 sine
2754 1477 2760 1590 Ι
2810 1519 3030 1586 verbis
3075 1518 3248 1601 apud
3294 1518 3683 1600 prophetam
3728 1520 4222 1604 perstringitur:
4282 1521 4393 1586 ubi
4437 1520 4763 1588 Dominus

749 1625 944 1670 causa
985 1603 1210 1669 videre
1252 1602 1451 1682 iubet,
1497 1606 1589 1668 ita
1633 1604 1980 1693 diligenter
2023 1605 2096 1670 in
2132 1605 2299 1670 hanc
2336 1627 2561 1670 curam
2605 1613 2707 1671 est
2811 1603 2995 1670 iubet
3050 1604 3257 1687 accipi
3311 1603 3393 1668 ab
3437 1626 3548 1669 ore
3595 1626 3713 1669 suo
3760 1604 4069 1682 verbum,
4116 1610 4263 1686 [pag.
4306 1612 4412 1685 50]
4459 1617 4525 1670 et
4568 1629 4651 1674 ex
4694 1629 4762 1680 se

747 1689 1276 1756 incumbendum.
1342 1689 1517 1760 Nam
1561 1710 1776 1774 neque
1818 1691 2182 1772 pascendae
2205 1689 2457 1757 Christi
2499 1691 2703 1757 eccle-
2809 1690 3052 1773 populo
3106 1690 3505 1756 adnunciari.
3612 1689 3748 1755 Sed
3802 1690 3954 1755 huic
4009 1711 4371 1772 paucorum
4416 1693 4761 1772 verborum

747 1778 881 1842 siae
925 1776 1330 1859 praefectum
1373 1798 1533 1852 esse,
1580 1798 1684 1842 res
1729 1784 1831 1842 est
1866 1776 2158 1862 vulgaris
2195 1778 2535 1841 momenti:
2584 1799 2704 1844 nec
2810 1777 2902 1839 im
2950 1777 3085 1841 erio
3142 1786 3464 1859 quantum
3520 1777 3730 1841 subsit
3773 1775 4110 1859 ponderis,
4170 1778 4496 1856 Dominus
4544 1791 4757 1846 noster

749 1862 916 1929 levis
973 1882 1209 1944 operae
1270 1863 1641 1948 negotium,
1702 1862 2106 1929 functionem
2149 1864 2363 1946 ipsam
2419 1863 2704 1928 fideliter
2809 1797 3157 1941 indicavit,
3204 1884 3314 1927 eos
3361 1861 3627 1930 demum
3670 1862 3954 1927 familiae
3995 1884 4153 1928 suae
4196 1883 4577 1932 oeconomos
4621 1865 4757 1931 offi-

749 1967 1081 2014 exercere:
1129 1969 1340 2030 neque
1377 1948 1551 2012 mala
1574 1946 1702 2013 fide
1737 1946 2215 2028 administrare,
2246 1954 2389 2034 [pag.
2418 1955 2523 2028 49]
2566 1971 2704 2014 me·
2811 1947 2911 2013 cio
2970 1969 3086 2013 suo
3144 1947 3538 2033 respondere
3595 1957 3871 2015 testatus
3929 1949 4121 2032 (Luc.
4182 1953 4275 2026 12,
4314 1951 4459 2035 42),
4518 1952 4630 2034 qui
4691 1953 4757 2016 in

2807 2032 3141 2099 reddenda
3195 2036 3672 2116 procurationis
3724 2037 4005 2113 ratione,
4064 2035 4224 2100 duas
4280 2057 4415 2102 non
4459 2059 4546 2102 vu

2810 2120 3109 2198 virtutes,
3155 2118 3353 2202 fidem
3392 2142 3466 2186 ac
3512 2120 3926 2205 diligentiam
3971 2141 4055 2204 ap
4105 2120 4336 2206 robare
4380 2124 4649 2205 possint.

2982 2207 3342 2288 Enimvero
3403 2206 3511 2271 hic
3564 2207 3905 2304 plerosque
3975 2206 4041 2274 vi
4090 2228 4273 2272 emus
4348 2207 4752 2290 hallucinari,

2805 2293 2916 2375 qui
2955 2290 3115 2357 dum
3151 2291 3594 2358 adnunciand1
3641 2292 3824 2360 verbi
3859 2315 4099 2358 munus
4136 2293 4261 2358 sibi
4295 2291 4755 2362 demandatum

2806 2377 3099 2458 audiunt,
3137 2377 3470 2460 praeclare
3506 2399 3575 2443 se
3604 2378 3942 2445 defunctos
3977 2388 4232 2461 putant,
4258 2379 4317 2443 si
4338 2380 4753 2462 qualemcun-

2804 2485 2929 2546 que
2957 2484 3041 2546 po
3090 2464 3199 2528 ulo
3232 2462 3413 2530 verbi
3438 2471 3710 2550 gustum
3740 2462 4187 2548 praebuerint:
4230 2465 4502 2542 minime
4543 2483 4756 2533 autem

749 2033 968 2100 diocre
987 2086 1005 2112 ,
1068 2032 1404 2116 facilisque
1460 2034 1688 2099 veniae
1744 2033 2070 2100 delictmn.
2152 2032 2335 2117 Quos
2394 2035 2705 2114 ecclesiae

748 2142 907 2186 suae
962 2127 1256 2203 pastores
1309 2120 1641 2196 Dominus
1695 2120 1994 2203 praeficit
2008 2162 2057 2198 ,-
2083 2141 2192 2186 eos
2250 2143 2321 2187 se
2365 2122 2435 2185 in
2477 2119 2704 2206 populi

748 2208 850 2271 sui
910 2206 1187 2270 tutelam
1245 2213 1310 2270 et
1363 2204 1662 2270 custodes
1727 2226 2087 2288 apponere,
2148 2216 2214 2270 et
2266 2207 2703 2292 speculatores

748 2291 1064 2374 collocare
1097 2299 1380 2374 testatur
1415 2290 1531 2375 (Is.
1574 2295 1673 2370 (52,
1714 2296 1782 2369 63
1819 2292 2070 2360 Iezech.
2113 2297 2169 2371 3,
2217 2293 2344 2377 17).
2411 2295 2702 2374 Tantum

746 2377 1053 2462 ponderis
1098 2377 1203 2444 vel
1246 2376 1353 2440 his
1394 2375 1649 2442 duobus
1693 2377 1911 2445 verbis
1955 2377 2207 2456 subest,
2252 2387 2574 2463 quantum
2619 2377 2702 2456 ad

749 2462 1096 2548 erigendas
1165 2464 1458 2528 omnium
1531 2469 1787 2532 mentes
1858 2466 2015 2534 eatis
2086 2485 2226 2530 esse
2292 2464 2550 2543 debeat,
2618 2487 2702 2529 ne

747 2558 936 2614 tanta
977 2551 1049 2622 in
1092 2549 1544 2633 procuratione
1588 2549 1694 2614 vel
1739 2557 2134 2634 contemptu,
2183 2551 2287 2616 vel
2333 2552 2701 2630 securitate,

747 2634 857 2701 vel
908 2635 1205 2783 ignavia,
1267 2634 1372 2701 vel
1427 2635 1830 2719 negligentia
1894 2644 2283 2720 torpescant.
2386 2637 2537 2706 Non
2595 2636 2703 2704 hic

748 2741 872 2805 ago
960 2740 996 2784 e
1039 2719 1284 2786 ordinis
1329 2719 1676 2805 dignitate:
1732 2723 1946 2805 operis
1997 2722 2198 2788 etiam
2253 2723 2494 2788 molem
2537 2744 2703 2787 non-

748 2806 908 2871 dum
952 2807 1235 2889 attingo:
1283 2807 1397 2872 sed
1441 2799 1520 2872 de
1564 2808 1709 2890 ipsa
1753 2807 2079 2892 duntaxat
2112 2808 2208 2872 rei
2246 2808 2702 2894 magnitudine

743 2892 988 2974 loquor,
1035 2914 1119 2958 ne
1165 2893 1403 2977 exigua
1441 2893 2040 2977 contemptibilique
2076 2895 2150 2958 in
2183 2896 2519 2977 provincia
2557 2916 2702 2959 ver-

747 2978 879 3047 sari
924 2999 993 3043 se
1029 2985 1281 3064 putent,
1326 2979 1564 3062 quibus
1607 2988 1707 3046 est
1753 2979 1820 3045 id
1853 2980 2148 3051 muneris
2188 3001 2228 3045 a
2261 2981 2550 3047 Domino
2591 2980 2702 3046 de-

746 3063 1148 3148 mandatum.
1218 3063 1398 3131 Sunt
1438 3064 1669 3150 igitur,
1723 3068 1962 3153 quicun
2009 3088 2092 3131 ue
2149 3066 2455 3151 regendis
2498 3067 2703 3133 eccle-

747 3152 861 3218 siis
920 3159 1260 3234 praesunt,
1328 3149 1630 3219 custodes
1687 3153 1924 3235 populo
2047 3153 2106 3217 ei
2162 3153 2534 3231 constituti,
2592 3154 2703 3236 qui
2806 3174 2931 3235 que
2982 3153 3372 3239 prophet-am
3416 3153 3564 3237 (Ez.
3602 3157 3701 3232 33,
3750 3159 3818 3238 7)
3865 3152 4185 3220 declarat:
4228 3174 4488 3236 nempe,
4534 3161 4609 3233 ut
4650 3176 4756 3239 po÷

747 3238 888 3303 eius
928 3259 1157 3313 curam
1215 3245 1283 3307 et
1325 3234 1611 3311 habeant
1655 3246 1723 3303 et
1767 3245 2034 3337 gerant:
2096 3247 2254 3304 sunt
2298 3248 2363 3302 et
2405 3238 2699 3323 specula·
2804 3237 2959 3319 pulo
2986 3238 3276 3320 quietem
3310 3247 3547 3323 agente
3574 3240 3701 3323 ipsi
3748 3238 3937 3321 quasi
3972 3262 4008 3305 e
4044 3239 4309 3323 specula
4345 3240 4601 3307 eminus
4640 3243 4755 3307 cir-

745 3331 938 3400 tores‚
984 3324 1095 3406 qui
1138 3322 1210 3387 in
1255 3324 1395 3391 eius
1440 3312 1725 3393 salutem
1767 3322 2143 3409 invigilent:
2188 3324 2525 3407 praeclara
2561 3346 2699 3389 om·
2750 3316 2755 3453 ᾖ
2808 3324 3264 3408 cumspiciant,
3335 3346 3418 3389 ne
3474 3346 3602 3408 qua
3658 3326 4016 3408 improvisa
4068 3325 4403 3401 calamitas
4462 3327 4756 3394 incautos

745 3409 906 3473 nino
959 3407 1471 3490 administratio,
1529 3402 2043 3493 dignissimaque
2101 3410 2186 3493 (si
2237 3430 2365 3497 qua
2404 3410 2531 3489 alia
2578 3411 2698 3495 sub
2807 3410 3159 3492 opprimat:
3189 3409 3303 3491 scd
3328 3432 3493 3494 quae
3518 3410 3898 3496 impendere
3921 3411 4213 3494 pericula
4235 3410 4537 3493 viderint,
4567 3413 4758 3498 longe

748 3493 924 3560 coelo
969 3486 1171 3577 digna
1209 3494 1337 3575 est)
1394 3493 1466 3556 in
1522 3514 1651 3576 qua
1694 3494 1880 3562 nervi
1926 3515 2151 3569 omnes
2197 3495 2697 3575 contendantur,
2806 3505 2960 3560 ante
3006 3495 3431 3577 denuncient,
3480 3504 3555 3561 ut
3598 3497 3687 3571 sit
3725 3519 3952 3571 eorum
3996 3496 4410 3580 providentia
4464 3520 4602 3562 non
4658 3520 4755 3569 se-

746 3586 886 3647 tota
937 3579 1190 3662 ingenii
1235 3579 1338 3644 vis
1391 3579 1783 3667 erphcetur,
1843 3602 2069 3651 omnes
2125 3580 2401 3667 denique
2445 3590 2512 3647 et
2556 3584 2699 3647 ani-
2805 3603 2921 3647 cus
2961 3604 3036 3651 ac
3080 3603 3307 3659 omnes
3352 3581 3662 3655 ecclesiae
3696 3583 3899 3651 oculi:
3938 3604 4164 3649 eorum
4199 3605 4346 3667 vox,
4393 3605 4526 3649 non
4569 3584 4753 3649 aliter

745 3684 894 3745 mae
948 3672 1016 3731 et
1068 3666 1359 3749 corporis
1427 3674 1648 3748 partes
1715 3662 2053 3736 desudent.
2131 3666 2345 3732 Simul
2403 3669 2580 3735 enim
2635 3676 2701 3733 et
2807 3675 3000 3750 atque
3035 3668 3304 3755 clangor
3325 3666 3538 3745 tubae,
3578 3670 3649 3733 in
3677 3670 3862 3739 cuius
3888 3670 4152 3753 signum
4186 3670 4442 3739 intenta
4478 3670 4564 3735 sit
4600 3670 4756 3737 civi-

746 3752 1083 3817 oeconomi
1123 3749 1588 3835 intelliguntur
1630 3752 1704 3817 in
1746 3753 2014 3817 Domini
2059 3753 2307 3819 familia
2341 3755 2699 3833 constituti,
2807 3761 2906 3830 tas
2943 3754 3266 3837 universa,
3337 3753 3735 3836 Quanquam
3776 3776 3860 3820 ne
3904 3754 4008 3821 his
4045 3754 4310 3840 quidem
4352 3755 4567 3837 adhuc
4612 3757 4754 3820 fini-

747 3843 814 3902 et
855 3837 927 3901 in
964 3835 1360 3902 moderando
1405 3838 1544 3902 eius
1587 3859 1789 3922 regno
1835 3838 2102 3923 quidam
2144 3840 2346 3906 veluti
2391 3860 2702 3924 procura-
2809 3841 2931 3909 bus
2976 3846 3115 3905 tota
3151 3840 3443 3925 episcopi
3477 3841 3727 3906 fiinctio
3771 3841 4160 3919 continetur,
4200 3834 4314 3909 sed
4358 3861 4585 3921 omnes
4621 3842 4755 3907 eius

745 3934 938 3999 tores.
1007 3918 1243 4007 Qualis
1285 3943 1441 3991 vero
1484 3924 1897 4005 oeconomiae
1942 3924 2231 4009 species?
2298 3926 2449 3991 Non
2485 3925 2569 4007 ad
2607 3935 2703 3993 te·
2810 3935 3027 4009 partes
3071 3925 3274 4001 semel
3318 3925 3698 4010 complexus
3743 3935 3843 3992 est
3884 3927 4243 4005 Dominus,
4291 3925 4403 3990 ubi
4450 3926 4758 4009 pmcendi

745 4028 878 4079 nue
921 4028 1080 4085 sane
1125 4007 1590 4095 sordidumque
1634 4009 1899 4094 aliquod
1940 4006 2382 4078 ministerium
2399 4064 2413 4088 ‚
2461 4010 2577 4077 sed
2621 4010 2705 4079 ad
2808 4011 3008 4079 verbo
3038 4011 3422 4099 designavit,
3447 4033 3649 4095 quum
3669 4014 3944 4095 Petrum
3981 4011 4326 4095 pascendis
4360 4014 4496 4078 suis
4531 4013 4758 4080 ovibus

748 4091 1184 4176 dispensanda
1210 4086 1505 4160 coelestis
1533 4096 1889 4178 sapientiae
1928 4098 2243 4181 mysteria
2281 4097 2703 4182 (1001·.,4,1),
2810 4100 3193 4180 praeficeret
3249 4098 3504 4180 (Ioann.
3557 4104 3668 4176 21,
3724 4098 3848 4181 15).
3929 4098 4103 4163 Nam
4160 4106 4235 4162 ut
4289 4098 4639 4165 Platonem
4694 4107 4759 4164 et

747 4175 1034 4263 adeoque
1071 4176 1154 4245 ad
1178 4180 1394 4262 ipsam
1416 4181 1545 4246 Dei
1568 4181 1834 4267 domum
1855 4182 2412 4261 exaedificandam
2449 4191 2517 4249 et
2553 4206 2703 4249 con-
2808 4183 3177 4263 Homerum
3220 4183 3597 4250 omittamus
3633 4186 3774 4269 (qui
3809 4185 4128 4268 plurimas
4173 4184 4348 4270 regis
4394 4183 4582 4253 dotes
4625 4207 4758 4250 me-

747 4263 1148 4333 stituendam
1193 4267 1254 4348 (1
1298 4248 1446 4331 Cor.
1489 4271 1545 4345 3,
1593 4266 1699 4351 10)
1737 4266 2170 4353 destinantur.
2241 4267 2473 4350 Qualis
2514 4271 2703 4359 regni
2809 4269 2936 4334 lius
2974 4269 3343 4351 exprimere
3379 4291 3516 4334 non
3552 4281 3849 4354 possunt,
3887 4290 4087 4352 quam
4120 4269 4279 4336 dum
4314 4278 4569 4351 ποιμένα
4604 4274 4761 4343 λαῶν

743 4349 1161 4433 procuratio?
1220 4351 1372 4437 Non
1438 4373 1516 4418 ea
1581 4364 1759 4439 certe
1821 4374 1990 4440 quae
2045 4354 2287 4442 exigua
2351 4355 2568 4443 aliqua
2631 4358 2703 4439 in
2808 4358 3076 4438 vocant)
3122 4376 3345 4420 sacrae
3390 4354 3637 4437 literae,
3685 4356 3843 4421 dum
3878 4377 4141 4422 omnem
4176 4356 4459 4437 pietatiS,
4500 4359 4762 4436 amoris,

743 4444 932 4519 parte
991 4446 1107 4503 aut
1159 4436 1458 4502 leviculis
1503 4439 1976 4519 functionibus,
2033 4439 2149 4513 sed
2193 4462 2357 4528 quae
2401 4444 2472 4506 in
2517 4465 2702 4508 exse-
2808 4441 3152 4507 suavitatis
3169 4493 3183 4518 ,
3242 4440 3697 4507 sollicitudinis
3755 4443 4060 4507 affectum
4116 4442 4455 4524 complecti
4512 4443 4761 4521 volunt,

743 4522 952 4591 renda
997 4522 1487 4606 exercendaque
1530 4525 1614 4610 ad
1648 4524 1941 4609 fidelium
1966 4526 2248 4597 salutem
2274 4529 2548 4593 Domini
2585 4549 2701 4611 po·
2752 4514 2757 4591 Ι
2806 4526 3084 4609 pastoris
3137 4529 3403 4593 nomine
3455 4526 3616 4593 haec
3669 4530 3888 4593 omnia
3942 4526 4138 4595 simul
4181 4528 4568 4596 enunciant:
4613 4530 4765 4613 plus

744 4609 955 4673 tentia
993 4617 1316 4673 versetur.
1383 4607 1610 4690 Quare
1654 4618 1722 4676 et
1766 4612 1862 4677 sal
1909 4620 2154 4691 terrae,
2202 4622 2270 4678 et
2312 4614 2429 4678 lux
2472 4613 2703 4678 mundi
2807 4612 3036 4696 utique
3081 4612 3324 4697 aliquid
3361 4614 3413 4678 si
3465 4614 3822 4693 nificantes,
3861 4635 4059 4697 quam
4105 4614 4160 4679 si
4196 4614 4306 4681 vel
4341 4622 4621 4699 patrem,
4658 4614 4766 4681 vel

747 4694 1015 4776 (Matth.
1056 4698 1114 4772 5,
1160 4696 1297 4777 13),
1364 4702 1431 4759 et
1515 4774 1516 4779 ἵ
1609 4697 1695 4762 eli
1743 4698 1870 4763 Dei
1912 4698 2100 4781 (Mal.
2143 4703 2199 4785 2,
2243 4701 2341 4781 7),
2388 4707 2455 4763 et
2493 4698 2702 4781 ipsius
2806 4698 3197 4781 praesidem,
3260 4699 3365 4771 vel
3458 4721 3678 4779 ucem,
3726 4700 3834 4765 vel
3890 4698 4225 4764 custodem
4268 4696 4579 4766 dicerent.
4658 4699 4766 4767 Si-

743 4780 1022 4846 Domini
1044 4781 1399 4863 cooperarii
1448 4782 1507 4865 (l
1599 4805 1688 4847 or.
1732 4788 1789 4863 3,
1830 4787 1866 4849 9
1947 4794 2288 4863 vocantur,
2334 4786 2702 4868 quicunque
2808 4783 3072 4867 quidem
3115 4792 3337 4869 pastor
3374 4793 3442 4857 et
3484 4783 3861 4864 deducendi,
3906 4793 3972 4849 et
4013 4784 4304 4871 regendi,
4348 4794 4414 4851 et
4458 4787 4767 4853 servandi

746 4864 1022 4932 docendi
1056 4887 1407 4949 personam
1441 4867 1513 4932 in
1548 4869 1820 4943 ecclesia
1912 4871 2120 4935 omini
2156 4872 2512 4943 sustinent:
2559 4872 2704 4953 ipsa
2808 4892 2940 4935 non
2977 4870 3187 4936 solum
3214 4893 3443 4938 curam
3472 4870 3673 4955 gerit,
3710 4872 3824 4938 sed
3849 4869 4324 4955 quodammodo
4351 4874 4553 4938 etiam
4576 4882 4768 4957 pater

748 4960 967 5017 autem
1024 4952 1451 5036 praedicatio,
1512 4962 1581 5019 et
1633 4957 1850 5020 virtus
1896 4957 2022 5020 Dei
2080 4957 2152 5020 in
2197 4957 2480 5022 salutem
2524 4954 2704 5021 omni
2808 4966 2923 5022 est.
2983 4957 3211 5039 Neque
3251 4964 3496 5023 temere
3530 4959 3806 5043 reperiri
3827 4957 4035 5042 possit
4066 4957 4135 5021 in
4159 4957 4369 5042 patris
4400 4958 4765 5026 visceribus

748 5036 1040 5102 credenti
1085 5038 1306 5123 (Rom.
1354 5045 1406 5118 1,
1453 5030 1580 5123 16),
1628 5050 1697 5105 et
1738 5061 2020 5124 regnum
2042 5043 2171 5107 Dei
2209 5043 2477 5124 (Matth.
2503 5050 2562 5122 4,
2597 5046 2704 5127 17)
2808 5050 3034 5108 tantus
3056 5044 3295 5109 amoris
3320 5041 3530 5121 ardor,
3556 5052 3881 5129 quantum
3900 5043 4227 5110 Dominus
4259 5052 4482 5123 noster
4514 5045 4769 5130 pastori

748 5134 1186 5206 nuncupatur.
1279 5125 1466 5191 Haec
1524 5147 1680 5210 ergo
1733 5128 2111 5210 provinciae
2164 5128 2553 5215 magnitudo
2568 5181 2584 5209 ,
2646 5130 2705 5195 si
2809 5129 3070 5208 tribuit,
3130 5150 3333 5227 quum
3388 5128 3631 5196 bonum
3687 5139 4020 5215 pastorem
4075 5124 4233 5195 dicit
4289 5132 4578 5196 animam
4645 5151 4769 5217 pro

750 5208 1165 5275 oscitantiam
1209 5232 1472 5276 omnem
1519 5221 1824 5279 excutere
1879 5212 2000 5277 tibi
2046 5212 2268 5291 debet,
2315 5216 2428 5283 ubi
2474 5215 2558 5279 ad
2600 5215 2702 5297 ip·
2806 5215 3037 5282 ovibus
3072 5236 3206 5280 suis
3242 5236 3484 5298 ponere
3522 5216 3777 5299 (Ioann.
3829 5222 3922 5294 10,
3976 5215 4098 5297 11).
4158 5216 4391 5300 Itaque
4427 5217 4570 5301 ipse
4605 5240 4769 5302 quo-

750 5313 892 5358 sam
944 5296 1161 5389 operis
1227 5297 1468 5362 molem
1535 5300 1833 5363 animum
1898 5302 2300 5366 converteris
2317 5353 2333 5379 ,
2402 5302 2701 5367 enarrari
2808 5322 2932 5384 que
2977 5301 3163 5367 cuius
3206 5303 3525 5391 sanguine
3570 5304 3915 5386 pascimur,
3963 5302 4240 5383 pastoris
4290 5303 4484 5371 titulo
4532 5325 4570 5368 a
4614 5327 4769 5390 pro-

2808 2550 3027 2615 anima
3074 2557 3371 2629 vertunt,
3429 2558 3543 2616 aut
3596 2551 3788 2634 quale
3847 2550 4229 2620 adnunciari
4284 2552 4563 2617 verbum
4607 2554 4757 2619 velit

2806 2636 3165 2715 Dominus,
3217 2643 3335 2718 aut
3387 2657 3583 2719 quarn
3643 2635 4082 2720 adnunciandi
4127 2638 4453 2706 rationem
4494 2647 4752 2718 statuat.

2806 2721 3013 2803 Atqui
3057 2743 3190 2796 non
3245 2723 3560 2806 exiguum
3604 2721 3912 2805 quiddam
3957 2724 4037 2789 ab
4084 2722 4391 2796 ecclesiae
4435 2745 4594 2790 suae
4638 2725 4755 2790 mi-

2808 2808 3034 2872 nistris
3072 2808 3350 2891 requirit
3386 2809 3746 2886 Dominus,
3798 2831 3998 2892 quum
4035 2830 4147 2876 eos
4193 2809 4352 2875 dicit
4388 2809 4507 2892 (Is.
4550 2816 4649 2888 (52,
4690 2813 4753 2893 (3)

2806 2915 2874 2958 se
2896 2895 3188 2976 posuisse
3204 2885 3541 2972 custodes,
3587 2893 3697 2977 qui
3734 2916 3854 2961 nec
3888 2895 3991 2961 die
4028 2917 4148 2960 nec
4194 2904 4380 2961 nocte
4404 2896 4755 2978 quiescant,

2805 2979 2968 3064 quin
2992 2986 3310 3063 perpetuo
3338 2981 3663 3048 excubent
3692 2980 3776 3047 ad
3800 3003 3942 3047 eam
3968 2979 4453 3066 protegendam.
4500 2980 4758 3066 Deinde

2807 3065 3031 3148 quales
3074 3067 3249 3150 ipsos
3295 3088 3490 3154 agere
3527 3069 3834 3135 excubias
3871 3067 4059 3146 velit,
4107 3090 4223 3151 per
4275 3068 4559 3147 alterum
4603 3090 4755 3152 quo-
