5100 6061
702 420 942 488 XLVI
1990 410 2532 479 TRAGTA'FUS
2578 406 3164 475 THEOLOGIGI
3206 406 3649 475 MINORES.

697 609 1001 693 draginta
1043 614 1113 673 et
1153 614 1315 672 octo.
1383 603 1676 671 Sadoleti
1720 601 1991 686 epistola
2032 599 2359 684 descripta
2402 607 2504 664 est
2543 597 2650 665 fol.
2696 596 3230 677 2—16,0alvini
3270 597 3606 680 responsio
3645 596 3754 662 fol.
3807 601 3880 661 17
3887 600 4053 662 -48
4099 602 4292 663 recto.
4360 578 4689 682 Paginam

697 720 1002 785 ultimam
1044 723 1317 800 occupat
1358 714 1745 782 Wendelini
1787 712 1999 778 nostri
2040 712 2357 777 Nemesis.

1000 830 1244 895 Paucis
1285 834 1432 912 post
1474 824 1805 892 mensibus
1846 844 2022 889 nova
2060 824 2402 906 utriusque
2444 821 2645 888 libelli
2689 819 2885 886 editio
2928 819 3169 903 prodiit
3213 819 3555 899 Genevae,
3613 819 3772 885 dum
3812 819 4132 887 Calvinus
4174 786 4391 887 adhuc
4433 822 4694 907 Argen-

694 942 890 1007 torati
931 940 1234 1026 degebat,
1279 942 1353 1004 in
1396 961 1524 1023 qua
1564 938 1754 1004 lectio
1797 937 2169 1019 frequenter
2211 943 2465 999 mutata
2508 932 3048 1018 deprehenditur,
3105 934 3199 995 ita
3251 931 3514 1014 quidem
3569 941 3645 996 ut
3693 931 4033 1016 aliquoties
4088 932 4506 999 emendatam
4549 955 4696 1000 esse

697 1054 1036 1131 fateamur,
1081 1073 1554 1134 nonnunquam
1597 1070 1755 1115 vero
1799 1056 1873 1113 ut
1915 1069 2041 1131 quo
2083 1047 2228 1112 iure
2270 1045 2339 1111 id
2380 1046 2627 1112 factum
2671 1046 2760 1112 sit
2802 1045 3034 1109 merito
3077 1042 3448 1126 quaesieris.
3540 1044 3796 1109 Titulus
3831 1052 3961 1110 est:

993 1151 1416 1236 IACOBI
1470 1148 1484 1253 Ι
1539 1159 2011 1244 SADQLE'H
2066 1155 2370 1224 ROMA·
2393 1158 2402 1240 Ι
2426 1146 2512 1227 ni
2579 1144 3048 1229 cardinalis
3109 1142 3528 1253 Epistola‘
3565 1145 3673 1228 ad
3734 1142 3891 1228 Se-
3928 1143 4186 1259 {natum
4207 1156 4698 1248 Populumqu01

703 1276 1194 1343 Geneuensem:
1243 1276 1253 1359 Ι
1307 1274 1457 1356 Qua
1494 1273 1564 1337 in
1598 1270 2033 1338 obedientiam
2068 1269 2355 1334 Romani
2389 1270 2603 1356 Pon-1
2630 1269 2819 1335 tificis
2864 1289 2973 1334 eos
3017 1271 3329 1340 reducere
3362 1277 3666 1338 conatur:
3719 1270 3731 1348 Ι
3779 1267 3864 1334 ad
3900 1269 4236 1353 exemplar
4268 1267 4485 1351 ipsum
4530 1263 4692 1341 ὃτι-Ι

702 1385 902 1453 doleti
935 1386 1289 1472 recognita.
1344 1387 1354 1469 Ι
1442 1372 1783 1457 Ioannis
1846 1367 2179 1452 Caluini
2238 1369 2731 1480 Responsio.
2790 1374 2802 1478 Ι
2942 1381 3388 1450 GENEVAE
3430 1386 3440 1471 Ι
3478 1370 3743 1482 Apud
3869 1368 4381 1452 Michaelem
4496 1365 4695 1479 Syl-

695 1504 953 1586 nium
1001 1508 1252 1682 11ῑ“(1ιιῐι·ιιι1ζι
1287 1524 1520 1681 {tidem
1562 1635 1637 1678 ac
1678 1612 2143 1696 praecedentis.
2235 1613 2402 1696 'typi
2447 1620 2669 1696 utpote
2714 1635 3117 1698 genevenses
3162 1615 3367 1681 multo
3420 1618 3699 1682 maiores
3759 1616 3825 1681 et
3878 1615 4337 1699 elegantiores,
4397 1614 4536 1679 eius
4580 1632 4697 1696 ge-

696 1729 875 1796 neris
917 1728 1090 1813 quod
1132 1749 1477 1794 romanum
1522 1734 1775 1791 vocant.
1866 1723 2349 1805 Quaterniones
2406 1739 2548 1789 octo
2591 1724 2834 1809 integri
2889 1732 2956 1791 et
3007 1727 3165 1791 noni
3220 1729 3348 1791 tria
3403 1736 3662 1792 tantum
3717 1727 3874 1793 folia
3929 1726 4138 1810 (a—i)
4195 1747 4330 1791 non
4385 1731 4697 1809 quatuor;

694 1843 973 1926 paginae
1015 1846 1397 1905 numeratae
1450 1842 1585 1902 133.
1675 1838 1920 1919 Incipit
1962 1835 2228 1902 calvini
2273 1836 2607 1919 responsio
2650 1858 2796 1921 pag.
2845 1844 2947 1903 45.
3014 1822 3266 1904 Ultima
3305 1840 3549 1923 pagina
3592 1860 3711 1904 suo
3755 1859 4030 1904 numero
4075 1836 4390 1903 destituta
4431 1836 4700 1902 exhibet

698 1951 1271 2035 subscriptionem:
1319 1950 1631 2015 Genevae
1675 1948 2037 2032 excudebat
2080 1947 2365 2013 Michael
2411 1936 2701 2033 Sylvius.
2758 1955 2937 2014 1540.
3029 1950 3224 2032 Quod
3281 1948 3491 2015 editor
3534 1950 3691 2017 dicit
3745 1950 3825 2015 de
3871 1949 4233 2033 exemplari
4278 1970 4395 2015 suo
4440 1948 4525 2013 ad
4568 1945 4694 2014 Sa·

697 2065 900 2131 doleti
942 2063 1392 2128 authenticum
1436 2062 1795 2145 recognito,
1851 2061 1921 2124 in
1965 2081 2043 2124 eo
2088 2060 2349 2144 egregie
2403 2061 2738 2126 mentitur.
2805 2062 2890 2139 ‚N
2893 2083 3001 2126 am
3051 2084 3135 2127 ne
3189 2083 3396 2127 unum
3438 2062 3700 2145 quidem
3754 2061 3967 2127 locum
4021 2062 4385 2145 reperimus
4440 2060 4513 2124 in
4568 2081 4700 2143 quo

699 2176 782 2243 ab
825 2164 1346 2258 argentoratensi
1402 2181 1589 2238 textu
1646 2174 1727 2238 ad
1782 2172 2260 2256 lugdunensem
2304 2172 2667 2252 transierit3
2721 2174 2978 2256 saepius
3021 2195 3180 2239 vero
3222 2174 3393 2257 ipse,
3450 2181 3525 2239 ιιι
3563 2175 3697 2239 iam
3742 2174 4027 2239 diximus
4041 2226 4057 2253 ,
4114 2174 4196 2239 ab
4242 2181 4518 2255 utroque
4563 2172 4698 2238 dis-

696 2292 936 2369 crepat.
1027 2286 1389 2369 Utramque
1433 2283 1782 2350 editionem
1826 2283 2121 2368 opusculi
2178 2284 2528 2349 calviniani
2584 2305 2704 2351 nos
2760 2286 2883 2368 ipsi
2938 2285 3375 2369 possidemus,
3430 2307 3711 2369 quarum
3763 2288 3941 2370 prior
3981 2285 4535 2371 argentoratensis
4588 2306 4699 2351 ra-

696 2398 957 2464 rissima
998 2405 1116 2477 est,
1162 2398 1547 2480 genevensis
1590 2417 1766 2475 vero,
1811 2396 2139 2461 nescimus
2182 2415 2268 2459 an
2311 2395 2550 2461 alicubi
2594 2397 2793 2461 etiam
2836 2398 3217 2481 reperiatur.

1003 2510 1265 2574 Recusa
1307 2506 1587 2573 habetur
1628 2506 1921 2574 Sadoleti
1967 2506 2242 2589 epistola
2285 2527 2433 2571 cum
2477 2506 2743 2573 Calvini
2782 2528 3092 2590 responso
3130 2509 3202 2573 in
3245 2508 3622 2576 collectione
3665 2510 3944 2576 Gallasii
3994 2512 4154 2573 1552
4201 2529 4346 2593 pag.
4396 2510 4692 2572 94-129

696 2630 843 2688 tum
886 2620 1061 2705 apud
1104 2621 1349 2686 Bezam
1401 2624 1561 2683 1576
1607 2640 1755 2703 pag.
1807 2620 2170 2696 161-1873
2213 2618 2337 2684 Ed.
2396 2622 2558 2682 1597
2604 2639 2751 2703 pag.
2805 2622 3168 2700 132—1553
3213 2619 3394 2725 apud
3433 2619 3769 2687 Stoerium
3810 2641 3957 2706 pag.
4012 2625 4368 2700 114—133,
4415 2620 4698 2703 denique

696 2735 769 2799 in
812 2732 1096 2798 editione
1141 2730 1726 2797 Amstelodamensi
1770 2751 1918 2814 pag.
1966 2733 2280 2795 99-115,

1006 2845 1245 2910 Versio
1289 2842 1523 2928 gallica
1567 2841 1918 2925 separatim
1961 2839 2204 2924 prodiit
2244 2841 2374 2905 iam
2419 2862 2596 2906 anno
2646 2845 2808 2906 1540
2851 2841 3178 2923 Genevae,
3225 2842 3496 2909 absente
3532 2843 3826 2924 Calvino,
3873 2867 4102 2911 verum
4137 2851 4212 2909 ut
4246 2843 4508 2910 videtur
4542 2850 4699 2909 ante

698 2956 1050 3023 editionem
1094 2954 1385 3020 latinam.
1474 2954 1647 3019 Nam
1691 2954 1804 3038 qui
1856 2973 1998 3019 eam
2045 2952 2321 3018 confecit
2364 2960 2619 3018 textum
2663 2960 3271 3039 argentoratensem
3312 2976 3535 3040 presse
3578 2963 3890 3041 sequutus
3933 2965 4060 3037 est,
4119 2956 4487 3041 ubicunque
4530 2956 4702 3022 alter

695 3069 778 3137 ab
822 3068 1028 3134 altero
1072 3066 1362 3133 discedit.
1448 3068 1540 3131 Et
1581 3067 1710 3132 iam
1758 3065 1818 3130 d„
1868 3068 1967 3130 27.
2009 3063 2157 3131 Oct.
2203 3069 2365 3131 1539
2411 3064 2732 3132 Calvinus
2776 3066 2859 3131 ad
2902 3067 3243 3134 Fal-ellum
3286 3069 3450 3135 haec
3493 3067 3718 3135 scribit
3759 3091 3926 3153 quae
3967 3069 4039 3134 in
4083 3068 4301 3135 codice
4345 3069 4704 3154 genevensi

696 3180 1004 3265 legimus:
1067 3179 1420 3244 Ver-sionem
1472 3179 1772 3259 epistolae
1815 3198 1984 3243 meae
2027 3177 2114 3243 ad
2159 3176 2518 3245 Sadoletwm
2561 3198 2688 3244 non
2717 3181 2908 3260 potui
2950 3181 3038 3244 ad
3075 3179 3264 3261 finem
3317 3201 3515 3262 usque
3554 3181 3847 3262 conferre.
3936 3173 4260 3264 Inteq'rum
4315 3181 4484 3246 enim
4535 3181 4705 3245 diem

696 3292 1053 3374 requirebat
1092 3290 1268 3355 labor
1309 3290 1435 3355 ille.
1522 3289 1790 3370 Inspexi
1833 3295 2037 3354 tamen
2077 3293 2149 3352 ut
2187 3294 2378 3370 Μία
2414 3289 2621 3355 habito
2663 3291 2971 3357 iudicium
3013 3291 3274 3374 aliquod
3312 3292 3515 3373 facere
3555 3312 3820 3374 possem.
3913 3291 4058 3358 Non
4108 3292 4396 3374 displicet
4401 3318 4430 3386 ,ᾗ
4474 3292 4703 3357 nollem

699 3408 912 3468 tamen
954 3407 1096 3467 ante
1124 3401 1448 3481 publicati
1489 3422 1684 3494 qvam
1724 3405 1996 3466 correcta
2029 3401 2241 3482 fuerit.
2330 3400 2730 3482 Deprehendi
2777 3404 2945 3468 enim
2996 3403 3231 3471 alicubi
3271 3409 3550 3470 erratum
3592 3423 3737 3469 esse.
3836 3403 4061 3468 Vereor
4100 3409 4307 3469 tanuen
4358 3425 4437 3469 ne
4473 3405 4536 3470 si
4574 3422 4704 3468 mo-

696 3519 875 3579 retm·
918 3513 1256 3592 Antonius,
1306 3512 1631 3596 Piqnaeus
1673 3516 2028 3592 antevertat,
2072 3513 2184 3594 qui
2226 3514 2360 3577 iam
2398 3513 2560 3594 forte
2602 3515 2688 3580 ad
2729 3513 3091 3580 ambaicum
3132 3535 3327 3597 usque
3357 3515 3676 3597 perduxit.
3769 3514 3918 3579 Non
3961 3517 4127 3580 enim
4166 3517 4416 3581 tertiam
4445 3521 4700 3598 partem

696 3626 771 3691 in
813 3624 1225 3707 componendo
1268 3625 1405 3689 eius
1446 3625 1741 3707 temporis
1782 3624 2154 3704 consumpsi,
2199 3625 2369 3705 quod
2401 3625 2734 3705 praeteriit
2772 3645 2850 3690 ex
2892 3647 3013 3707 quo
3054 3627 3311 3708 scripsit
3352 3649 3417 3692 se
3459 3627 3776 3707 incepisse.
3843 3628 3952 3691 Ex
3996 3627 4102 3692 his
4136 3635 4317 3711 patet
4352 3627 4512 3693 duas
4546 3649 4697 3693 ver-

699 3736 914 3802 siones
958 3734 1154 3800 simul
1196 3746 1615 3819 praeparatas
1657 3737 1873 3815 fuisse,
1920 3735 2196 3801 alteram
2240 3757 2281 3801 a
2322 3736 2634 3820 Pignaeo,
2682 3737 2955 3802 alteram
2994 3739 3076 3804 ab
3120 3739 3414 3804 Antonio
3458 3737 3771 3822 quodam,
3819 3760 3907 3804 an
3951 3736 4304 3818 Sonnerio,
4349 3738 4698 3805 nescimus.

697 3847 869 3914 Utra
909 3867 1068 3913 vero
1112 3867 1185 3910 re
1229 3868 1386 3912 vera
1428 3846 1601 3912 edita
1643 3847 1731 3912 sit
1768 3855 1832 3913 et
1875 3847 1985 3913 hic
2028 3854 2258 3927 exstet,
2304 3848 2681 3914 mortalium
2726 3870 2915 3914 nemo
2953 3848 3146 3916 hodie
3191 3849 3447 3916 dixerit.
3536 3851 3827 3918 Unicum
3870 3850 4206 3934 exemplar
4248 3852 4315 3916 ιιι
4354 3849 4526 3936 quod
4568 3850 4703 3918 huo

698 3979 908 4042 usque
947 3956 1294 4024 incidimus
1337 3965 1635 4024 nostrum
1677 3967 1794 4038 est,
1841 3960 2024 4025 cuius
2067 3959 2296 4024 titulus
2339 3959 2434 4025 sic
2476 3960 2704 4026 habet.

1007 4056 1527 4140 EPISTRE
1584 4056 1596 4160 Ι
1649 4070 1777 4135 DE
1823 4069 2172 4152 IAQVES
2221 4066 2709 4155 SADO-1LET
2746 4080 3134 4152 ommim,
3177 4083 3302 4137 ΕΝ·
3330 4068 3636 4173 luoyee
3700 4091 3810 4143 au
3872 4060 4139 4145 Senat
4213 4076 4304 4146 et
4361 4062 4698 4175 Peuple

704 4187 814 4269 de
876 4186 1268 4270 Geneue.
1340 4192 1353 4296 1
1418 4185 1595 4267 Par
1654 4186 2025 4296 laquelle
2096 4187 2160 4268 il
2229 4187 2521 4270 tasche
2602 4182 2729 4270 les
2802 4188 3138 4271 reduire
3210 4186 3220 4290 Ι
3293 4191 3548 4272 soubz
3620 4190 3709 4275 la
3775 4191 4216 4304 puissance
4290 4192 4397 4276 de
4467 4189 4696 4304 l'E-1

698 4344 1023 4424 uosque
1086 4315 1189 4397 de
1250 4314 1631 4397 Romnae.
1691 4312 1704 4417 Ι
1852 4327 2035 4392 Aueo
2079 4325 2145 4391 ια
2190 4328 2532 4410 Responsa
2587 4325 2667 4393 de
2705 4328 2915 4393 lehan
2961 4327 3225 4394 Calain:
3277 4330 3287 4415 ι
3334 4331 3723 4397 translatees
3768 4330 3849 4397 (ιο
3890 4332 4096 4397 Latin
4147 4355 4232 4398 en
4274 4333 4631 4418 Franqoya
4683 4334 4697 4416 ι

697 4442 1104 4554 Imprime
1171 4473 1222 4525 a
1281 4441 1634 4525 Geneue
1694 4472 1850 4580 par
1910 4442 2231 4525 Michel
2290 4444 2407 4526 du
2467 4445 2693 4527 Bois,
2752 4442 2764 4546 Ι
2819 4457 2911 4522 Μ.
2957 4455 3042 4522 D.
3087 4458 3239 4524 XL.

1007 4566 1253 4631 Forma
1307 4569 1635 4632 octonaria
1688 4568 1920 4633 minor.
2026 4566 2505 4648 Quaterniones
2556 4587 2800 4632 novem
2850 4576 2919 4633 et
2971 4570 3342 4653 quinternio
3397 4592 3572 4636 unus
3626 4568 3877 4653 (a—k).
3967 4572 4262 4656 Paginae
4316 4579 4703 4639 numeratae

703 4679 843 4740 161.
937 4674 1231 4743 Sadoleti
1273 4677 1545 4760 epistola
1587 4679 1830 4764 legitur
1870 4700 2019 4763 pag.
2066 4681 2295 4743 3—48.
2385 4677 2650 4745 Calvini
2692 4681 3025 4762 responsio
3075 4681 3302 4764 incipit
3345 4703 3492 4766 pag.
3538 4686 3640 4746 49.
3727 4681 3814 4745 Ιιι
3866 4683 3999 4747 fine
4053 4681 4321 4768 legitur:
4378 4683 4702 4767 Imprime

695 4794 741 4853 a
783 4788 1054 4856 Geneve
1095 4811 1216 4872 par
1254 4790 1500 4857 Michel
1543 4790 1632 4856 du
1671 4792 1856 4876 Boys
1896 4791 1957 4857 le
1996 4789 2116 4856 VI.
2164 4790 2244 4856 de
2287 4791 2490 4869 Mars,
2535 4791 2630 4855 Μ.
2675 4791 2759 4856 D.
2803 4791 2953 4857 XL.
3019 4792 3289 4858 Folium
3328 4793 3634 4858 ultimum
3674 4793 3749 4857 ιιι
3792 4793 3975 4859 albis.
4040 4793 4294 4860 Eadem
4333 4797 4550 4862 versio
4591 4816 4714 4861 re-

699 4920 858 4966 cusa
902 4909 1005 4967 est
1046 4902 1117 4965 in
1162 4922 1431 4986 corpore
1474 4902 1958 4986 opusculorum
2001 4902 2233 4986 gallico
2283 4903 2445 4965 1566
2491 4921 2636 4985 pag.
2689 4906 3023 4968 131—175
3066 4912 3132 4969 et
3182 4909 3336 4968 1611
3384 4924 3530 4987 pag.
3582 4907 3937 4969 149—200.
