5100 6061
741 413 866 474 375

725 606 794 664 et
833 599 1245 679 peculiariter
1287 600 1557 681 spiritus
1611 604 1867 663 sanctus
1919 598 2105 675 inest,
2161 596 2255 661 vel
2297 597 2514 678 potius
2564 597 2699 676 ipse

739 691 832 750 est
872 686 1126 749 caritas.
1219 685 1544 766 Siquidem
1586 685 1765 750 Deus
1810 684 2045 747 caritas
2089 687 2193 747 est.
2290 681 2741 762 Quamobrem

738 772 927 849 sicuti
968 772 1106 834 sine
1152 773 1385 852 spiritu
1429 777 1636 836 sancto
1681 769 1842 833 nihil
1885 775 2170 832 nostrum
2202 788 2396 866 neque
2426 774 2696 851 qratum,

739 878 930 937 neque
973 863 1283 939 acceptum
1325 858 1462 923 Deo
1506 862 1620 933 33ι,
1678 857 1770 919 ιια
1825 875 2016 936 neque
2071 876 2203 920 esse
2253 857 2387 919 sine
2438 855 2699 919 caritate

725 948 949 1025 potest.
1045 945 1249 1024 Quum
1301 963 1439 1025 erqo
1481 942 1751 1006 dicimus
1788 941 1912 1021 fide
1954 941 2090 1005 sola
2133 942 2202 1005 iu
2246 939 2454 1004 Deum
2497 944 2554 1004 et
2597 940 2696 1003 13-

736 1049 881 1094 sum
930 1028 1252 1094 Christum
1294 1028 1501 1093 salvos
1542 1047 1655 1091 nos
1700 1047 1830 1091 esse
1863 1047 2074 1107 posse,
2117 1028 2188 1091 in
2229 1026 2346 1091 hac
2389 1028 2532 1108 ipsa
2573 1026 2697 1106 fide

737 1116 1060 1179 caritatem
1085 1117 1181 1180 vel
1212 1115 1281 1177 in
1296 1115 1536 1196 primis
1569 1113 2193 1194 comprehendendam
2226 1132 2357 1177 esse
2389 1113 2696 1191 ducimus

740 1220 902 1281 quae
931 1201 1261 1283 princeps
1261 1207 1315 1263 et
1337 1199 1676 1281 potissima
1703 1200 1745 1280 Ι)
1804 1204 2052 1263 nostrae
2093 1199 2324 1263 salutis
2365 1203 2453 1261 est
2482 1218 2694 1263 causa

919 1287 998 1350 Se
989 1287 1058 1364 d
1101 1293 1170 1349 ut
1214 1287 1508 1350 abeamus
1552 1307 1594 1348 a
1633 1286 2069 1382 disputatione,
2111 1290 2167 1348 et
2207 1290 2597 1348 revertamur
2632 1305 2696 1347 eo
2746 1263 2750 1335 ff

738 1373 905 1435 unde
947 1393 1167 1436 sumus
1209 1373 1505 1452 diqressi,
1561 1371 1936 1435 ostendimus
1978 1370 2175 1448 vobis,
2218 1371 2455 1450 fratres
2498 1371 2696 1433 caris-

2398 408 2577 475 IAG.
2623 405 3095 474 SADOLETI

4625 411 4755 473 376

2803 615 3171 678 arr-cyamus
3215 596 3387 661 nobis
3429 597 3792 677 quidquam,
3840 617 3961 660 non
3980 597 4138 676 plus
4168 618 4279 661 nos
4312 618 4531 678 sapere
4560 618 4758 679 quam

2801 687 3071 760 oporteat
3117 702 3336 762 sapere
3385 683 3558 746 nobis
3606 684 3773 763 ipsis
3815 683 4300 764 persuademuS,
4360 704 4482 747 non
4537 705 4758 764 super-

2801 766 2971 831 biam
3008 767 3336 847 afferimus
3368 769 3453 833 ad
3484 769 3982 833 contemnendum
4017 769 4305 834 ecclesiae
4337 769 4591 847 decreta,
4627 791 4757 834 non

2802 854 3006 917 anim-i
3040 854 3361 918 elationem
3397 874 3591 935 neque
3626 855 3945 936 inqenium
3982 856 4140 918 inter
4148 854 4416 935 populos
4451 861 4754 934 nostrum,

2803 943 2911 1002 aut
2952 959 3175 1004 novam
3218 941 3539 1020 quandam
3592 942 3970 1019 sapientiam
4024 946 4430 1018 ostentamuS,
4481 942 4592 1006 sed
4646 943 4757 1025 (de

2791 1024 3013 1105 probis
3066 1031 3122 1089 et
3177 1026 3358 1089 rectis
3417 1025 3803 1091 Christianis
3859 1027 4102 1109 loquor)
4153 1028 4224 1091 in
4265 1027 4617 1093 humilitate
4657 1030 4757 1091 in-

2797 1111 3125 1192 yredimur
3158 1116 3341 1191 atque
3386 1113 3453 1174 in
3488 1111 3858 1177 obedientia.-
3902 1118 3958 1176 et
3993 1134 4067 1177 ea
4101 1134 4260 1194 quae
4280 1134 4401 1195 per
4433 1115 4757 1178 maiorum

2798 1202 3148 1261 nostrorum
3181 1198 3719 1262 sanctissimorum
3741 1198 4077 1276 hominum,
4113 1200 4756 1281 sapientissimorum

2800 1303 2915 1361 que
2967 1283 3329 1347 autoritates
3381 1284 3620 1348 tradita
3675 1286 3848 1349 nobis
3897 1291 3954 1348 et
4006 1287 4335 1350 constituta
4384 1292 4562 1365 sunt,
4618 1291 4757 1351 tan-

2746 1375 2991 1448 2quam
3038 1389 3157 1448 per
3199 1369 3498 1465 spiritum
3548 1391 3688 1434 vere
3744 1378 4027 1435 sanctum
4069 1372 4302 1436 dictata
4344 1376 4530 1452 atque
4563 1395 4757 1471 prae-

738 1456 907 1535 simi,
953 1460 1046 1522 vel
1084 1460 1395 1521 ostendere
1426 1459 1645 1554 potius
1685 1458 1888 1520 conati
1930 1476 2150 1521 sumus
2195 1456 2346 1539 (non
2394 1458 2558 1518 enim
2598 1477 2696 1517 ae-
2745 1463 2751 1526 P
2802 1460 2930 1533 cept
2932 1476 2999 1529 a,
3062 1455 3228 1517 omni
3281 1475 3421 1517 cum
3470 1455 3592 1535 fide
3656 1458 4056 1555 suscipimus.
4155 1457 4406 1522 Etenim
4463 1460 4758 1524 novimus

738 1548 892 1623 quat
912 1545 1400 1692 maqnitudinem
1421 1544 1519 1607 rei
1536 1545 1587 1622 '·’)
1629 1544 1830 1606 oratio
1867 1543 2108 1623 nostra)
2149 1543 2370 1623 quanti
2403 1543 2698 1605 momenti

737 1629 838 1707 sit,
884 1635 1112 1709 quanto

736 1714 994 1793 eiusque
1032 1737 1104 1778 sa
1137 1717 1265 1778 utis
1292 1716 1689 1794 procuratio,¹
1710 1735 1834 1794 qua
1857 1715 1913 1795 3)
1951 1719 2164 1778 nostra
2200 1716 2267 1777 in
2305 1714 2524 1777 anima
2559 1733 2697 1777 nos-

736 1805 858 1865 met
891 1802 1022 1882 ipsi
1065 1802 1172 1865 toti
1215 1821 1462 1878 sumus,
1519 1800 1860 1880 bonumque
1901 1800 2008 1864 lioc
2039 1801 2303 1880 proprie
2345 1805 2402 1863 et
2442 1799 2696 1864 unicum
2744 1863 2749 1882 ¹

1116 1651 1255 1692 ere
1298 1630 1384 1694 ad
1426 1649 1539 1692 nos
1569 1629 1895 1708 pertineat,
1940 1633 2186 1692 nostrae
2228 1628 2404 1692 nobis
2444 1629 2697 1691 animae
2745 1647 2749 1682 i

2799 1546 2854 1603 ct
2890 1541 3123 1603 scimus
3167 1546 3466 1619 quantum
3508 1540 3729 1605 habeat
3770 1544 4021 1621 virium,
4066 1545 4288 1623 quanti
4320 1545 4404 1607 sit
4437 1547 4753 1624 nunnenti,

2800 1626 3018 1705 qeumti
3049 1625 3357 1723 ponderis
3398 1629 3573 1709 apud
3610 1628 3823 1692 Deum
3866 1629 4221 1694 humilitas.
4265 1651 4423 1710 quae
4458 1652 4588 1695 una
4626 1632 4758 1694 rir-

2800 1718 2903 1774 tus
2943 1712 3013 1774 in
3045 1713 3290 1791 primis
3333 1713 3681 1777 christiana
3730 1720 3846 1792 est,
3893 1735 4147 1796 eamque
4191 1737 4435 1797 semper
4476 1717 4758 1781 maxime

2805 1795 3095 1861 Christus
3138 1797 3461 1862 Dominus
3506 1807 3707 1862 noster
3749 1807 3803 1864 et
3845 1802 4126 1880 monitis,
4183 1809 4238 1866 et
4269 1801 4653 1883 praeceptis,
4695 1808 4759 1868 et

736 1890 1021 1950 nostrum
1065 1892 1180 1963 est,
1227 1893 1468 1950 caetera
1510 1887 1695 1964 bona,
1754 1887 1964 1950 aliena
2021 1886 2195 1950 nobis
2253 1886 2468 1950 omnia
2512 1891 2696 1966 atque
2796 1883 2984 1963 factis
3039 1889 3219 1964 atque
3274 1885 3559 1964 operibus
3614 1888 3753 1949 suis
3784 1908 3949 1966 prae
4001 1909 4065 1951 se
4114 1889 4283 1967 tulit,
4327 1888 4758 1969 parvulisque

738 1972 1087 2037 disiuncta:
1131 1972 1357 2052 quibus
1391 1993 1467 2036 ne
1501 1973 1665 2051 ipsis
1698 1973 1947 2052 quidem
1980 1972 2119 2053 frui
2153 1971 2306 2037 ullis
2335 1977 2694 2053 possumuS,

738 2060 802 2123 si
846 2079 922 2120 ex
964 2057 1073 2120 hoc
1106 2057 1398 2138 principe
1441 2064 1496 2120 et
1538 2079 1675 2122 rere
1718 2063 1924 2122 nostro
1966 2058 2346 2122 excidamus.
2415 2057 2545 2122 Pro
2578 2078 2696 2139 quo

737 2144 863 2208 sibi
906 2143 1129 2206 tuendo
1187 2148 1241 2206 et
1298 2144 1711 2207 conservando
1769 2145 2021 2207 animae
2082 2149 2230 2220 [pag.
2276 2148 2377 2220 14]
2421 2143 2573 2208 bono
2615 2148 2700 2208 tot

740 2229 1059 2324 quondam
1086 2227 1324 2291 Christi
1354 2229 1791 2311 qloriosissimi
1827 2235 2154 2310 martyres,
2190 2230 2510 2293 mortalem
2538 2229 2697 2292 hanc

741 2314 942 2377 vitam
969 2319 1260 2395 prompto
1304 2315 1514 2378 animo
1545 2320 1926 2396 posuerunt.-
1983 2320 2068 2380 tot
2124 2315 2511 2379 sanctissimi
2567 2315 2700 2379 doc-

739 2403 906 2463 tores
944 2400 1265 2464 nocturnis
1306 2400 1682 2480 diurnisque
1737 2401 2094 2465 sudoribus
2130 2421 2202 2464 ac
2257 2400 2523 2483 viqiliis,
2579 2420 2698 2482 quo

737 2506 854 2549 nos
908 2485 980 2549 in
1028 2486 1200 2549 viam
1254 2492 1481 2550 rectam
1536 2487 1897 2551 inducerent
1950 2491 2006 2551 et
2061 2487 2515 2565 constituerent,
2576 2487 2699 2550 sibi

737 2570 1184 2635 elaborandum
1228 2592 1359 2636 esse
1402 2577 1779 2636 statuerunt:
1833 2577 1957 2637 tota
2003 2572 2154 2636 olim
2196 2578 2324 2636 tam
2365 2572 2601 2636 multas
2645 2577 2700 2636 et

631 2721 636 2726 .
739 2663 870 2720 tam
910 2677 1134 2738 qraves
1178 2656 1257 2721 ab
1302 2658 1520 2738 impiis
1555 2659 1842 2741 tyrannis
1885 2664 1941 2723 et
1970 2657 2382 2739 praesidibus
2420 2660 2700 2742 yentium

735 2742 1020 2806 iniurias
1055 2748 1111 2806 et
1153 2743 1539 2808 calamitates
1560 2744 1825 2824 pertulit
1858 2744 2127 2810 ecclesia.
2199 2745 2372 2825 Quae
2401 2745 2538 2809 ideo
2571 2765 2698 2809 om-

739 2829 855 2893 nia
901 2832 955 2891 et
999 2849 1040 2892 a
1072 2835 1475 2910 praepotente
1518 2831 1657 2893 Deo
1691 2831 2029 2909 permissa,
2075 2835 2131 2893 et
2175 2850 2216 2893 a
2257 2830 2521 2911 fortibus
2565 2830 2699 2894 illis

732 2915 915 2991 viris,
971 2912 1210 2978 Christi
1254 2937 1392 2979 vere
1434 2916 1770 2981 cultoribus
1812 2921 2115 2996 suscepta,
2162 2916 2449 2994 tolerata,
2492 2917 2697 2981 decer-

733 3006 988 3081 tataque
1040 3006 1213 3079 sunt,
1269 3007 1339 3065 ut
1382 3023 1505 3084 per
1548 3022 1721 3069 omne
1773 3003 2331 3084 experimentorum
2374 3007 2431 3067 et
2461 3001 2697 3083 proba-

735 3089 970 3152 tionum
1025 3108 1221 3170 qenus
1262 3086 1573 3168 plurimis
1628 3089 1825 3154 veluti
1882 3090 2135 3154 malleis
2192 3108 2451 3167 excusa,
2507 3088 2699 3153 multo

733 3175 871 3256 iyni
909 3179 1207 3257 puryata,
1251 3175 1443 3237 tantis
1484 3180 1844 3240 sanctorum
1887 3175 2212 3239 aerumnis
2256 3180 2436 3255 atque
2474 3174 2699 3239 labori-

735 3261 853 3324 bus
895 3261 1175 3338 conslata,
1222 3262 1605 3326 consolidata
1622 3310 1636 3338 ,
1677 3281 1992 3341 expressa,
2037 3266 2093 3322 et
2133 3261 2485 3324 maximam
2525 3263 2697 3342 apud

736 3344 951 3411 Deum
1003 3347 1282 3427 ‚qratiam
1334 3346 1658 3426 fidelitatis
1722 3367 1875 3410 suae
1939 3346 2192 3411 ecclesia
2260 3344 2573 3424 obtineret,
2643 3351 2699 3410 et

738 3450 1054 3494 summam
1108 3432 1282 3513 apud
1335 3432 1610 3496 homines
1666 3433 2075 3497 autoritatem.
2165 3430 2340 3496 Haec
2391 3453 2504 3497 nos
2561 3432 2697 3497 Deo

743 3516 999 3581 ecclesia
1041 3518 1109 3579 in
1158 3516 1403 3581 Christo
1446 3519 1857 3599 reqeneravit,
1903 3516 2052 3582 haec
2092 3537 2205 3582 nos
2246 3518 2431 3596 aluit,
2476 3518 2695 3599 confir-

738 3604 955 3681 mavit,
999 3603 1320 3681 instruxit,
1357 3605 1512 3684 quid
1545 3624 1657 3667 nos
1691 3604 1940 3683 sentire,
1985 3605 2139 3684 quid
2176 3605 2433 3682 credere,
2470 3605 2540 3667 in
2574 3624 2694 3685 quo

738 3708 915 3767 spem
943 3710 1206 3770 ponere,
1251 3711 1381 3769 qua
1424 3692 1532 3753 via
1575 3691 1644 3753 in
1688 3690 1918 3755 coelum
1962 3692 2204 3756 tendere
2246 3710 2361 3755 nos
2403 3696 2696 3770 oporteat,

737 3774 891 3853 ipsa
951 3775 1164 3838 eadem
1217 3776 1469 3840 edocuit.
1563 3776 1700 3859 Nps
1751 3777 1820 3840 in
1878 3775 1993 3840 hac
2047 3778 2361 3841 communi
2414 3776 2698 3842 eeclesiae

736 3859 862 3938 fide
905 3860 1268 3937 incedimus,
1314 3883 1427 3925 nos
1469 3861 1646 3926 illius
1687 3862 1841 3945 leqes
1876 3867 1932 3926 et
1953 3868 2291 3943 praecepta
2330 3864 2694 3927 retinemus.
2686 3886 2699 3899 ·

629 4004 638 4013 .
740 3950 796 4008 et
837 3947 898 4009 si
941 3946 1188 4026 quando
1243 3948 1590 4030 fraqilitate
1642 3953 1698 4011 et
1748 3949 2191 4012 incontinentia
2245 3949 2391 4013 victi
2437 3951 2523 4014 ad
2555 3969 2695 4029 pec-

739 4033 1008 4096 candum
1040 4033 1436 4113 prolabimur
1482 4035 1675 4116 (quod
1717 4035 1961 4098 utinam
2003 4035 2223 4098 saltem
2265 4055 2415 4098 raro
2458 4056 2532 4098 ac
2573 4056 2697 4099 non

737 4116 1007 4181 nimium
1054 4139 1237 4199 saepe
1292 4121 1363 4182 in
1419 4120 1592 4184 nobis
1608 4120 1666 4201 ⁴)
1722 4121 2046 4198 accideret)
2105 4121 2175 4183 in
2230 4121 2441 4183 eadem
2495 4127 2698 4184 tamen

734 4202 862 4282 fide
903 4204 1190 4268 eeclesiae
1232 4207 1660 4289 exsurqimus:
1701 4207 2048 4287 quibusque
2083 4206 2201 4269 illa
2235 4206 2696 4285 expiationibus

738 4294 796 4353 et
845 4291 1249 4368 poenitentiis
1314 4298 1368 4354 et
1433 4291 1971 4372 satisfactionibus
2030 4297 2352 4372 peccatum
2415 4298 2696 4357 nostrum

738 4374 932 4453 ablui,
979 4381 1033 4438 et
1079 4378 1164 4440 ad
1210 4378 1619 4458 inteqritatem
1650 4377 2018 4457 pristinam,
2065 4376 2346 4442 clemente
2391 4399 2538 4460 erqa
2582 4399 2695 4443 nos

736 4478 979 4543 semper
1023 4467 1079 4524 et
1120 4463 1515 4526 misericorde
1537 4462 1691 4539 Deo,
1737 4484 1849 4527 nos
1891 4464 2136 4528 restitui
2182 4465 2365 4541 docet,
2415 4469 2430 4539 Ι
2438 4490 2559 4541 pag.
2590 4469 2690 4543 15]

736 4566 847 4610 eas
902 4547 1203 4627 expiandi
1261 4553 1315 4611 et
1371 4551 1806 4630 satisfaciendi
1867 4551 2141 4613 rationes
2202 4550 2587 4629 suscipimus
2640 4555 2695 4614 et

734 4631 1117 4697 adhibemus
1208 4633 1408 4714 quue
1447 4636 1538 4699 ita
1585 4656 1775 4715 quum
1815 4636 2120 4716 facimus,
2172 4635 2540 4715 confidimus
2583 4657 2694 4701 nos

734 4720 952 4782 veniae
1006 4724 1060 4781 et
1113 4720 1580 4784 misericordiae
1641 4722 1840 4786 locum
1901 4721 2075 4802 apud
2129 4721 2342 4785 Deum
2396 4722 2691 4785 invenire.

737 4804 884 4869 Non
942 4806 1106 4869 enim
1152 4811 1408 4885 practer
1450 4809 1814 4872 sententiam
1856 4813 1911 4871 et
1958 4809 2350 4871 autoritatem
2406 4808 2692 4871 ecclesiae

873 5129 930 5196 1)
967 5132 1337 5201 potissimum,
1383 5131 1564 5201 Luyd.
1601 5139 1646 5184 et
1685 5133 1818 5200 Arq.
2026 5134 2084 5197 2)
2124 5136 2226 5202 rei,
2275 5150 2373 5188 om.
2413 5134 2495 5187 ed.
2525 5135 2682 5201 prin-

728 5212 867 5266 ceps.
1075 5200 1136 5264 3)
1181 5175 1462 5255 Gallamus
1510 5199 1645 5253 1552
1686 5201 2022 5255 emendavit:
2107 5205 2221 5271 uia,
2268 5219 2421 5271 quem
2465 5205 2688 5271 sequuti

725 5277 872 5391 {itate
894 5270 1234 5393 τᾶιῑιιῖἕξιίζεε.
1441 5269 1500 5335 4)
1543 5285 1706 5338 saepe
1753 5271 1935 5337 nobiS‚
1985 5269 2086 5324 155
2157 5287 2296 5341 seqq.
2332 5289 2399 5326 ex
2434 5273 2682 5326 menda-

2800 1970 2969 2047 solis,
3014 1969 3084 2033 id
3127 1975 3240 2044 est,
3289 1969 3631 2035 humilibus
3662 1974 4060 2054 propositum
4103 1974 4261 2037 dixit
4305 1994 4438 2038 esse
4494 1995 4758 2056 reynum

2800 2055 3117 2119 coelorum.
3188 2056 3335 2119 Non
3369 2059 3535 2120 enim
3567 2062 3773 2138 refert,
3818 2078 4142 2140 corporene
4166 2061 4363 2140 parvi
4403 2081 4488 2123 an
4531 2063 4757 2142 maqni

2800 2141 3020 2218 simus,
3065 2142 3175 2206 sed
3217 2143 3381 2207 illud
3412 2144 3771 2223 plurimum
3806 2145 4008 2225 refert,
4052 2152 4265 2209 utrum
4301 2147 4511 2210 animo
4546 2149 4756 2211 simus

2801 2226 3043 2304 humili,
3088 2248 3250 2291 anne
3290 2229 3568 2308 superbo.
3662 2229 3998 2310 Superbia,
4043 2252 4201 2312 quae
4244 2233 4491 2314 anyelos
4533 2233 4759 2298 deiecit

2796 2313 2877 2377 de
2898 2314 3072 2391 coelo,
3106 2313 3459 2378 hominibus
3494 2317 3704 2380 eadem
3739 2318 3859 2380 iter
3879 2317 3949 2380 in
3979 2317 4209 2381 coelum
4241 2319 4514 2398 impedit.
4574 2319 4757 2384 Dnde

2802 2398 3044 2462 coeleste
3096 2393 3340 2464 animal
3399 2402 3659 2483 anqelus
3698 2407 3956 2484 propter
4010 2403 4369 2484 superbiam
4421 2405 4757 2485 expulsum

2803 2490 2909 2562 est,
2956 2505 3023 2547 eo
3068 2489 3384 2549 terrenum
3429 2487 3671 2551 animal
3713 2488 3888 2552 homo
3910 2496 4170 2570 propter
4206 2495 4352 2567 [pag.
4400 2499 4502 2566 161
4549 2490 4762 2554 humi-

2802 2570 3039 2636 litatem
3080 2572 3428 2635 extollitur.-
3469 2579 3538 2636 ιιι
3578 2579 3891 2654 appareat
3920 2575 4144 2654 plane,
4190 2577 4581 2640 coristitutum
4622 2596 4761 2640 esse

2803 2656 2981 2720 nobis
3024 2657 3093 2721 in
3138 2656 3486 2722 humilitate
3528 2661 3963 2739 potissimum,
4024 2666 4080 2723 et
4131 2663 4560 2726 adiumentum
4605 2683 4760 2744 per-

2792 2747 3020 2822 petuae
3073 2742 3303 2807 salutis
3355 2750 3629 2822 nostrae,
3701 2751 3755 2810 et
3809 2745 4001 2809 liuius
4056 2746 4263 2811 beatae
4318 2768 4391 2811 ac
4442 2748 4761 2814 iucundae

2802 2829 2968 2908 spei,
3026 2849 3153 2909 qua
3206 2829 3293 2893 ad
3335 2831 3567 2896 eoelum
3609 2833 3951 2911 tendimus,
4004 2831 4487 2912 firmamentum.
4579 2836 4761 2915 Quae

2804 2935 2998 2995 quum
3041 2916 3134 2978 ita
3177 2916 3329 2993 sint,
3389 2917 3707 2981 carissimi
3746 2919 4010 2999 fratrcS,
4070 2939 4263 3000 quum
4318 2924 4531 2984 nostra
4570 2920 4761 2984 salus

2802 3000 2996 3080 nobis,
3035 3021 3230 3083 quum
3273 3023 3422 3068 vera
3464 3004 3620 3083 vita,
3668 3024 3861 3103 quum
3903 3010 4151 3070 aeterna
4200 3006 4499 3087 felicitas,
4557 3026 4760 3089 quum

2802 3093 3034 3152 nosmet
3058 3089 3183 3168 ipsi
3218 3090 3478 3170 denique
3512 3054 3687 3155 nobis
3719 3092 3882 3189 ipsis
3900 3092 4219 3173 inprimis
4240 3098 4295 3156 et
4315 3093 4587 3157 maxime
4623 3114 4762 3158 cae-

2802 3179 3080 3238 terarum
3123 3195 3334 3239 rerum
3378 3177 3657 3239 omnium
3700 3178 3835 3241 cari
3880 3199 4010 3243 esse
4050 3177 4406 3257 debeamus,
4451 3200 4648 3260 quum
4690 3180 4762 3243 si

2798 3264 3030 3325 nosmet
3071 3260 3243 3340 ipsos
3264 3262 3767 3341 perdiderimus,
3814 3264 3978 3328 niliil
4020 3265 4273 3345 uspiam
4313 3271 4627 3343 nostrum,
4686 3266 4760 3330 id

2800 3352 2905 3424 est,
2950 3346 3111 3425 quod
3152 3346 3333 3425 iuvet,
3378 3352 3490 3410 aut
3521 3349 3686 3429 quod
3715 3351 4032 3429 pertineat
4074 3351 4159 3414 ad
4200 3372 4328 3429 nos,
4373 3353 4576 3415 simus
4619 3373 4760 3416 am-

2786 3432 2972 3516 plius
3010 3435 3351 3513 reperturi,
3407 3454 3600 3514 quum
3643 3435 3887 3499 nullum
3924 3437 4189 3518 qravius
4229 3437 4560 3515 danmum,
4616 3438 4763 3501 nul-

2799 3518 2931 3581 lum
2974 3519 3308 3583 exitiosius
3349 3519 3605 3598 malum,
3650 3521 3831 3585 nulla
3874 3522 4150 3587 acerbior
4184 3522 4515 3588 calamitas
4557 3525 4765 3588 amis-

2799 3604 2972 3669 sione
3025 3609 3082 3667 et
3132 3604 3379 3669 iactura
3435 3607 3795 3670 animarum
3850 3613 4213 3673 nostrarum
4255 3610 4531 3674 accidere
4571 3610 4763 3674 nobis

2788 3691 3024 3770 possit:
3070 3696 3318 3769 quanto,
3364 3690 3613 3769 obsecro,
3659 3694 3881 3771 studio,
3926 3715 4053 3775 qua
4098 3695 4299 3759 animi
4341 3716 4497 3760 cura
4539 3700 4594 3759 et
4632 3697 4762 3760 sol-

2799 3776 3117 3839 licitudine
3148 3778 3479 3856 providere
3523 3743 3836 3857 debemus,
3890 3800 3966 3843 ne
4027 3781 4098 3843 in
4153 3780 4260 3844 lioc
4302 3786 4543 3844 tantum
4571 3783 4762 3862 peri—

2801 3861 3007 3924 culum
3062 3862 3243 3926 salus
3300 3869 3358 3926 et
3408 3865 3533 3927 vita
3578 3869 3793 3928 nostra
3835 3866 4252 3931 coniiciatur?
4339 3865 4600 3931 Dabitis
4647 3889 4763 3934 eos

2788 3948 3063 4028 profecto
3106 3948 3264 4011 mihi
3298 3954 3354 4014 et
3387 3951 3735 4028 concedetis,
3777 3950 3941 4015 nihil
3962 3953 4388 4031 perniciosius
4420 3974 4614 4051 neque
4643 3954 4763 4035 fu-

2800 4038 3043 4098 nestum
3085 4036 3290 4116 maqis
3334 4037 3572 4099 evenire
3616 4036 3789 4099 nobis
3832 4058 4045 4117 posse,
4104 4058 4294 4118 quam
4348 4041 4765 4104 amissimiem

2802 4120 3051 4182 animae
3094 4122 3430 4203 unicuique
3463 4142 3634 4186 suae.
3701 4121 3960 4186 Dabitis
3995 4145 4137 4206 eryo
4171 4126 4360 4187 etiam
4393 4124 4571 4203 illud,
4617 4127 4765 4206 opi-

2800 4225 2931 4283 ner,
2967 4205 3129 4268 nihil
3163 4226 3293 4271 esse
3315 4228 3357 4271 a
3378 4206 3557 4272 nobis
3586 4210 3823 4273 maiore
3854 4210 4181 4291 diliqentia
4216 4215 4269 4273 et
4299 4212 4520 4288 studio,
4554 4232 4766 4291 quam

2800 4312 2875 4355 ne
2920 4291 2989 4354 id
3029 4292 3293 4371 accidat,
3327 4295 3844 4391 praecavendum.
3940 4294 4140 4359 Cuius
4182 4297 4347 4359 enim
4390 4262 4546 4361 mali
4588 4317 4764 4376 sor-5,

2798 4376 2859 4440 si
2902 4397 2977 4440 ea
3020 4378 3088 4439 in
3133 4398 3244 4442 nos
3290 4380 3540 4457 incidat,
3584 4381 3862 4443 omnium
3904 4381 4217 4445 malorum
4260 4389 4348 4446 est
4389 4384 4761 4463 deterrima,

2798 4463 3075 4525 eiusdem
3127 4464 3284 4527 mali
3320 4466 3678 4546 periculum
3727 4469 4004 4531 maxime
4058 4469 4338 4532 omnium
4390 4470 4563 4533 nobis
4616 4491 4765 4535 esse

2794 4547 3266 4628 formidolosum
3320 4550 3505 4615 debet.
3596 4551 3851 4616 Etenim
3909 4559 4147 4635 quanta
4175 4554 4221 4637 ¹)
4290 4560 4376 4619 est
4442 4556 4510 4619 in
4574 4556 4764 4620 malo

2797 4634 2998 4711 moleS,
3045 4640 3253 4698 tantu-s
3296 4638 3364 4699 in
3396 4638 3683 4716 periculo
3726 4639 3883 4702 mali
3926 4660 4164 4704 necesse
4199 4644 4288 4703 est
4324 4646 4394 4705 ut
4425 4642 4508 4705 sit
4540 4642 4761 4707 timor.

2797 4718 3006 4799 Atque
3049 4725 3153 4782 ιιι
3146 4723 3270 4801 qui
3313 4722 3563 4787 horrent
3604 4729 3659 4787 et
3702 4730 3981 4789 metuunt
4024 4728 4090 4789 ιιι
4121 4725 4390 4809 pelaqus
4423 4729 4767 4808 praecipi-

2794 4807 2938 4884 tari,
2988 4806 3056 4870 Ιιι
3098 4826 3175 4871 ne
3218 4808 3303 4871 ad
3337 4814 3753 4890 praeruptam
3795 4813 4043 4892 quidem
4084 4817 4138 4875 et
4182 4812 4598 4878 imminentem
4638 4834 4765 4893 pe-

2792 4892 2929 4974 layo
2972 4913 3197 4975 rupem
3240 4895 3469 4958 audent
3503 4896 3800 4973 accedere,
3850 4901 4141 4976 [pag.17]
4189 4899 4279 4962 sic
4322 4900 4435 4980 qui
4467 4899 4764 4964 terribile

2791 4977 2953 5041 illud
2997 4978 3129 5042 Dei
3172 4984 3226 5042 et
3269 4979 3730 5047 damnatorium
3773 4948 4081 5047 iudicium
4112 4983 4621 5064 perhorrescunt,
4669 4985 4762 5050 ab

2922 5341 2979 5407 1)
3022 5341 3132 5396 Ed.
3164 5344 3423 5410 princepe
3460 5349 3511 5397 et
3546 5344 4027 5413 Arqemoratensis
4060 5344 4283 5398 habent:
4317 5353 4590 5413 quantum.
