5100 6061
319 410 439 471 153

313 598 419 661 cui
451 595 754 678 voluptati
787 594 1053 659 saevitia
1092 598 1195 658 est.
1271 592 1617 658 Possumus
1658 593 1984 658 insaniam
2026 612 2240 657 vocare
2252 616 2272 671 ,-

312 702 465 747 nam
505 682 697 746 varia
743 686 895 745 suut
929 700 1159 763 yenera
1204 680 1368 759 eius,
1415 685 1469 743 et
1510 679 1755 744 nullum
1799 680 2028 744 certius
2081 699 2273 760 quam

314 768 478 849 quod
520 769 592 831 in
635 768 848 832 caedes
883 766 1200 830 hominum
1234 770 1290 828 et
1325 766 1699 830 laniatioues
1723 765 2024 846 pervenit.
2114 764 2273 829 Illos

316 873 458 936 erqo
491 853 771 918 crudeles
804 852 1050 929 vocabo,
1088 853 1197 932 qui
1221 852 1537 933 puniendi
1560 856 1828 915 'causam
1870 850 2104 929 habent,
2149 871 2274 914 mo-

314 940 468 1004 dum
521 960 645 1003 non
699 938 947 1003 habeut.-
1002 939 1166 1003 sicut
1219 939 1291 1001 iu
1346 935 1646 1013 Phalari,
1704 957 1886 1017 quem
1925 938 2108 1001 aiunt
2152 957 2273 999 nou

317 1025 566 1107 quidem
599 1025 667 1087 in
692 1024 981 1092 >homines
1024 1025 1390 1100 innocentes,
1436 1024 1546 1087 sed
1571 1043 1763 1103 super
1806 1022 2156 1087 humanum
2199 1042 2271 1085 ac

306 1110 693 1194 probabilem
726 1111 977 1175 modum
1012 1111 1300 1173 saevisse.
1391 1108 1736 1173 Possumus
1780 1110 2043 1191 effuyere
2084 1108 2271 1173 cavil-

316 1197 626 1274 lationem
661 1202 717 1261 et
755 1198 843 1261 ita
873 1195 1077 1276 linire,
1116 1200 1185 1258 ut
1223 1196 1306 1258 sit
1341 1194 1676 1259 crudelitas
1718 1195 2045 1260 inclinatio
2070 1194 2271 1260 animi

316 1283 405 1348 ad
455 1284 801 1363 asperiora.
893 1281 1078 1344 Hanc
1133 1281 1451 1346 clementia
1495 1281 1735 1361 repellit
1791 1282 2035 1363 longius
2077 1302 2119 1345 a
2173 1301 2271 1342 se.-

317 1389 467 1433 nam
500 1371 884 1433 severitatem
915 1368 1021 1433 illi
1054 1368 1374 1432 convenire
1412 1371 1639 1431 certum
1676 1372 1780 1430 est.
1826 1367 1938 1431 Ad
1970 1388 2101 1429 rem
2125 1387 2272 1447 per-

317 1454 464 1519 tinet
496 1476 793 1535 quaerere
834 1454 943 1518 lioc
976 1453 1116 1529 zoco,
1154 1453 1308 1532 quid
1341 1454 1426 1516 sit
1464 1453 1912 1517 misericordia.
1974 1452 2274 1533 Plerique

318 1543 485 1605 enim
526 1547 595 1604 ut
634 1542 923 1604 virtutem
956 1559 1096 1604 eam
1132 1539 1411 1615 laudaut,
1458 1543 1512 1602 et
1554 1538 1779 1602 bonum
1821 1538 2128 1603 hominem
2171 1558 2270 1602 vo-

317 1633 459 1692 cant
478 1627 956 1691 misericordem.
1014 1624 1187 1690 Haec
1208 1629 1415 1689 autem
1436 1624 1658 1688 vitium
1692 1624 1893 1688 animi
1914 1630 2016 1688 est.
2088 1624 2274 1689 Utra-

317 1734 433 1795 que
472 1714 642 1776 circa
683 1713 1066 1777 severitatem
1111 1713 1394 1790 circaque
1436 1711 1818 1775 clementiam
1852 1711 2065 1790 posita
2108 1713 2271 1788 sunt,

317 1820 477 1881 quae
510 1800 713 1863 vitare
746 1799 1047 1875 debemus,
1086 1818 1161 1860 ne
1183 1818 1305 1877 per
1346 1798 1608 1878 speciem
1651 1796 1999 1862 clementiae
2042 1798 2113 1859 in
2154 1796 2273 1858 mi-

316 1885 730 1951 sericordiam
768 1884 1140 1949 incidamus.
1232 1882 1315 1945 Iu
1360 1881 1468 1946 hoc
1511 1883 1734 1946 leviore
1767 1882 2048 1962 periculo
2104 1902 2274 1946 erra-

318 1977 456 2035 tur.-
499 1972 608 2036 sed
641 1992 775 2052 par
816 1991 995 2035 error
1037 1973 1124 2033 est
1170 1991 1211 2032 a
1254 1988 1394 2033 vero
1436 1968 1859 2031 recedentium.

493 2056 823 2137 Quoniam
861 2054 1028 2119 illud
1064 2055 1193 2119 iam
1232 2055 1519 2137 positum
1551 2060 1668 2131 est,
1708 2054 2131 2120 severitatem
2159 2074 2274 2135 op-

298 2144 479 2227 ·poni
514 2143 901 2210 clementiae
939 2162 1070 2205 non
1104 2161 1311 2222 posse,
1350 2160 1434 2204 ne
1479 2141 1757 2203 virtutes
1796 2140 1968 2203 inter
2004 2161 2073 2204 se
2109 2160 2274 2222 pug-

318 2239 505 2295 nent:
546 2227 922 2293 habendum
946 2237 1048 2292 est
1083 2227 1338 2303 vitium,
1377 2225 1544 2308 quod
1584 2226 1671 2290 sit
1705 2225 2108 2290 contrarium
2145 2225 2273 2289 616-

319 2316 624 2381 mentiae.
687 2314 840 2379 Erit
861 2321 1084 2395 autem
1107 2310 1475 2388 crudelitas,
1503 2321 1577 2376 ut
1599 2312 1684 2375 sit
1705 2311 2041 2376 inclinatio
2071 2312 2274 2375 animi

321 2402 401 2467 ad
458 2402 807 2483 asperiora.
910 2400 1079 2464 Nam
1135 2400 1191 2462 si
1243 2397 1496 2462 dicatur
1550 2398 1858 2462 atrocitas
1911 2398 1986 2460 in
2044 2398 2273 2478 poenis

322 2486 695 2572 exigendis,
757 2485 1020 2549 dabitur
1089 2483 1330 2566 aliquid
1397 2485 1800 2548 contrarium
1865 2483 2269 2560 clementiae,

320 2573 493 2657 quod
536 2574 661 2637 isto
700 2572 963 2637 nomine
1006 2591 1137 2634 non
1183 2572 1610 2635 contineatur.
1703 2568 1834 2649 Qui
1895 2570 2072 2633 enim
2128 2571 2271 2634 sine

320 2680 517 2727 causa
576 2660 912 2736 saeviunt,
969 2655 1265 2723 crudeles
1322 2655 1586 2738 quidem
1635 2667 1818 2731 sunt,
1873 2675 1996 2719 1166
2048 2664 2270 2718 tamen

322 2754 477 2812 sunt
536 2754 789 2811 atroces
843 2744 913 2808 in
958 2741 1297 2826 exigendis
1340 2743 1598 2824 poenis:
1659 2742 1815 2823 quia
1859 2742 1967 2823 qui
2025 2762 2270 2823 poenas

320 2834 627 2915 exigunt,
682 2850 949 2896 causam
998 2827 1256 2893 ,habent
1309 2827 1423 2893 sed
1466 2826 1732 2892 modum
1788 2848 1922 2891 non
1984 2839 2266 2914 servant.

495 2917 764 2982 Busiris
796 2913 927 3001 ille]
967 2915 1116 2979 Rex
1162 2915 1659 2998 Aegyptiorum,
1706 2914 1995 2995 Neptuni
2040 2922 2108 2977 et
2151 2914 2267 2977 Li-

321 3007 490 3090 byae
529 3004 732 3079 filius,
792 3002 900 3085 qui
949 3000 1209 3065 Thrasii
1256 2999 1522 3065 consilio
1567 2999 1853 3083 hospites
1889 2999 2271 3065 immolabat

321 3098 468 3171 [pag.
512 3096 661 3168 148]
700 3089 1082 3172 incognitos
1122 3103 1187 3150 et
1222 3087 1471 3151 nullius
1508 3087 1801 3152 criminis
1837 3107 2004 3162 reos,
2052 3099 2127 3149 ut
2162 3108 2267 3150 eo-

319 3201 467 3243 rum
525 3176 845 3259 sanguine
901 3174 1193 3257 pluviam
1251 3173 1538 3248 eliceret,
1584 3174 1768 3238 cuius
1820 3174 2092 3255 penuria
2135 3175 2267 3237 Ae-

320 3272 569 3348 gyptus
612 3282 847 3326 novem
892 3261 1085 3324 annis
1131 3259 1561 3323 laboraverat.
1632 3259 1926 3323 Tandem
1967 3260 2047 3322 ab
2093 3259 2267 3323 Her·-

318 3350 464 3415 cule
506 3350 959 3429 interemptus,
1005 3353 1082 3410 ut
1126 3346 1390 3426 quidam
1429 3344 1718 3408 tradunt.
1809 3345 1979 3408 Nam
2026 3343 2267 3410 Strabo

314 3437 483 3501 libro
526 3434 755 3499 XVII.
799 3432 1088 3498 fabulam
1133 3453 1278 3496 esse
1320 3437 1513 3513 putat
1555 3430 1726 3511 quod
1762 3428 1843 3494 de
1889 3451 1965 3494 eo
2020 3452 2266 3495 memo-

316 3524 453 3587 riae
496 3518 827 3604 proditum
871 3528 986 3583 est.

494 3603 883 3691 Procrustes]
912 3603 1170 3668 Atticae
1192 3603 1476 3686 regionis
1496 3601 1685 3679 latr0,
1709 3602 1982 3667 affectus
2017 3622 2057 3665 a
2092 3602 2264 3666 'I'he-

317 3716 427 3761 seo
470 3692 696 3758 eodem
742 3711 983 3775 genere
1030 3688 1361 3771 supplicii,
1408 3707 1535 3770 quo
1590 3687 1834 3752 multos
1877 3688 2061 3771 prius
2105 3689 2263 3752 affe-

316 3795 508 3847 cerat.
569 3777 923 3861 Supposito
968 3776 1145 3841 enim
1187 3774 1354 3840 lecto
1407 3773 1922 3839 intendebantur
1964 3793 2262 3856 corpora:

316 3887 482 3950 quae
515 3863 994 3929 mutilabantur
1029 3862 1084 3924 si
1120 3863 1366 3925 maiora
1401 3869 1592 3924 erant
1624 3858 1819 3925 lecto:
1858 3867 1973 3925 aut
2016 3861 2083 3924 vi
2130 3866 2265 3923 tra,-

317 3952 644 4018 hebantur
684 3950 755 4012 in
798 3961 1023 4032 parem
1065 3946 1592 4031 magnitudinem
1636 3947 1692 4009 si
1734 3947 1989 4016 minora
2045 3955 2261 4010 erant:

315 4059 556 4104 nomen
601 4058 640 4099 a
682 4034 1012 4119 προκρούω,
1052 4033 1120 4097 id
1164 4048 1263 4097 est
1297 4030 1579 4116 impello.
1641 4031 1947 4096 Meminit
1982 4030 2263 4098 Ovidius

312 4123 612 4208 pluribus
654 4121 831 4187 locis.

487 4209 829 4273 Insaniam
880 4226 1096 4270 vocare
1150 4202 1518 4290 possumus]
1591 4203 1875 4278 Videtur
1942 4203 2264 4285 accepisse

313 4317 550 4362 nomen
590 4294 883 4359 insaniae
926 4311 1045 4374 pro
1088 4292 1324 4370 furore,
1371 4288 1916 4373 quemadmodum
1959 4290 2263 4371 frequen-

314 4390 416 4448 ter
466 4387 793 4462 usurpant
836 4377 1216 4460 scriptores:
1277 4378 1581 4459 quamvis
1626 4375 1855 4441 Cicero
1901 4375 2266 4458 distinguat

313 4467 835 4533 Tuscula-narum
858 4463 985 4528 m.
1025 4473 1097 4528 ut
1129 4463 1217 4527 sit
1234 4463 1497 4528 Latinis
1533 4463 1810 4540 insania,
1848 4484 2014 4545 quae
2050 4462 2262 4528 Grae-

312 4555 409 4621 cis
431 4561 644 4632 μανίαε
696 4560 764 4616 et
799 4550 984 4616 nobis
1022 4550 1222 4628 furor,
1253 4569 1418 4631 quae
1456 4548 1587 4614 illis
1611 4547 2063 4613 melancholia.
2127 4545 2262 4612 Sed

312 4639 549 4706 Celsus
594 4638 760 4703 libro
803 4635 929 4701 III.
980 4635 1337 4720 phrenesin
1379 4644 1567 4700 vocat
1612 4634 1966 4712 insaniam,
2018 4642 2089 4700 et
2132 4633 2262 4698 tria

311 4727 467 4792 facit
508 4723 1041 4807 phreneticorum
1088 4742 1348 4804 genera.

484 4808 776 4877 Crudeles
832 4806 1051 4873 vocabo
1072 4857 1088 4884 ‚
1133 4808 1242 4888 qui
1297 4828 1558 4873 causam
1614 4804 1860 4892 habent]
1923 4805 2025 4871 Ne
2070 4813 2260 4887 putes

313 4898 435 4963 1166
478 4917 621 4962 6666
665 4893 977 4978 frigidum
1012 4890 1303 4958 Senecae
1347 4900 1806 4970 commentum,
1854 4893 1946 4958 sic
1983 4888 2260 4956 Servius

311 4984 780 5066 interpretatur
800 4978 1119 5045 ‘crudeles
1148 4997 1410 5060 poenas,
1453 4978 1691 5042 nimias
1742 4989 1809 5041 et
1847 4998 2095 5056 saevas,
2127 4998 2256 5041 non

313 5079 533 5134 tamen
554 5067 862 5150 indignas
876 5117 891 5144 ,
938 5067 1004 5130 in
1042 5064 1162 5128 VI.
1206 5062 1551 5142 Aeneidos,
1602 5063 1716 5128 ubi
1753 5064 1849 5129 ait
1885 5062 2255 5146 Vergilius:

556 5153 674 5206 Vidi
712 5160 766 5206 et
803 5151 1049 5205 crudeles
1084 5149 1300 5204 dantem
1338 5148 1625 5203 Salmonea
1657 5163 1882 5217 poenas.

488 5239 668 5304 Sicut
721 5239 791 5301 iu
851 5233 1150 5322 Phalari]
1205 5236 1337 5300 Hic
1398 5234 1987 5317 Agrigentinorum
2030 5245 2258 5332 tyran·

1610 404 1900 469 LIBER
1943 403 2035 468 Π.
2123 403 2427 471 CAPUT
2468 404 2560 469 11.
2605 403 2734 469 III.
2781 403 2900 469 IV.
2946 405 3029 468 V.

4207 413 4329 473 154

2500 594 2571 657 'ti
2614 593 2798 658 noxii
2845 593 3002 659 dum
3049 601 3481 674 torrerentur,
3520 596 3692 661 tauri
3728 596 4053 681 mugitum
4097 596 4330 661 redde-

2421 686 2554 742 ant.
2642 679 2938 744 Tandem
2983 681 3296 745 universa
3334 683 3393 744 A
3480 683 3922 766 ’gentinorum
3977 682 4329 748 multitudo

2378 765 2449 827 in
2493 787 2644 830 eum
2679 767 2997 849 impetum
3041 767 3212 845 fecit,
3252 789 3379 849 quo
3469 769 3752 833 nesciret
3777 767 4062 832 'modum
4101 770 4330 850 poenis

2377 858 2682 915 statuere.
2774 852 2975 916 Hunc
3018 850 3272 918 Seneca
3326 853 3491 917 libro
3551 854 3631 918 de
3675 854 3789 918 Ira
3846 854 3936 918 H.
3996 855 4172 918 inter
4214 874 4328 920 eos

2376 936 2567 1020 ponit
2608 937 2720 1019 qui
2765 938 2966 1001 animi
3011 958 3208 1003 causa
3260 940 3588 1003 feritatem
3632 949 3943 1005 exercent
3994 942 4064 1003 in
4120 962 4229 1005 eos
4287 963 4330 1005 a

2376 1021 2613 1104 quibus
2653 1023 2965 1086 iniuriam
3008 1045 3138 1088 non
3187 1034 3595 1108 aeceperunt.
3685 1023 3822 1090 Sed
3864 1026 4131 1103 fallitur,
4176 1028 4329 1108 quia

2377 1108 2570 1172 aliter
2611 1128 2838 1173 omnes
2883 1110 3229 1191 scriptores
3284 1110 3741 1196 prodiderunt,
3789 1121 3856 1175 et
3910 1112 4052 1195 ipse
4106 1133 4329 1177 secum

2377 1205 2643 1277 pugnat,
2690 1203 2764 1257 ut
2808 1193 3052 1258 indicat
3100 1195 3203 1261 1116
3247 1195 3446 1261 16666.

2556 1280 2725 1361 Quid
2774 1281 2859 1344 sit
2913 1281 3367 1368 misericordia]
3424 1283 3554 1349 Hic
3598 1282 3678 1348 de
3733 1292 4026 1347 extremo
4088 1282 4159 1346 in
4214 1306 4327 1348 ex-

2377 1386 2630 1431 cessum
2680 1367 2919 1449 agitur,
2949 1387 3194 1448 ‘nempe
3240 1367 3318 1430 de
3363 1368 3823 1444 misericordia,
3864 1390 4028 1452 quae
4063 1369 4216 1434 licet
4257 1371 4328 1434 in

2376 1453 2660 1534 speciem
2705 1451 3055 1517 conformis
3100 1452 3481 1517 clementiae
3526 1463 3862 1537 appareat,
3910 1456 4078 1536 quia-
4107 1463 4328 1519 tamen

2378 1538 2583 1606 animi
2619 1538 3177 1620 perturbationem
3214 1559 3434 1602 secum
3470 1541 3612 1617 fert,
3659 1540 3873 1622 perdit
3915 1560 4151 1605 nomen
4195 1544 4328 1606 vir-

2378 1624 2558 1702 tutiS,
2596 1623 2959 1689 secundum
2997 1621 3267 1689 Stoicos.
3359 1625 3502 1688 Lon
3552 1647 3587 1689 6
3633 1627 3761 1689 alia
3803 1633 4101 1691 extrema
4143 1629 4329 1708 ponit

2378 1710 2768 1774 Aristoteles
2813 1709 3204 1775 Ethicorum
3247 1710 3368 1773 IV.
3417 1648 3551 1775 6θὲ
3577 1733 3658 1774 ex
3703 1712 4005 1793 opinione
4052 1713 4326 1795 Peripa-

2379 1796 2743 1873 teticorum,
2790 1797 2899 1877 qui
2938 1796 3276 1877 passiones
3310 1796 3381 1859 in
3411 1798 3773 1880 sapientem
3804 1797 4033 1861 cadere
4072 1798 4325 1863 volunt.

2380 1881 2632 1945 Verum
2677 1881 2837 1947 haec
2883 1882 3117 1947 melius
3162 1883 3459 1964 proximo
3503 1884 3731 1965 capite.

2554 1966 2807 2031 Bonum
2841 1967 3148 2032 homiuem
3184 1973 3401 2032 vocant
3433 1967 3920 2055 misericordem]
3968 1967 4145 2032 Illud
4170 1989 4328 2033 66116

2379 2053 2567 2118 nobis
2613 2074 2994 2135 persuasum
3043 2074 3184 2118 esse
3230 2053 3439 2131 debet,
3488 2063 3553 2118 et
3598 2055 3910 2119 virtutem
3954 2075 4096 2117 osse
4134 2056 4328 2121 mise-

2380 2139 2745 2213 ricordiam,
2785 2162 2903 2204 1166
2942 2139 3187 2204 11666111
3225 2140 3559 2204 hominem
3603 2161 3743 2204 esse
3788 2159 3996 2222 posse,
4045 2141 4152 2222 qui
4196 2162 4327 2205 non

2381 2225 2467 2288 sit
2522 2225 2919 2303 misericors,
2977 2225 3290 2309 quidquid
3347 2225 3418 2289 in
3482 2227 3616 2290 suis
3679 2227 3927 2290 umbris
3996 2224 4330 2307 disputent

2380 2311 2570 2375 otiosi
2614 2311 2724 2374 isti
2769 2313 3125 2393 sapientes:
3175 2313 3284 2392 qui
3332 2334 3414 2376 an
3444 2313 3771 2393 sapientes
3809 2313 3944 2375 sint
3974 2313 4209 2391 1166616,
4254 2321 4330 2376 ut

2379 2397 2596 2461 verbis
2631 2396 2836 2461 Plinii
2875 2406 3052 2462 utar:
3100 2398 3398 2462 homines
3439 2406 3612 2463 certe
3658 2418 3792 2461 non
3835 2406 4007 2463 sunt.
4096 2397 4329 2460 Homi-

2378 2483 2483 2546 nis
2527 2494 2628 2546 est
2670 2483 2847 2547 enim
2893 2484 3060 2549 affici
3107 2482 3362 2562 dolore,
3410 2485 3685 2560 sentire,
3731 2484 4032 2548 resistere
4088 2492 4327 2561 tamen,
4383 2522 4386 2525 -

2377 2576 2443 2632 et
2496 2568 2728 2632 solatia
2782 2569 3156 2647 admittere,
3197 2591 3331 2634 non
3387 2568 3631 2634 solatiis
3692 2591 3821 2632 non
3878 2590 4087 2652 egere.
4178 2569 4242 2632 N
4244 2589 4328 2632 on

2376 2654 2704 2719 immerito
2750 2650 2952 2738 igitur
2994 2677 3176 2719 aram
3221 2655 3712 2721 Misericordiae
3757 2655 4121 2737 antiquitus
4175 2675 4327 2719 con-

2376 2750 2712 2805 secrarant
2755 2740 3214 2806 Athenienses.
3319 2740 3548 2806 Cicero
3610 2761 3727 2823 pro
3782 2741 3868 2805 Li
3955 2741 4078 2804 rio:
4139 2740 4325 2804 Nihil

2375 2833 2476 2890 est
2519 2833 2656 2889 tam
2702 2825 3014 2909 populare
3058 2848 3256 2910 quam
3302 2826 3574 2905 bonitas,
3622 2826 3806 2890 nulla
3894 2848 3929 2890 6
3970 2824 4323 2891 virtutibus

2375 2913 2503 2976 tuis
2539 2911 2837 2993 plurimis
2874 2933 2993 2977 1166
3027 2913 3277 2997 gratior
3314 2935 3433 2977 1166
3470 2911 3917 2976 admirabilior
3958 2913 4323 2976 misericor-

2374 2997 2480 3062 dia
2518 3002 2666 3078 [pag.
2715 3004 2857 3078 149]
2905 3007 3021 3064 est.
3112 2998 3448 3064 Iuvenalis
3494 2995 3740 3082 Satyra
3782 2997 3969 3062 XV.:

3044 3102 3361 3157 Mollissima
3396 3102 3561 3156 corda

2366 3166 2373 3174 “
2405 3169 2652 3223 Humano
2691 3171 2873 3238 generi
2909 3171 3038 3225 dare
3078 3187 3134 3225 se
3171 3181 3366 3225 natura
3401 3171 3604 3224 fatetur

2404 3238 2555 3305 Quae
2593 3239 2858 3308 lacrymas
2896 3239 3065 3293 dedit:
3105 3241 3240 3293 haec
3276 3241 3446 3294 nostri
3482 3255 3610 3307 pars
3649 3239 3851 3306 optima
3886 3254 4099 3306 6611666,
4138 3246 4240 3292 etc.

2371 3325 2566 3390 Unde
2603 3330 2669 3388 et
2703 3325 3210 3410 illacrymabilis,
3253 3347 3486 3390 nomen
3524 3334 3625 3389 est
3658 3325 3804 3389 vitii
3840 3324 4012 3406 apud
4037 3331 4317 3390 autores.

2371 3410 2688 3475 Horatius
2732 3412 2803 3474 in
2849 3412 3125 3494 Epodis:

2749 3514 2869 3566 Non
2909 3515 2952 3567 si
2988 3516 3219 3568 trecenis
3275 3521 3542 3581 quotquot
3579 3522 3707 3568 eunt
3742 3513 3874 3582 (1166,

2747 3585 2948 3649 Amice,
2985 3582 3170 3650 places
3206 3558 3640 3652 illacrymabilem

2749 3652 2981 3704 Plutona
3017 3653 3202 3705 tauris.

2371 3735 2701 3819 Vergilius
2745 3734 3073 3802 Aeneidos
3116 3737 3236 3800 IV.
3253 3759 3266 3800 :

2547 3838 2688 3892 Num
2723 3838 2857 3892 fletu
2890 3839 3147 3906 ingemuit
3179 3841 3407 3893 nostro?
3442 3856 3566 3893 num
3604 3839 3803 3892 lumina
3837 3839 4026 3893 flexit?

2540 3907 2681 3961 Num
2718 3909 2981 3976 lacrymas
3014 3909 3190 3962 victus
3225 3907 3410 3976 dedit?
3446 3916 3541 3962 aut
3575 3909 3862 3962 miseratus
3895 3915 4161 3962 amantem
4197 3909 4321 3963 est?

2367 3995 2502 4058 Pro
2556 3992 3003 4058 misericordia
3071 4003 3301 4060 contra
3360 3992 3615 4059 Stoicos
3670 3993 3813 4075 lege
3866 3994 4322 4077 Augustinum

2367 4080 2534 4144 libro
2569 4078 2694 4144 IX.
2733 4092 2800 4143 et
2833 4077 2999 4144 libro
3033 4078 3225 4144 XIV.
3273 4078 3354 4143 de
3399 4078 3702 4144 Civitate.

2541 4164 2628 4229 In
2670 4164 2778 4230 hoc
2819 4165 3070 4252 leviore]
3118 4166 3362 4249 Utpote
3404 4166 3477 4228 in
3516 4185 3806 4242 excessu,
3851 4163 3966 4245 qui
4006 4164 4323 4229 maiorem

2368 4252 2569 4318 habet
2621 4251 3116 4318 similitudinem
3175 4251 3469 4328 virtutis,
3534 4271 3730 4334 quam
3787 4249 4093 4316 defectus.
4181 4251 4319 4316 De-

2365 4338 2518 4403 inde
2560 4339 2714 4421 quia
2757 4339 2994 4404 melius
3039 4350 3139 4404 est
3179 4343 3524 4402 nocentem
3569 4335 3849 4419 relinqui
3893 4337 4317 4419 impunitum,

2366 4445 2566 4506 quam
2607 4425 3020 4489 innocentem
3062 4425 3302 4507 puniri.
4366 4478 4383 4494 .

2543 4510 2667 4576 Sed
2699 4532 2833 4610 par
2865 4509 3067 4597 error]
3115 4508 3535 4575 Paradoxum
3573 4505 3968 4588 Stoicorum,
4013 4509 4314 4588 Peccare,

2365 4604 2465 4661 est
2507 4604 2791 4662 transire
2836 4596 3071 4661 lineas:
3117 4595 3289 4678 quod
3335 4615 3539 4678 quum
3582 4594 3787 4659 semel
3827 4596 4080 4674 feceris,
4122 4595 4316 4676 culpa

2365 4684 2715 4748 commissa
2768 4691 2883 4747 est.
2974 4681 3190 4762 Quam
3249 4681 3444 4765 longe
3499 4681 3921 4765 progrediare
3964 4701 4169 4763 quum
4213 4700 4314 4744 66-

2362 4768 2495 4833 mel
2541 4768 2902 4845 transieris,
2939 4768 3019 4831 ad
3064 4767 3435 4851 augendam
3478 4767 3861 4832 transeundi
3907 4766 4166 4848 culpam
4211 4766 4315 4830 ni-

2363 4853 2459 4918 hil
2503 4855 2806 4936 pertinet.

3119 5093 3425 5161 CAPUT
3468 5094 3553 5159 V.

2538 5231 2712 5314 Eryo
2753 5231 3267 5312 quemadmodum
3310 5232 3530 5314 reliyio
3572 5231 3716 5297 deos
3749 5230 3906 5310 colit,
3953 5232 4314 5314 superstitio

311 5349 453 5405 nus,
491 5324 598 5392 cui
632 5322 920 5389 Perillus
956 5333 1218 5387 taurum
1258 5341 1534 5387 aeneum
1566 5319 1938 5385 fabricavit:
1976 5342 2101 5418 quo
2136 5341 2258 5382 1111-
2365 5317 2584 5384 violat:
2639 5318 2733 5382 ita
2786 5317 3164 5384 clementiam
3217 5317 3869 5398 mansuetudinemque
3921 5337 4130 5383 omnes
4172 5318 4314 5383 boni
