5100 6061
781 394 901 456 291

782 587 898 656 001,
939 596 1203 642 1111011111
1229 574 1478 652 vendis,
1518 594 1779 638 rursum
1805 571 2149 653 crucifigis.
2213 568 2389 650 Quid
2424 579 2525 636 est
2558 572 2732 635 enim

783 663 987 742 aliud,
1051 661 1389 728 ecelesiam
1448 661 1672 743 (quam
1728 678 1847 722 sue
1909 656 2232 740 sanguine
2275 656 2584 721 Christus
2629 677 2733 720 ac-

782 750 1079 833 quisivit)
1118 746 1313 812 mede
1358 745 1725 828 improbam
1769 743 1931 809 lucri
1975 741 2400 824 cupiditatem
2448 743 2730 825 expleas,

784 833 1227 918 dissipandam
1285 833 1708 915 prostituere,
1770 849 1965 912 quam
2020 829 2238 911 ipsum
2282 828 2528 893 Christi
2582 848 2732 892 san-

784 924 1086 1006 guinem,
1143 940 1268 1001 que
1323 918 1663 982 aestimata
1707 923 1807 980 est
1847 914 2056 997 pretio
2125 911 2463 978 addicere?
2557 912 2735 994 Quid

785 1021 884 1073 est
928 1015 1149 1071 autem
1189 1004 1536 1069 Christum
1584 1002 1804 1067 crucifi
1854 1022 1993 1080 ere,
2051 1000 2178 1063 nisi
2222 998 2344 1065 1100
2385 1000 2534 1064 est?
2583 1021 2732 1064 san-

785 1094 969 1176 801111
1014 1094 1154 1156 01110
1198 1088 1625 1170 contemptim
1669 1087 1787 1151 illu
1836 1108 1972 1163 ere,
2029 1109 2103 1151 ac
2149 1092 2410 1149 tantum
2454 1107 2589 1150 nen
2634 1086 2733 1168 ip-

784 1201 930 1242 sum
964 1176 1242 1242 ludibrio
1279 1173 1560 1239 habere?
1620 1174 1712 1236 Et
1746 1172 1917 1237 hanc
1953 1172 2198 1237 seilicet
2232 1181 2368 1236 tam
2405 1171 2732 1256 insignem

784 1262 1242 1329 contumeliam
1289 1280 1545 1340 semper
1584 1259 1751 1323 feret
1789 1258 1918 1337 ille,
1962 1279 2156 1340 quem
2202 1266 2387 1339 pater
2422 1257 2631 1341 gloria
2664 1265 2733 1321 et

786 1350 1028 1414 honere
1073 1345 1450 1413 coronavit?
1544 1346 1646 1409 Tu
1691 1364 1864 1423 vere,
1912 1343 1967 1408 si
2015 1344 2244 1426 sapies,
2292 1365 2471 1409 nunc
2516 1364 2730 1408 saere-

783 1443 1080 1500 sanctum
1128 1432 1378 1496 Christi
1424 1431 1842 1514 sanguinem,
1890 1429 2118 1511 quanti
2163 1437 2469 1507 meretur,
2514 1430 2731 1512 petius

784 1519 1181 1585 aestimabis:
1228 1538 1424 1600 quam
1470 1514 1903 1598 exspectabis,
1951 1514 2106 1579 dum
2151 1515 2448 1597 supplicii
2495 1515 2729 1580 atroci-

783 1615 914 1671 tate
959 1604 1189 1682 discas,
1237 1603 1462 1687 quanti
1509 1623 1548 1664 a
1589 1602 1875 1665 Domine
1920 1602 2061 1683 ipse
2105 1602 2237 1664 fiat.

950 1689 1240 1756 Proinde
1284 1687 1645 1754 videndum
1699 1708 1873 1752 nunc
1927 1688 2042 1751 tibi
2103 1707 2356 1769 queque
2414 1693 2542 1764 est,
2603 1707 2730 1769 que

779 1778 921 1842 iure
968 1777 1050 1842 ad
1094 1783 1158 1840 te
1215 1774 1442 1839 redeat
1484 1779 1841 1855 preventus
1886 1772 1995 1836 ille
2032 1772 2486 1854 amplissimus,
2534 1793 2732 1854 quem

781 1863 1066 1947 episcopi
1107 1860 1265 1926 dum
1309 1881 1449 1925 esse
1500 1860 1722 1934 iactas,
1767 1867 1952 1922 tuum
1996 1858 2170 1923 facis.
2261 1856 2591 1939 Equidem
2635 1859 2733 1921 vi-

781 1949 901 2014 dee
949 1949 1041 2013 sic
1087 1968 1227 2011 esse
1272 1968 1311 2010 a
1354 1946 1637 2008 Domine
1682 1945 2132 2021 constitutum,
2178 1952 2254 2007 ut
2292 1944 2405 2025 qui
2448 1964 2732 2027 evange-

778 2036 942 2099 lium
980 2033 1459 2108 administrant,
1505 2031 1585 2094 iis
1621 2030 1925 2106 vicissim,
1971 2027 2286 2112 quidquid
2322 2037 2422 2094 est
2455 2029 2540 2092 ad
2573 2050 2733 2094 usus

780 2122 953 2187 vitae
998 2118 1470 2195 necessarium,
1525 2115 2041 2180 administretur.
2134 2115 2270 2181 Nec
2315 2115 2408 2179 illi
2456 2114 2730 2197 plaeere,

780 2215 856 2270 ut
900 2227 971 2269 es
1017 2203 1340 2286 obligetur
1380 2202 1528 2267 bovi
1585 2203 1937 2265 trituranti.
2029 2199 2162 2266 Sed
2209 2201 2353 2283 quis
2415 2200 2536 2264 tibi
2579 2222 2731 2267 cen-

782 2290 987 2367 eedat‚
1036 2299 1113 2353 ut
1150 2289 1454 2365 fructum,
1499 2287 1623 2370 que
1664 2286 1987 2369 evangelii
2023 2287 2465 2354 ministerium
2500 2287 2731 2351 Demi-

781 2398 907 2441 nus
961 2384 1374 2451 muneratur,
1434 2375 1605 2456 ipse‚
1662 2373 1828 2437 nihil
1881 2373 2100 2437 minus
2167 2394 2362 2455 quam
2408 2393 2576 2438 evan
2626 2373 2733 2438 elii

780 2462 1109 2538 minister,
1170 2461 1350 2544 legas
1370 2511 1385 2537 ,
1451 2467 1517 2522 et
1567 2478 1736 2540 ‘quae
1793 2459 1943 2524 bovi
2006 2460 2344 2523 trituranti
2404 2457 2557 2523 adiu
2609 2460 2734 2524 'cat

783 2547 1111 2620 alimenta,
1146 2547 1390 2610 otiosus
1415 2543 1644 2609 veres?
1709 2544 2157 2629 Presbyteres,
2199 2545 2311 2627 qui
2345 2545 2507 2610 bene
2542 2565 2730 2626 prae-

786 2641 955 2709 sunt,
1003 2631 1186 2696 nebis
1231 2631 1642 2696 commendat
1688 2631 2017 2712 apestolus
2063 2633 2124 2714 (l
2171 2631 2335 2694 Tim.
2376 2636 2434 2706 5,
2481 2633 2608 2714 17),
2657 2637 2733 2694 ut

784 2717 1022 2799 duplici
1059 2719 1126 2782 in
1162 2716 1408 2782 honere
1444 2717 1830 2795 habeantur,
1868 2717 2253 2798 praesertim
2288 2716 2401 2798 qui
2436 2717 2508 2780 in
2529 2717 2731 2782 verbe

782 2804 1094 2868 laborant».
1186 2803 1362 2867 Eum
1416 2823 1571 2885 erge
1617 2803 1728 2884 qui
1780 2801 1901 2865 sibi
1947 2803 2259 2866 honorem
2308 2804 2519 2883 poscit
2558 2803 2725 2884 epis·x

779 2889 940 2971 cepi,
989 2890 1151 2954 bene
1189 2887 1473 2972 regende
1510 2888 1691 2971 prius
1732 2889 1987 2952 efficere
2022 2909 2299 2969 aequum
2338 2895 2455 2966 est,
2502 2897 2577 2952 ut
2612 2888 2728 2952 he-

782 2995 942 3040 nore
1001 2973 1237 3058 dignus
1289 2975 1430 3039 iure
1487 2985 1844 3041 censeatur.
1937 2972 2131 3054 Quod
2184 2974 2238 3038 si
2284 2973 2483 3038 etiam
2527 2974 2622 3038 ita
2664 2981 2728 3038 te

780 3082 989 3143 geras,
1027 3069 1102 3125 ut
1137 3061 1221 3125 ad
1255 3062 1484 3143 optimi
1520 3062 1794 3143 pastoris
1835 3059 2050 3137 fidem,
2097 3059 2403 3138 studium,
2449 3059 2729 3144 diligen-

779 3148 970 3225 tiam,
1027 3148 1472 3230 integritatem
1516 3145 1680 3209 nihil
1728 3145 2080 3211 desiderari
2127 3147 2357 3227 possit:
2413 3166 2727 3228 quorsum

779 3240 1000 3297 tamen
1044 3231 1391 3296 immodica
1431 3232 1563 3308 illa,
1611 3231 1934 3313 nullisque
1984 3238 2127 3308 [pag.
2170 3239 2270 3307 581
2319 3230 2559 3296 finibus
2593 3241 2726 3296 ter-

779 3319 1026 3381 minata
1050 3317 1429 3400 opulentia?
1469 3317 1749 3381 Vitaene
1773 3318 2052 3399 pastoris
2073 3316 2512 3394 sustinendae,
2540 3318 2727 3382 cuius

779 3404 990 3485 ipsam
1035 3403 1495 3468 moderationis
1539 3424 1680 3467 esse
1725 3403 1871 3466 vult
1913 3402 2259 3480 Dominus,
2307 3402 2606 3482 limitata,
2652 3423 2728 3467 ac

782 3509 913 3552 nen
957 3490 1339 3573 tyrannicae
1382 3490 1596 3570 petius
1651 3487 1948 3552 luxuriae
2002 3508 2123 3570 par
2166 3487 2310 3553 est?
2401 3487 2536 3553 Sed
2581 3510 2726 3554 eam

780 3573 1072 3638 nendum
1115 3572 1542 3656 reprehende,
1590 3595 1756 3657 quae
1799 3595 1917 3639 sue
1958 3582 2183 3656 postea
2225 3574 2362 3639 lece
2406 3575 2725 3656 perstrin-

781 3667 990 3741 getur.
1081 3660 1275 3725 Hanc
1321 3660 1388 3722 in
1434 3661 1805 3742 praesentia
1859 3659 2184 3724 duntaxat
2236 3659 2723 3741 improbitatem

779 3763 1040 3810 accuse:
1082 3744 1250 3828 qued
1288 3746 1653 3811 uberrimos
1687 3744 1840 3810 inde
1874 3747 2126 3810 fructus
2162 3746 2422 3823 referas,
2468 3767 2725 3810 semen-

777 3838 910 3895 tem
957 3831 1067 3895 ubi
1113 3832 1379 3912 penitus
1415 3832 1668 3895 nullam
1703 3832 1950 3896 feceris.
2015 3830 2220 3910 Haec,
2265 3832 2555 3914 inquam,
2602 3834 2723 3895 im-

775 3914 1257 3997 pudentissima
1300 3925 1400 3981 est
1450 3918 1804 4000 rapacitas:
1846 3924 1941 3994 et,
1987 3917 2159 4000 qued
2203 3916 2431 3981 audire
2475 3917 2721 3983 ordinis

776 4003 873 4064 tui
919 4001 1216 4067 hemines
1259 4002 1529 4067 minime
1577 4003 1930 4081 sustinent,
1991 4004 2238 4067 furtum
2295 4001 2394 4068 bis
2447 4005 2723 4069 manife-

777 4096 982 4150 stum:
1041 4110 1190 4152 eum
1234 4089 1342 4170 qui
1399 4109 1672 4153 manum
1716 4090 1896 4171 operi
1951 4087 2286 4171 nunquam
2335 4088 2720 4167 admoverit,

775 4192 1008 4253 operae
1039 4182 1261 4239 tamen
1284 4174 1650 4239 mercedem
1691 4176 2044 4258 imperiose
2085 4175 2405 4259 flagitare.
2475 4173 2552 4240 Si
2587 4175 2722 4241 fus-

775 4257 991 4321 tuario
1036 4258 1272 4342 dignus
1316 4270 1442 4337 est,
1497 4263 1609 4343 qui
1657 4261 1857 4325 vicini
1894 4262 2212 4342 parietem
2246 4259 2601 4343 perfodisse
2636 4263 2723 4325 sit

777 4342 1251 4425 deprehensus,
1306 4366 1432 4427 que
1476 4347 1544 4411 in
1585 4348 1723 4411 eius
1769 4368 1988 4412 arcam
2031 4346 2385 4411 involaret:
2439 4347 2720 4431 flagitio-

776 4449 925 4492 sum
969 4429 1090 4494 1100
1148 4440 1336 4495 11111111
1393 4431 1837 4511 latrocinium,
1891 4453 2057 4515 quae
2109 4433 2330 4497 furcae
2389 4434 2546 4497 satis
2600 4452 2720 4515 pre

777 4513 1097 4598 dignitate
1141 4516 1581 4595 mulctabunt,
1639 4521 1751 4601 qui
1794 4518 1976 4597 hinc,
2033 4518 2202 4600 qued
2247 4519 2439 4583 efficii
2483 4517 2719 4581 laberi-

777 4600 900 4664 bus
955 4597 1230 4665 debetur
1283 4602 1712 4683 stipendium,
1771 4605 2139 4680 suffuraris,
2202 4603 2356 4668 inde
2424 4604 2717 4667 emnium

778 4685 1003 4750 demes
1047 4686 1469 4769 rapacissimo
1513 4689 1969 4771 depraedaris?
2060 4690 2175 4755 Sic
2216 4687 2481 4770 quidem
2522 4688 2721 4772 leuga

778 4792 1103 4836 annorum
1143 4774 1650 4855 praescriptione
1700 4776 1984 4841 obtinuit
2037 4775 2151 4839 illa
2204 4774 2465 4839 furandi
2517 4774 2718 4839 licen-

778 4858 897 4935 tia,
954 4865 1032 4922 ut
1087 4857 1379 4924 honestis
1437 4860 1633 4924 etiam
1687 4863 1895 4927 titulis
1949 4868 2233 4926 ornetur.
2304 4860 2557 4924 Verum
2613 4869 2718 4923 ut-

779 4964 1033 5026 cunque
1077 4943 1251 5009 inter
1283 4944 1581 5009 hemines
1626 4948 2022 5025 aestimetur,
2069 4968 2204 5011 nen
2237 4967 2462 5011 eorum
2498 4965 2719 5010 errore
2826 5008 2843 5013 -
2892 5010 2901 5011 ff

779 5037 998 5091 tamen
1056 5029 1490 5108 rescindetur,
1547 5052 1712 5114 quae
1769 5033 1970 5098 semel
2023 5031 2338 5098 adversus
2382 5053 2526 5096 eam
2571 5053 2719 5113 pre-

781 5116 1091 5180 nunciata
1144 5124 1244 5181 est
1303 5137 1342 5179 a
1383 5116 1673 5181 Domine
1726 5120 2074 5182 sententia:
2128 5118 2272 5183 Vae
2328 5118 2719 5199 pastoribus,

779 5198 996 5281 inquit
1024 5200 1176 5282 (Iez.
1207 5205 1306 5279 34,
1340 5203 1520 5281 100),
1560 5204 1668 5284 (1111
1693 5211 1971 5285 1100011111
2007 5211 2212 5268 semet
2236 5206 2426 5286 ipses.
2479 5204 2716 5293 Nonne

780 5304 1012 5367 greges
1049 5307 1088 5349 a
1122 5287 1490 5367 pasteribus
1533 5291 1708 5369 pasci
1756 5289 1954 5353 meris
1991 5289 2131 5354 est?
2191 5290 2328 5354 Vos
2365 5300 2583 5354 autem
2620 5289 2720 5352 lac

2479 378 2945 448 EPISTOLA
2987 379 3079 449 Π.

4660 382 4779 446 292

2839 567 3230 646 comedistis,
3277 567 3451 651 qued
3494 570 3739 652 pingue
3784 577 3926 634 erat
3967 569 4319 636 occidistis:
4364 565 4538 634 lanis
4571 569 4783 636 fuistis

2839 656 3068 736 operti,
3115 675 3381 737 gregem
3425 662 3643 719 autem
3686 677 3907 721 meum
3951 677 4084 720 nen
4127 656 4428 737 pavistis:
4475 653 4652 738 qued
4685 655 4785 720 in-

2838 741 3104 805 firmum
3148 741 3273 804 fuit
3315 761 3447 804 11011
3496 740 3869 819 010111110110,
3917 748 4260 824 aegrotum
4304 763 4438 807 11011
4483 743 4782 820 sanastis,

2839 826 3241 891 confractum
3288 848 3421 890 nen
3465 826 3812 910 alligastis,
3871 826 4191 893 abiectum
4236 848 4364 891 nen
4411 826 4782 908 reduxistis,

2838 910 3009 993 qued
3060 912 3347 994 perierat
3402 934 3532 976 nen
3589 914 3963 994 quaesistis:
4021 912 4135 978 sed
4193 935 4341 978 011111
4400 914 4784 979 austeritate

2835 997 3211 1078 imperastis
3253 999 3459 1081 gregi,
3507 991 3581 1062 et=
3606 1000 3923 1080 petentia:
3971 1007 4038 1063 et
4073 998 4403 1082 dispersae
4439 1007 4596 1064 011111
4629 1021 4783 1066 eves

2836 1103 3049 1161 meae,
3097 1104 3171 1147 ee
3215 1081 3386 1165 qued
3429 1105 3560 1147 11011
3604 1093 3777 1149 00001
3830 1093 4078 1167 1100101,
4141 1097 4206 1148 et
4265 1086 4474 1150 factae
4514 1094 4672 1150 sunt
4716 1088 4781 1151 in

2837 1167 3342 1247 devorationem,
3390 1191 3507 1234 nee
3544 1180 3686 1234 erat
3721 1171 3830 1252 qui
3865 1171 4253 1253 requireret:
4300 1193 4432 1235 nen
4478 1179 4637 1249 erat,
4679 1173 4782 1236 in·

2836 1275 3062 1336 quam,
3110 1255 3220 1338 qui
3265 1255 3640 1337 requireret.
3729 1257 4118 1339 Propterea,
4178 1265 4503 1339 pastores,
4563 1256 4783 1324 audite

2837 1338 3110 1404 verbum
3141 1341 3446 1404 Domini:
3494 1343 3649 1406 vive
3686 1362 3825 1426 ege,
3872 1340 4028 1407 dicit
4061 1342 4416 1407 Dominus:
4462 1345 4617 1425 quia
4652 1345 4782 1410 fae-

2836 1431 2941 1490 tae
2966 1433 3124 1490 sunt
3145 1446 3299 1491 eves
3335 1447 3519 1491 meae
3556 1429 3624 1491 in
3664 1429 3963 1511 rapinam
4000 1451 4074 1493 ac
4111 1428 4600 1493 devorationem
4639 1430 4781 1494 bes-

2834 1511 2944 1575 tiis
2989 1512 3384 1594 agrestibus,
3444 1533 3521 1577 ee
3565 1514 3736 1595 qued
3770 1522 4029 1596 pastore
4064 1523 4365 1580 carerent
4421 1517 4572 1597 (nec
4606 1517 4779 1580 enim

2835 1618 2945 1662 eas
2999 1598 3460 1680 requirebatis,
3517 1598 3632 1664 sed
3672 1608 3931 1664 tantum
3975 1601 4338 1682 pascebatis
4384 1611 4642 1666 vosmet
4683 1602 4779 1685 ip-

2835 1684 2989 1765 ses),
3029 1682 3177 1746 idee
3213 1703 3360 1748 ecee
3395 1705 3516 1768 ege
3554 1707 3819 1769 gregem
3855 1706 4076 1750 meum
4102 1688 4430 1768 requiram
4466 1686 4546 1751 de
4581 1708 4779 1751 manu

2834 1776 3083 1834 vestra:
3123 1778 3190 1833 et
3212 1790 3465 1834 cessare
3488 1791 3606 1835 ves
3641 1773 3892 1848 faciam,
3932 1794 4014 1836 ne
4049 1772 4221 1836 ultra
4256 1793 4522 1856 gregem
4557 1793 4780 1837 meum

2836 1856 3142 1937 pascatis:
3203 1855 3620 1939 liberabeque
3674 1858 3887 1940 ipsum
3947 1880 4027 1922 ex
4085 1879 4195 1923 ere
4251 1867 4502 1937 vestre,
4557 1881 4642 1922 ne
4697 1859 4780 1922 sit

2837 1941 3107 2024 posthac
3151 1941 3335 2005 vebis
3382 1941 3449 2006 in
3494 1963 3725 2007 escam.
3818 1944 3916 2007 Tu
3965 1943 4211 2008 scilicet
4253 1954 4366 2008 aut
4415 1943 4520 2009 his
4566 1943 4779 2028 desig-

2838 2028 2983 2091 nari
3026 2035 3092 2090 te
3133 2028 3422 2109 negabis,
3468 2049 3635 2111 quae
3678 2051 3808 2093 nen
3852 2041 3988 2094 tam
4028 2032 4201 2095 vitae
4247 2038 4398 2094 tuae
4432 2031 4665 2094 faciem
4701 2030 4779 2095 ad

2837 2111 3066 2178 vivum
3111 2112 3494 2198 depingunt,
3543 2136 3737 2197 quam
3784 2125 3850 2178 te
3891 2116 4006 2180 tibi
4054 2123 4265 2180 tetum
4301 2117 4487 2180 velut
4528 2117 4603 2179 in
4638 2137 4781 2199 spe-

2839 2197 2984 2262 cule
3022 2199 3564 2281 repraesentant?
3625 2201 3765 2265 Aut
3798 2201 4112 2266 iudicium
4133 2202 4401 2270 Domini
4434 2204 4633 2266 inane
4656 2211 4781 2266 ter-

2836 2284 3344 2349 riculamentum
3390 2305 3531 2349 esse
3578 2285 3781 2362 dices,
3838 2285 4011 2369 qued
4055 2289 4274 2353 minus
4318 2288 4538 2364 feriat,
4585 2309 4777 2370 quam

2837 2370 3167 2434 minatur?
3235 2369 3679 2450 Quamobrem
3724 2394 3855 2436 nen
3902 2382 4002 2436 est
4044 2395 4161 2438 cur
4199 2374 4345 2437 istis
4387 2372 4616 2456 opibus
4650 2375 4778 2438 iam

2837 2465 2901 2519 te
2945 2455 3207 2519 beatum
3264 2465 3487 2538 putes,
3545 2477 3821 2539 quarum
3880 2468 3947 2523 et
3989 2467 4054 2523 te
4098 2461 4307 2524 furem
4354 2479 4495 2524 esse
4540 2460 4778 2524 vocife-

2836 2551 3019 2605 ratur
3062 2541 3410 2618 Dominus,
3458 2553 3523 2605 et
3567 2544 4076 2626 repetundarum
4123 2545 4426 2627 postulat.

3006 2627 3198 2690 Furti
3246 2647 3402 2710 erge
3447 2628 3898 2713 sacrilegiique
3933 2631 4359 2715 ignominiam
4397 2651 4519 2696 1100
4551 2638 4628 2694 111
4664 2652 4778 2696 1100

2836 2733 3006 2776 1111110
3032 2712 3079 2793 ¹)
3125 2734 3162 2776 e
3207 2721 3477 2777 cornute
3523 2714 3633 2778 ille
3659 2719 3804 2793 [pag.
3849 2721 3955 2794 59]
4083 2738 4219 2800 ege,
4265 2718 4534 2781 infitiari
4562 2729 4776 2799 petes-

2834 2799 2934 2862 tis.
3026 2798 3312 2877 Verum,
3382 2801 3688 2881 queniam
3760 2802 4011 2865 nonnul
4038 2824 4109 2867 es
4164 2804 4490 2866 inferioris
4556 2802 4775 2868 elassis

2830 2883 3122 2966 pastores
3177 2885 3322 2949 istic
3367 2906 3508 2949 esse
3566 2886 3757 2951 audie
3817 2890 3926 2967 (ex
3971 2909 4195 2953 eorum
4241 2889 4487 2954 scilicet
4530 2889 4773 2964 ordine,

2831 2991 2991 3053 ques
3046 2980 3112 3035 et
3163 2991 3471 3055 pareeees
3526 2983 3590 3035 et
3646 2972 3947 3039 curiones
3991 2975 4191 3060 vulgo
4250 2975 4613 3059 appellant)
4668 2975 4775 3059 qui

2832 3057 3054 3139 aliqua
3082 3057 3412 3121 efficii-sui
3433 3059 3749 3140 particula
3773 3067 4104 3143 utcunque
4127 3061 4585 3145 defungantur,
4627 3061 4776 3126 hee-

2832 3164 2957 3224 que
2995 3150 3341 3225 praetextu
3378 3165 3521 3207 sese
3557 3146 3728 3208 tueri
3765 3145 3960 3227 plane
4003 3159 4337 3224 cenentur,
4377 3147 4549 3229 qued
4584 3148 4775 3230 paule

2832 3249 3031 3310 quam
3054 3228 3166 3291 alii
3188 3228 3621 3294 verecundius
3658 3229 4065 3313 delinquunt,
4105 3233 4198 3296 illi
4236 3233 4398 3297 mihi
4436 3244 4597 3297 sunt
4619 3254 4775 3316 pau-

2831 3314 3033 3396 lisper
3078 3314 3202 3379 1100
3253 3314 3391 3380 1000
3446 3316 3833 3398 appellandi.
3927 3316 4073 3397 Quo
4120 3326 4338 3383 autem
4383 3319 4772 3403 intelligant,

2829 3420 3020 3482 quam
3046 3421 3179 3465 nen
3203 3400 3326 3465 sim
3341 3401 3669 3485 malignus
3688 3404 4062 3468 aestimator
4078 3405 4548 3486 qualiscunque
4566 3406 4773 3483 iatine,

2829 3507 3021 3569 quam
3062 3486 3405 3568 pascendis
3442 3487 3725 3553 eeclesiis
3760 3488 4167 3570 impendunt,
4208 3490 4592 3567 sedulitatis,
4631 3491 4774 3574 plus

2830 3571 3073 3653 aliquid
3116 3572 3291 3636 ultre
3336 3572 3466 3638 illis
3510 3571 3693 3651 dabo,
3739 3595 3935 3656 quam
3979 3576 4310 3657 postulare
4343 3577 4578 3641 ausint.
4650 3578 4774 3641 Ta-

2829 3658 3018 3722 metsi
3080 3678 3190 3722 eas
3248 3668 3323 3721 ut
3377 3658 3733 3740 plurimum
3792 3660 4125 3737 eeclesias,
4180 3661 4411 3744 quibus
4464 3664 4771 3744 praefecti

2830 3752 3001 3820 sunt,
3047 3764 3178 3807 nen
3223 3743 3543 3808 incolunt:
3590 3744 3834 3809 adsunt
3876 3756 4097 3811 tamen
4143 3747 4223 3811 ad
4270 3748 4569 3812 solennes
4604 3748 4774 3813 mul-

2826 3836 2930 3893 tos
2977 3829 3141 3906 dies,
3184 3828 3383 3893 verba
3424 3850 3633 3912 pauca
3676 3852 3794 3913 pre
3838 3832 4146 3897 concione
4201 3834 4479 3911 faciunt,
4534 3833 4772 3917 popule

2828 3915 3081 3980 semina
3122 3913 3442 3997 quaedam
3483 3917 3742 3997 pietatis
3786 3927 4158 4001 aspergunt,
4207 3941 4280 3983 ac
4321 3930 4542 4002 guttas
4568 3920 4773 3984 veluti

2828 3998 3139 4082 quasdam
3183 4000 3507 4066 instillant
3562 4004 3843 4085 purioris
3898 4003 4257 4079 doctrinae,
4315 4026 4526 4087 neque
4581 4005 4772 4069 illau-

2828 4085 2963 4150 dati
3008 4084 3347 4150 discedunt
3391 4087 3592 4152 totius
3647 4109 3805 4152 suae
3863 4089 4070 4171 plebis
4128 4091 4476 4173 suffragiis,
4570 4092 4772 4175 Atqui

2826 4173 2884 4237 si
2918 4172 3079 4236 haec
3113 4172 3391 4237 efficiela
3425 4174 3735 4255 ipserum,
3774 4174 3856 4238 ad
3890 4196 4051 4252 eam,
4089 4197 4284 4258 quam
4318 4168 4406 4240 ex'
4430 4177 4552 4241 Dei
4576 4178 4774 4243 verbe

2828 4256 3317 4341 descripsimus,
3365 4259 3661 4342 regulam
3706 4260 4075 4350 exigantur,
4121 4263 4409 4327 immane
4452 4273 4772 4345 quantum

2826 4363 2864 4406 a
2907 4344 3085 4407 veris
3129 4344 3485 4408 etiamnum
3532 4347 3905 4427 pasteribus
3949 4348 4252 4411 aberunt:
4299 4349 4409 4431 qui
4445 4369 4599 4414 cum
4636 4357 4773 4412 teta

2824 4428 2937 4492 illa
2981 4450 3100 4493 sua
3143 4426 3490 4493 sedulitate
3531 4430 3697 4494 nihil
3744 4431 3948 4510 aliud,
3997 4454 4190 4515 (1110111
4237 4432 4589 4499 infideliter
4630 4455 4773 4499 sese

2823 4513 2893 4577 in
2938 4534 3132 4596 opere
3167 4514 3436 4578 Domini
3471 4518 3723 4581 versari
3766 4517 4065 4600 produnt.
4132 4518 4280 4584 Hec
4317 4522 4493 4584 enim
4530 4529 4607 4584 ut
4641 4520 4772 4585 dis-

2825 4599 3142 4677 simulem,
3187 4602 3443 4665 muneri
3489 4622 3609 4665 sue
3652 4603 3921 4668 minime
3963 4605 4140 4687 ipses
4185 4604 4598 4688 respendere,
4645 4606 4770 4670 nisi

2824 4685 3218 4768 tempestive
3275 4686 3468 4751 simul
3511 4696 3577 4750 et
3621 4689 4080 4772 intempestive
4134 4690 4436 4756 instando
4493 4693 4562 4776 (2
4601 4693 4767 4757 Tim.

2823 4776 2881 4848 4,
2923 4772 3010 4855 2),
3054 4771 3405 4853 arguendo,
3452 4772 3867 4856 increpando,
3914 4775 4349 4853 exhortande,
4397 4797 4545 4842 cum
4594 4779 4769 4845 omni

2821 4857 3089 4922 lenitate
3134 4865 3200 4921 et
3243 4856 3538 4924 doctrina
3584 4864 3886 4943 (querum
3933 4863 4228 4926 emnium
4273 4862 4400 4927 illis
4445 4863 4609 4927 nihil
4659 4884 4772 4929 cu-

2996 5008 3123 5015 v«-

2959 5096 3017 5163 1)
3059 5095 3152 5151 Sic
3186 5097 3305 5151 edd.
3334 5100 3619 5168 principes
3655 5099 3790 5153 1537
3825 5108 3875 5156 et
3913 5101 4074 5171 1550,
4112 5102 4245 5155 1576
4263 5117 4402 5173 seqq.
4437 5119 4539 5157 nec
4574 5113 4633 5156 tu
4670 5119 4771 5158 nec

2823 5166 2983 5220 ullus.
3067 5165 3147 5218 Et
3178 5167 3257 5220 sic
3292 5183 3503 5237 quoque
3536 5170 3714 5224 versio
3754 5172 3987 5238 yallica:
4033 5181 4127 5241 toy
4175 5179 4230 5225 et
4263 5180 4386 5226 tout
4420 5179 4538 5225 tant
4574 5168 4701 5240 qu'il
4736 5190 4772 5240 5

2824 5251 2857 5287 a
2891 5232 3221 5301 d'Evesques
3260 5253 3470 5291 cornus.
3532 5237 3771 5292 Gallasii
3802 5239 3982 5309 editae,
4020 5241 4165 5309 quod
4186 5241 4488 5309 miraberis,
4523 5241 4585 5294 in
4622 5246 4768 5295 tatu

2824 5308 3061 5356 tantum.-
3098 5319 3197 5357 nec
3236 5322 3388 5373 unus,
3427 5306 3486 5358 in
3520 5307 3768 5377 marqt‘ne
3800 5331 3826 5355 ι
3868 5324 3966 5361 nec·
4002 5318 4076 5363 tu.
