<?xml version="1.0" encoding="UTF-8"?>
<!DOCTYPE html PUBLIC "-//W3C//DTD XHTML 1.0 Transitional//EN"
    "http://www.w3.org/TR/xhtml1/DTD/xhtml1-transitional.dtd">
<html xmlns="http://www.w3.org/1999/xhtml" xml:lang="en" lang="en">
 <head>
  <title>
</title>
<meta http-equiv="Content-Type" content="text/html;charset=utf-8" />
  <meta name='ocr-system' content='tesseract 3.04.00' />
  <meta name='ocr-capabilities' content='ocr_page ocr_carea ocr_par ocr_line ocrx_word'/>
</head>
<body>
  <div class='ocr_page' id='page_1' title='image "./ioanniscalvinio15calvgoog_0120.png"; bbox 0 0 5100 6061; ppageno 0'>
   <div class='ocr_carea' id='block_1_1' title="bbox 696 386 4717 483">
    <p class='ocr_par' dir='ltr' id='par_1_1' title="bbox 696 386 4717 483">
     <span class='ocr_line' id='line_1_1' title="bbox 696 386 4717 483; baseline -0.005 0"><span class='ocrx_word' id='word_1_1' title='bbox 696 422 824 483; x_wconf 84' lang='lat'><strong>115</strong></span> <span class='ocrx_word' id='word_1_2' title='bbox 986 386 997 407; x_wconf 83' lang='grc'><em>“</em></span> <span class='ocrx_word' id='word_1_3' title='bbox 1180 398 1185 401; x_wconf 83' lang='grc'><em>’</em></span> <span class='ocrx_word' id='word_1_4' title='bbox 2349 406 2479 472; x_wconf 77' lang='grc' dir='ltr'><strong>ΒΕ</strong></span> <span class='ocrx_word' id='word_1_5' title='bbox 2523 403 3076 472; x_wconf 71' lang='lat' dir='ltr'>CLEMENTIA</span> <span class='ocrx_word' id='word_1_6' title='bbox 4599 406 4717 465; x_wconf 83' lang='lat'><strong>116</strong></span> 
     </span>
    </p>
   </div>
   <div class='ocr_carea' id='block_1_2' title="bbox 696 594 4730 1969">
    <p class='ocr_par' dir='ltr' id='par_1_2' title="bbox 696 594 4721 860">
     <span class='ocr_line' id='line_1_2' title="bbox 696 594 4721 688; baseline -0.003 -17"><span class='ocrx_word' id='word_1_7' title='bbox 696 607 902 685; x_wconf 89' lang='lat' dir='ltr'><strong>filios,</strong></span> <span class='ocrx_word' id='word_1_8' title='bbox 948 624 1143 688; x_wconf 91' lang='lat' dir='ltr'><strong>quem</strong></span> <span class='ocrx_word' id='word_1_9' title='bbox 1194 610 1441 666; x_wconf 83' lang='lat' dir='ltr'><strong>natura</strong></span> <span class='ocrx_word' id='word_1_10' title='bbox 1483 602 1681 666; x_wconf 87' lang='lat' dir='ltr'><strong>etiam</strong></span> <span class='ocrx_word' id='word_1_11' title='bbox 1728 599 2031 664; x_wconf 88' lang='lat' dir='ltr'><strong>omnibus</strong></span> <span class='ocrx_word' id='word_1_12' title='bbox 2086 597 2527 663; x_wconf 80' lang='lat' dir='ltr'><strong>animantibus</strong></span> <span class='ocrx_word' id='word_1_13' title='bbox 2573 597 2672 660; x_wconf 91' lang='lat' dir='ltr'><strong>in-</strong></span> <span class='ocrx_word' id='word_1_14' title='bbox 2777 594 3107 663; x_wconf 82' lang='lat' dir='ltr'><strong>Salustius</strong></span> <span class='ocrx_word' id='word_1_15' title='bbox 3161 595 3231 660; x_wconf 91' lang='lat' dir='ltr'><strong>in</strong></span> <span class='ocrx_word' id='word_1_16' title='bbox 3284 595 3642 681; x_wconf 83' lang='lat' dir='ltr'><strong>Iugurtha:</strong></span> <span class='ocrx_word' id='word_1_17' title='bbox 3714 594 4148 661; x_wconf 80' lang='lat' dir='ltr'>Centuriones</span> <span class='ocrx_word' id='word_1_18' title='bbox 4203 594 4527 678; x_wconf 86' lang='lat' dir='ltr'><strong>ducesque</strong></span> <span class='ocrx_word' id='word_1_19' title='bbox 4582 602 4721 659; x_wconf 86' lang='lat' dir='ltr'><strong>tur-</strong></span> 
     </span>
     <span class='ocr_line' id='line_1_3' title="bbox 702 681 4720 773; baseline -0.003 -17"><span class='ocrx_word' id='word_1_20' title='bbox 702 690 904 770; x_wconf 88' lang='lat' dir='ltr'><strong>didit,</strong></span> <span class='ocrx_word' id='word_1_21' title='bbox 962 698 1160 773; x_wconf 87' lang='lat' dir='ltr'><strong>atque</strong></span> <span class='ocrx_word' id='word_1_22' title='bbox 1210 696 1288 753; x_wconf 88' lang='lat' dir='ltr'><strong>ut</strong></span> <span class='ocrx_word' id='word_1_23' title='bbox 1328 688 1567 753; x_wconf 86' lang='lat' dir='ltr'><strong>Graeci</strong></span> <span class='ocrx_word' id='word_1_24' title='bbox 1610 683 1957 769; x_wconf 77' lang='lat' dir='ltr'><strong>proverbio</strong></span> <span class='ocrx_word' id='word_1_25' title='bbox 2003 683 2231 749; x_wconf 83' lang='lat' dir='ltr'><strong>dicunt</strong></span> <span class='ocrx_word' id='word_1_26' title='bbox 2273 681 2520 769; x_wconf 74' lang='grc' dir='ltr'><strong><em>στοργῆν</em></strong></span> <span class='ocrx_word' id='word_1_27' title='bbox 2566 707 2675 765; x_wconf 75' lang='grc' dir='ltr'><strong>φυ-</strong></span> <span class='ocrx_word' id='word_1_28' title='bbox 2773 702 3038 747; x_wconf 81' lang='lat' dir='ltr'><strong>marum</strong></span> <span class='ocrx_word' id='word_1_29' title='bbox 3090 682 3328 766; x_wconf 88' lang='lat' dir='ltr'><strong>partim</strong></span> <span class='ocrx_word' id='word_1_30' title='bbox 3387 682 3490 746; x_wconf 88' lang='lat' dir='ltr'><strong>uti</strong></span> <span class='ocrx_word' id='word_1_31' title='bbox 3529 684 4052 765; x_wconf 76' lang='lat' dir='ltr'><strong>transfugerent,</strong></span> <span class='ocrx_word' id='word_1_32' title='bbox 4108 701 4556 764; x_wconf 88' lang='lat' dir='ltr'><strong>corrumpere,</strong></span> <span class='ocrx_word' id='word_1_33' title='bbox 4608 682 4720 746; x_wconf 91' lang='lat' dir='ltr'><strong>alii</strong></span> 
     </span>
     <span class='ocr_line' id='line_1_4' title="bbox 702 764 4720 860; baseline -0.003 -17"><span class='ocrx_word' id='word_1_34' title='bbox 702 776 877 855; x_wconf 64' lang='grc' dir='ltr'><em>συκῆν</em></span> <span class='ocrx_word' id='word_1_35' title='bbox 911 775 1065 860; x_wconf 76' lang='grc' dir='ltr'><strong><em>πρὸς</em></strong></span> <span class='ocrx_word' id='word_1_36' title='bbox 1106 764 1181 838; x_wconf 73' lang='grc' dir='ltr'><strong>τοὶ</strong></span> <span class='ocrx_word' id='word_1_37' title='bbox 1215 772 1412 838; x_wconf 77' lang='grc' dir='ltr'><strong><em>τέκνα.</em></strong></span> <span class='ocrx_word' id='word_1_38' title='bbox 2518 796 2525 803; x_wconf 91' lang='lat'><em>·</em></span> <span class='ocrx_word' id='word_1_39' title='bbox 2776 768 2966 853; x_wconf 86' lang='lat' dir='ltr'><strong>signo</strong></span> <span class='ocrx_word' id='word_1_40' title='bbox 3012 768 3162 833; x_wconf 82' lang='lat' dir='ltr'><strong>dato</strong></span> <span class='ocrx_word' id='word_1_41' title='bbox 3206 768 3421 832; x_wconf 90' lang='lat' dir='ltr'><strong>locum</strong></span> <span class='ocrx_word' id='word_1_42' title='bbox 3467 769 3563 831; x_wconf 89' lang='lat' dir='ltr'><strong>uti</strong></span> <span class='ocrx_word' id='word_1_43' title='bbox 3601 767 3995 832; x_wconf 77' lang='lat' dir='ltr'><strong>desererent.</strong></span> <span class='ocrx_word' id='word_1_44' title='bbox 4086 766 4218 848; x_wconf 90' lang='lat' dir='ltr'><strong>Qui</strong></span> <span class='ocrx_word' id='word_1_45' title='bbox 4260 767 4566 833; x_wconf 89' lang='lat' dir='ltr'><strong>militiam</strong></span> <span class='ocrx_word' id='word_1_46' title='bbox 4609 768 4720 833; x_wconf 93' lang='lat' dir='ltr'><strong>de-</strong></span> 
     </span>
    </p>

    <p class='ocr_par' dir='ltr' id='par_1_3' title="bbox 701 852 4726 1537">
     <span class='ocr_line' id='line_1_5' title="bbox 894 852 4720 943; baseline -0.003 -14"><span class='ocrx_word' id='word_1_47' title='bbox 894 862 1121 929; x_wconf 83' lang='lat' dir='ltr'><strong>Utrum</strong></span> <span class='ocrx_word' id='word_1_48' title='bbox 1158 866 1367 926; x_wconf 80' lang='lat' dir='ltr'><strong>autem</strong></span> <span class='ocrx_word' id='word_1_49' title='bbox 1391 853 1791 943; x_wconf 78' lang='lat' dir='ltr'><strong>praeceptor]</strong></span> <span class='ocrx_word' id='word_1_50' title='bbox 1829 856 2074 920; x_wconf 83' lang='lat' dir='ltr'><strong>Notum</strong></span> <span class='ocrx_word' id='word_1_51' title='bbox 2115 868 2213 919; x_wconf 73' lang='lat' dir='ltr'><strong>est</strong></span> <span class='ocrx_word' id='word_1_52' title='bbox 2238 854 2431 919; x_wconf 82' lang='lat' dir='ltr'><strong>Fabii</strong></span> <span class='ocrx_word' id='word_1_53' title='bbox 2456 852 2672 935; x_wconf 88' lang='lat' dir='ltr'><strong>Quin·</strong></span> <span class='ocrx_word' id='word_1_54' title='bbox 2777 863 3031 933; x_wconf 89' lang='lat' dir='ltr'><strong>serunt,</strong></span> <span class='ocrx_word' id='word_1_55' title='bbox 3093 854 3404 919; x_wconf 87' lang='lat' dir='ltr'><strong>dicuntur</strong></span> <span class='ocrx_word' id='word_1_56' title='bbox 3445 854 3831 937; x_wconf 85' lang='lat' dir='ltr'><strong>simpliciter</strong></span> <span class='ocrx_word' id='word_1_57' title='bbox 3886 852 4210 930; x_wconf 88' lang='lat' dir='ltr'><strong>deserere,</strong></span> <span class='ocrx_word' id='word_1_58' title='bbox 4261 854 4407 918; x_wconf 89' lang='lat' dir='ltr'><strong>sine</strong></span> <span class='ocrx_word' id='word_1_59' title='bbox 4450 853 4720 919; x_wconf 90' lang='lat' dir='ltr'><strong>adiecto.</strong></span> 
     </span>
     <span class='ocr_line' id='line_1_6' title="bbox 702 937 4720 1025; baseline -0.002 -12"><span class='ocrx_word' id='word_1_60' title='bbox 702 949 926 1014; x_wconf 85' lang='lat' dir='ltr'><strong>tiliani</strong></span> <span class='ocrx_word' id='word_1_61' title='bbox 971 948 1340 1024; x_wconf 87' lang='lat' dir='ltr'><strong>consilium,</strong></span> <span class='ocrx_word' id='word_1_62' title='bbox 1387 966 1471 1009; x_wconf 92' lang='lat' dir='ltr'><strong>ne</strong></span> <span class='ocrx_word' id='word_1_63' title='bbox 1506 946 1577 1007; x_wconf 90' lang='lat' dir='ltr'><strong>in</strong></span> <span class='ocrx_word' id='word_1_64' title='bbox 1612 962 1852 1025; x_wconf 87' lang='lat' dir='ltr'><strong>pueros</strong></span> <span class='ocrx_word' id='word_1_65' title='bbox 1901 944 2216 1025; x_wconf 85' lang='lat' dir='ltr'><strong>ingenuos</strong></span> <span class='ocrx_word' id='word_1_66' title='bbox 2256 942 2528 1007; x_wconf 88' lang='lat' dir='ltr'><strong>nimium</strong></span> <span class='ocrx_word' id='word_1_67' title='bbox 2567 961 2671 1003; x_wconf 77' lang='lat' dir='ltr'><strong>as-</strong></span> <span class='ocrx_word' id='word_1_68' title='bbox 2776 939 3224 1021; x_wconf 80' lang='lat' dir='ltr'><strong>Quintilianus</strong></span> <span class='ocrx_word' id='word_1_69' title='bbox 3264 939 3604 1006; x_wconf 88' lang='lat' dir='ltr'><strong>libroIX.:</strong></span> <span class='ocrx_word' id='word_1_70' title='bbox 3645 938 3779 1020; x_wconf 89' lang='lat' dir='ltr'><strong>Qui</strong></span> <span class='ocrx_word' id='word_1_71' title='bbox 3808 937 4154 1021; x_wconf 87' lang='lat' dir='ltr'><strong>aliquando</strong></span> <span class='ocrx_word' id='word_1_72' title='bbox 4189 940 4444 1003; x_wconf 88' lang='lat' dir='ltr'><strong>fortiter</strong></span> <span class='ocrx_word' id='word_1_73' title='bbox 4463 941 4720 1020; x_wconf 77' lang='lat' dir='ltr'><strong>fecerat,</strong></span> 
     </span>
     <span class='ocr_line' id='line_1_7' title="bbox 701 1024 4726 1119; baseline -0.002 -20"><span class='ocrx_word' id='word_1_74' title='bbox 701 1057 861 1119; x_wconf 90' lang='lat' dir='ltr'><strong>perc</strong></span> <span class='ocrx_word' id='word_1_75' title='bbox 919 1035 1271 1101; x_wconf 81' lang='lat' dir='ltr'><strong>saeviatur.</strong></span> <span class='ocrx_word' id='word_1_76' title='bbox 1373 1027 1567 1111; x_wconf 93' lang='lat' dir='ltr'><strong>Quod</strong></span> <span class='ocrx_word' id='word_1_77' title='bbox 1621 1040 1841 1093; x_wconf 85' lang='lat' dir='ltr'><strong>tamen</strong></span> <span class='ocrx_word' id='word_1_78' title='bbox 1871 1029 1920 1109; x_wconf 81' lang='grc'><strong>1)</strong></span> <span class='ocrx_word' id='word_1_79' title='bbox 1988 1028 2260 1092; x_wconf 88' lang='lat' dir='ltr'><strong>minime</strong></span> <span class='ocrx_word' id='word_1_80' title='bbox 2317 1026 2673 1091; x_wconf 78' lang='lat' dir='ltr'><strong>exauditur</strong></span> <span class='ocrx_word' id='word_1_81' title='bbox 2777 1034 2843 1089; x_wconf 89' lang='lat' dir='ltr'><strong>ct</strong></span> <span class='ocrx_word' id='word_1_82' title='bbox 2871 1026 2998 1090; x_wconf 89' lang='lat' dir='ltr'><strong>alio</strong></span> <span class='ocrx_word' id='word_1_83' title='bbox 3043 1026 3211 1090; x_wconf 89' lang='lat' dir='ltr'><strong>bello</strong></span> <span class='ocrx_word' id='word_1_84' title='bbox 3256 1025 3534 1109; x_wconf 89' lang='lat' dir='ltr'><strong>petierat</strong></span> <span class='ocrx_word' id='word_1_85' title='bbox 3576 1032 3651 1089; x_wconf 93' lang='lat' dir='ltr'><strong>ut</strong></span> <span class='ocrx_word' id='word_1_86' title='bbox 3693 1024 3930 1089; x_wconf 89' lang='lat' dir='ltr'><strong>militia</strong></span> <span class='ocrx_word' id='word_1_87' title='bbox 3958 1035 4223 1090; x_wconf 87' lang='lat' dir='ltr'><strong>vacaret</strong></span> <span class='ocrx_word' id='word_1_88' title='bbox 4242 1046 4324 1089; x_wconf 85' lang='lat' dir='ltr'><strong>ex</strong></span> <span class='ocrx_word' id='word_1_89' title='bbox 4363 1026 4524 1110; x_wconf 87' lang='lat' dir='ltr'><strong>lege,</strong></span> <span class='ocrx_word' id='word_1_90' title='bbox 4550 1026 4726 1110; x_wconf 91' lang='lat' dir='ltr'><strong>quod</strong></span> 
     </span>
     <span class='ocr_line' id='line_1_8' title="bbox 705 1109 4725 1205; baseline -0.002 -17"><span class='ocrx_word' id='word_1_91' title='bbox 705 1144 747 1188; x_wconf 87' lang='lat' dir='ltr'><strong>a</strong></span> <span class='ocrx_word' id='word_1_92' title='bbox 790 1121 1079 1205; x_wconf 84' lang='lat' dir='ltr'><strong>plagosis</strong></span> <span class='ocrx_word' id='word_1_93' title='bbox 1124 1120 1266 1183; x_wconf 84' lang='lat' dir='ltr'><strong>istis</strong></span> <span class='ocrx_word' id='word_1_94' title='bbox 1323 1114 1753 1182; x_wconf 89' lang='lat' dir='ltr'><strong>carnificibus.</strong></span> <span class='ocrx_word' id='word_1_95' title='bbox 1844 1114 1994 1179; x_wconf 87' lang='lat' dir='ltr'><strong>Non</strong></span> <span class='ocrx_word' id='word_1_96' title='bbox 2047 1114 2224 1178; x_wconf 91' lang='lat' dir='ltr'><strong>enim</strong></span> <span class='ocrx_word' id='word_1_97' title='bbox 2271 1111 2475 1177; x_wconf 84' lang='lat' dir='ltr'><strong>audeo</strong></span> <span class='ocrx_word' id='word_1_98' title='bbox 2518 1132 2670 1193; x_wconf 86' lang='lat' dir='ltr'><strong>pac·</strong></span> <span class='ocrx_word' id='word_1_99' title='bbox 2776 1113 3374 1196; x_wconf 87' lang='lat' dir='ltr'><strong>quinquagenarius</strong></span> <span class='ocrx_word' id='word_1_100' title='bbox 3417 1118 3608 1188; x_wconf 87' lang='lat' dir='ltr'><strong>esset,</strong></span> <span class='ocrx_word' id='word_1_101' title='bbox 3653 1109 4044 1176; x_wconf 85' lang='lat' dir='ltr'><strong>adversante</strong></span> <span class='ocrx_word' id='word_1_102' title='bbox 4086 1111 4221 1176; x_wconf 90' lang='lat' dir='ltr'><strong>filio</strong></span> <span class='ocrx_word' id='word_1_103' title='bbox 4263 1112 4360 1176; x_wconf 92' lang='lat' dir='ltr'><strong>ire</strong></span> <span class='ocrx_word' id='word_1_104' title='bbox 4403 1112 4476 1176; x_wconf 91' lang='lat' dir='ltr'><strong>in</strong></span> <span class='ocrx_word' id='word_1_105' title='bbox 4519 1115 4725 1179; x_wconf 88' lang='lat' dir='ltr'><strong>aciem</strong></span> 
     </span>
     <span class='ocr_line' id='line_1_9' title="bbox 2773 1196 4725 1274; baseline 0.002 -13"><span class='ocrx_word' id='word_1_106' title='bbox 2773 1207 3049 1274; x_wconf 79' lang='lat' dir='ltr'><strong>coactuS,</strong></span> <span class='ocrx_word' id='word_1_107' title='bbox 3091 1197 3396 1262; x_wconf 88' lang='lat' dir='ltr'><strong>deseruit.</strong></span> <span class='ocrx_word' id='word_1_108' title='bbox 3459 1197 3545 1261; x_wconf 91' lang='lat' dir='ltr'><strong>In</strong></span> <span class='ocrx_word' id='word_1_109' title='bbox 3581 1196 3757 1264; x_wconf 88' lang='lat' dir='ltr'><strong>hunc</strong></span> <span class='ocrx_word' id='word_1_110' title='bbox 3793 1218 4058 1262; x_wconf 89' lang='lat' dir='ltr'><strong>sensum</strong></span> <span class='ocrx_word' id='word_1_111' title='bbox 4096 1198 4362 1262; x_wconf 78' lang='lat' dir='ltr'><strong>Turnus</strong></span> <span class='ocrx_word' id='word_1_112' title='bbox 4399 1200 4725 1265; x_wconf 79' lang='lat' dir='ltr'><strong>Aeneidos</strong></span> 
     </span>
     <span class='ocr_line' id='line_1_10' title="bbox 2774 1281 4726 1367; baseline 0.002 -20"><span class='ocrx_word' id='word_1_113' title='bbox 2774 1284 2934 1347; x_wconf 85' lang='lat' dir='ltr'>XII.</span> <span class='ocrx_word' id='word_1_114' title='bbox 2983 1295 3175 1348; x_wconf 85' lang='lat' dir='ltr'><strong>vocat</strong></span> <span class='ocrx_word' id='word_1_115' title='bbox 3210 1285 3505 1349; x_wconf 82' lang='lat' dir='ltr'><strong>Aeneam</strong></span> <span class='ocrx_word' id='word_1_116' title='bbox 3546 1281 3944 1348; x_wconf 80' lang='lat' dir='ltr'><strong>desertorem</strong></span> <span class='ocrx_word' id='word_1_117' title='bbox 3979 1284 4196 1361; x_wconf 87' lang='lat' dir='ltr'><strong>Asiae,</strong></span> <span class='ocrx_word' id='word_1_118' title='bbox 4243 1286 4429 1366; x_wconf 84' lang='lat' dir='ltr'><strong>quasi</strong></span> <span class='ocrx_word' id='word_1_119' title='bbox 4476 1287 4726 1367; x_wconf 80' lang='lat' dir='ltr'><strong>patriae</strong></span> 
     </span>
     <span class='ocr_line' id='line_1_11' title="bbox 2774 1368 4726 1453; baseline 0.002 -20"><span class='ocrx_word' id='word_1_120' title='bbox 2774 1369 3205 1452; x_wconf 79' lang='lat' dir='ltr'><strong>proditorem,</strong></span> <span class='ocrx_word' id='word_1_121' title='bbox 3251 1368 3424 1452; x_wconf 91' lang='lat' dir='ltr'><strong>quod</strong></span> <span class='ocrx_word' id='word_1_122' title='bbox 3471 1368 3746 1434; x_wconf 79' lang='lat' dir='ltr'><strong>Servius</strong></span> <span class='ocrx_word' id='word_1_123' title='bbox 3786 1389 3920 1433; x_wconf 90' lang='lat' dir='ltr'><strong>non</strong></span> <span class='ocrx_word' id='word_1_124' title='bbox 3977 1369 4141 1433; x_wconf 91' lang='lat' dir='ltr'><strong>bene</strong></span> <span class='ocrx_word' id='word_1_125' title='bbox 4184 1390 4304 1453; x_wconf 86' lang='lat' dir='ltr'><strong>pro</strong></span> <span class='ocrx_word' id='word_1_126' title='bbox 4348 1371 4577 1436; x_wconf 83' lang='lat' dir='ltr'><strong>exsule</strong></span> <span class='ocrx_word' id='word_1_127' title='bbox 4617 1371 4726 1436; x_wconf 90' lang='lat' dir='ltr'><strong>in-</strong></span> 
     </span>
     <span class='ocr_line' id='line_1_12' title="bbox 2775 1461 3337 1537; baseline 0.004 -18"><span class='ocrx_word' id='word_1_128' title='bbox 2775 1462 3177 1537; x_wconf 88' lang='lat' dir='ltr'><strong>terpretatus</strong></span> <span class='ocrx_word' id='word_1_129' title='bbox 3221 1461 3337 1521; x_wconf 88' lang='lat' dir='ltr'><strong>est.</strong></span> 
     </span>
    </p>

    <p class='ocr_par' dir='ltr' id='par_1_4' title="bbox 2774 1539 4730 1969">
     <span class='ocr_line' id='line_1_13' title="bbox 2950 1539 4724 1627; baseline 0.002 -23"><span class='ocrx_word' id='word_1_130' title='bbox 2950 1540 3284 1622; x_wconf 78' lang='lat' dir='ltr'><strong>Numquid</strong></span> <span class='ocrx_word' id='word_1_131' title='bbox 3340 1562 3609 1621; x_wconf 78' lang='lat' dir='ltr'><strong>aequum</strong></span> <span class='ocrx_word' id='word_1_132' title='bbox 3661 1539 3776 1627; x_wconf 81' lang='lat' dir='ltr'><strong>est]</strong></span> <span class='ocrx_word' id='word_1_133' title='bbox 3837 1539 4025 1621; x_wconf 90' lang='lat' dir='ltr'><strong>Quae</strong></span> <span class='ocrx_word' id='word_1_134' title='bbox 4077 1552 4574 1625; x_wconf 86' lang='lat' dir='ltr'><strong>praecesserunt</strong></span> <span class='ocrx_word' id='word_1_135' title='bbox 4616 1563 4724 1607; x_wconf 91' lang='lat' dir='ltr'><strong>ar-</strong></span> 
     </span>
     <span class='ocr_line' id='line_1_14' title="bbox 2775 1625 4729 1709; baseline 0.003 -19"><span class='ocrx_word' id='word_1_136' title='bbox 2775 1636 3119 1709; x_wconf 87' lang='lat' dir='ltr'><strong>gumenta,</strong></span> <span class='ocrx_word' id='word_1_137' title='bbox 3166 1650 3206 1691; x_wconf 88' lang='lat' dir='ltr'><strong>a</strong></span> <span class='ocrx_word' id='word_1_138' title='bbox 3258 1627 3579 1693; x_wconf 89' lang='lat' dir='ltr'><strong>similibus</strong></span> <span class='ocrx_word' id='word_1_139' title='bbox 3625 1625 4048 1692; x_wconf 79' lang='lat' dir='ltr'><strong>ducebantur.</strong></span> <span class='ocrx_word' id='word_1_140' title='bbox 4137 1628 4335 1694; x_wconf 89' lang='lat' dir='ltr'><strong>Nunc</strong></span> <span class='ocrx_word' id='word_1_141' title='bbox 4378 1629 4662 1694; x_wconf 66' lang='lat' dir='ltr'><strong>ducitur*</strong></span> <span class='ocrx_word' id='word_1_142' title='bbox 4681 1653 4729 1695; x_wconf 86' lang='lat' dir='ltr'><strong>a</strong></span> 
     </span>
     <span class='ocr_line' id='line_1_15' title="bbox 2774 1711 4727 1796; baseline 0.003 -21"><span class='ocrx_word' id='word_1_143' title='bbox 2774 1713 3027 1777; x_wconf 89' lang='lat' dir='ltr'><strong>maiori.</strong></span> <span class='ocrx_word' id='word_1_144' title='bbox 3127 1711 3203 1778; x_wconf 83' lang='lat' dir='ltr'><strong>Si</strong></span> <span class='ocrx_word' id='word_1_145' title='bbox 3260 1713 3437 1777; x_wconf 89' lang='lat' dir='ltr'><strong>enim</strong></span> <span class='ocrx_word' id='word_1_146' title='bbox 3492 1713 3716 1777; x_wconf 90' lang='lat' dir='ltr'><strong>omnia</strong></span> <span class='ocrx_word' id='word_1_147' title='bbox 3767 1713 4037 1796; x_wconf 89' lang='lat' dir='ltr'><strong>impune</strong></span> <span class='ocrx_word' id='word_1_148' title='bbox 4092 1714 4296 1779; x_wconf 90' lang='lat' dir='ltr'><strong>licent</strong></span> <span class='ocrx_word' id='word_1_149' title='bbox 4350 1713 4607 1781; x_wconf 90' lang='lat' dir='ltr'><strong>domino</strong></span> <span class='ocrx_word' id='word_1_150' title='bbox 4649 1717 4727 1781; x_wconf 89' lang='lat' dir='ltr'><strong>in</strong></span> 
     </span>
     <span class='ocr_line' id='line_1_16' title="bbox 2775 1797 4727 1884; baseline 0.003 -23"><span class='ocrx_word' id='word_1_151' title='bbox 2775 1798 3023 1863; x_wconf 87' lang='lat' dir='ltr'><strong>animal</strong></span> <span class='ocrx_word' id='word_1_152' title='bbox 3067 1797 3332 1863; x_wconf 88' lang='lat' dir='ltr'><strong>brutum</strong></span> <span class='ocrx_word' id='word_1_153' title='bbox 3378 1807 3445 1863; x_wconf 89' lang='lat' dir='ltr'><strong>ct</strong></span> <span class='ocrx_word' id='word_1_154' title='bbox 3488 1810 3766 1877; x_wconf 91' lang='lat' dir='ltr'><strong>mutum,</strong></span> <span class='ocrx_word' id='word_1_155' title='bbox 3814 1821 3934 1864; x_wconf 89' lang='lat' dir='ltr'><strong>nec</strong></span> <span class='ocrx_word' id='word_1_156' title='bbox 3974 1806 4196 1863; x_wconf 90' lang='lat' dir='ltr'><strong>tamen</strong></span> <span class='ocrx_word' id='word_1_157' title='bbox 4239 1823 4441 1884; x_wconf 83' lang='lat' dir='ltr'><strong>grave</strong></span> <span class='ocrx_word' id='word_1_158' title='bbox 4485 1823 4561 1868; x_wconf 88' lang='lat' dir='ltr'><strong>ac</strong></span> <span class='ocrx_word' id='word_1_159' title='bbox 4603 1800 4727 1867; x_wconf 90' lang='lat' dir='ltr'><strong>du-</strong></span> 
     </span>
     <span class='ocr_line' id='line_1_17' title="bbox 2775 1885 4730 1969; baseline 0.003 -21"><span class='ocrx_word' id='word_1_160' title='bbox 2775 1905 2921 1948; x_wconf 90' lang='lat' dir='ltr'><strong>rum</strong></span> <span class='ocrx_word' id='word_1_161' title='bbox 2977 1885 3323 1967; x_wconf 89' lang='lat' dir='ltr'><strong>imperium</strong></span> <span class='ocrx_word' id='word_1_162' title='bbox 3372 1895 3659 1961; x_wconf 78' lang='lat' dir='ltr'><strong>exercet,</strong></span> <span class='ocrx_word' id='word_1_163' title='bbox 3723 1906 3763 1949; x_wconf 88' lang='lat' dir='ltr'><strong>a</strong></span> <span class='ocrx_word' id='word_1_164' title='bbox 3826 1886 4056 1949; x_wconf 88' lang='lat' dir='ltr'><strong>maiori</strong></span> <span class='ocrx_word' id='word_1_165' title='bbox 4100 1888 4398 1969; x_wconf 88' lang='lat' dir='ltr'><strong>sequitur</strong></span> <span class='ocrx_word' id='word_1_166' title='bbox 4440 1888 4730 1953; x_wconf 89' lang='lat' dir='ltr'><strong>hominis</strong></span> 
     </span>
    </p>
   </div>
   <div class='ocr_carea' id='block_1_3' title="bbox 687 1198 4737 4466">
    <p class='ocr_par' dir='ltr' id='par_1_5' title="bbox 687 1198 4737 4466">
     <span class='ocr_line' id='line_1_18' title="bbox 705 1198 2666 1293; baseline -0.006 -22"><span class='ocrx_word' id='word_1_167' title='bbox 705 1208 997 1293; x_wconf 83' lang='lat' dir='ltr'><strong>dagogos</strong></span> <span class='ocrx_word' id='word_1_168' title='bbox 1042 1203 1404 1289; x_wconf 87' lang='lat' dir='ltr'><strong>appellare,</strong></span> <span class='ocrx_word' id='word_1_169' title='bbox 1455 1222 1658 1283; x_wconf 89' lang='lat' dir='ltr'><strong>quum</strong></span> <span class='ocrx_word' id='word_1_170' title='bbox 1704 1198 1772 1262; x_wconf 90' lang='lat' dir='ltr'><strong>id</strong></span> <span class='ocrx_word' id='word_1_171' title='bbox 1816 1221 2056 1264; x_wconf 88' lang='lat' dir='ltr'><strong>nomen</strong></span> <span class='ocrx_word' id='word_1_172' title='bbox 2100 1199 2336 1283; x_wconf 87' lang='lat' dir='ltr'><strong>probro</strong></span> <span class='ocrx_word' id='word_1_173' title='bbox 2385 1206 2666 1263; x_wconf 87' lang='lat' dir='ltr'><strong>vert-ant.</strong></span> 
     </span>
     <span class='ocr_line' id='line_1_19' title="bbox 884 1284 2664 1373; baseline -0.007 -15"><span class='ocrx_word' id='word_1_174' title='bbox 884 1291 959 1357; x_wconf 73' lang='lat' dir='ltr'><strong>Si</strong></span> <span class='ocrx_word' id='word_1_175' title='bbox 987 1310 1230 1373; x_wconf 81' lang='lat' dir='ltr'><strong>parum</strong></span> <span class='ocrx_word' id='word_1_176' title='bbox 1252 1289 1445 1373; x_wconf 69' lang='lat' dir='ltr'><strong>ayilis</strong></span> <span class='ocrx_word' id='word_1_177' title='bbox 1479 1288 1550 1351; x_wconf 80' lang='lat' dir='ltr'><strong>in</strong></span> <span class='ocrx_word' id='word_1_178' title='bbox 1572 1286 1822 1369; x_wconf 70' lang='lat' dir='ltr'><strong>leyendo</strong></span> <span class='ocrx_word' id='word_1_179' title='bbox 1844 1286 2056 1350; x_wconf 82' lang='lat' dir='ltr'><strong>oculus</strong></span> <span class='ocrx_word' id='word_1_180' title='bbox 2123 1284 2319 1366; x_wconf 90' lang='lat' dir='ltr'><strong>Quod</strong></span> <span class='ocrx_word' id='word_1_181' title='bbox 2344 1291 2488 1363; x_wconf 81' lang='lat' dir='ltr'><strong>[pag.</strong></span> <span class='ocrx_word' id='word_1_182' title='bbox 2520 1288 2664 1359; x_wconf 87' lang='lat'>107]</span> 
     </span>
     <span class='ocr_line' id='line_1_20' title="bbox 705 1369 2668 1457; baseline -0.007 -13"><span class='ocrx_word' id='word_1_183' title='bbox 705 1387 927 1443; x_wconf 87' lang='lat' dir='ltr'><strong>tamen</strong></span> <span class='ocrx_word' id='word_1_184' title='bbox 972 1400 1012 1442; x_wconf 92' lang='lat' dir='ltr'><strong>a</strong></span> <span class='ocrx_word' id='word_1_185' title='bbox 1100 1397 1257 1441; x_wconf 94' lang='lat' dir='ltr'><strong>uero</strong></span> <span class='ocrx_word' id='word_1_186' title='bbox 1302 1376 1479 1457; x_wconf 84' lang='lat' dir='ltr'><strong>exigi</strong></span> <span class='ocrx_word' id='word_1_187' title='bbox 1522 1394 1659 1437; x_wconf 90' lang='lat' dir='ltr'><strong>non</strong></span> <span class='ocrx_word' id='word_1_188' title='bbox 1705 1371 1911 1437; x_wconf 84' lang='lat' dir='ltr'><strong>debet.</strong></span> <span class='ocrx_word' id='word_1_189' title='bbox 2069 1395 2174 1436; x_wconf 84' lang='lat' dir='ltr'><strong>am</strong></span> <span class='ocrx_word' id='word_1_190' title='bbox 2212 1369 2668 1452; x_wconf 79' lang='lat' dir='ltr'><strong>Quintilianus</strong></span> 
     </span>
     <span class='ocr_line' id='line_1_21' title="bbox 706 1454 2668 1542; baseline -0.006 -13"><span class='ocrx_word' id='word_1_191' title='bbox 706 1464 788 1529; x_wconf 95' lang='lat' dir='ltr'><strong>de</strong></span> <span class='ocrx_word' id='word_1_192' title='bbox 846 1486 1033 1529; x_wconf 90' lang='lat' dir='ltr'><strong>emen</strong></span> <span class='ocrx_word' id='word_1_193' title='bbox 1082 1471 1190 1527; x_wconf 89' lang='lat' dir='ltr'><strong>ata</strong></span> <span class='ocrx_word' id='word_1_194' title='bbox 1244 1461 1525 1525; x_wconf 90' lang='lat' dir='ltr'><strong>lectione</strong></span> <span class='ocrx_word' id='word_1_195' title='bbox 1568 1458 2007 1542; x_wconf 80' lang='lat' dir='ltr'><strong>praecipiens,</strong></span> <span class='ocrx_word' id='word_1_196' title='bbox 2051 1457 2135 1523; x_wconf 91' lang='lat' dir='ltr'><strong>ad</strong></span> <span class='ocrx_word' id='word_1_197' title='bbox 2177 1458 2356 1522; x_wconf 91' lang='lat' dir='ltr'><strong>hunc</strong></span> <span class='ocrx_word' id='word_1_198' title='bbox 2399 1454 2668 1520; x_wconf 89' lang='lat' dir='ltr'><strong>modum</strong></span> 
     </span>
     <span class='ocr_line' id='line_1_22' title="bbox 706 1540 2666 1629; baseline -0.007 -13"><span class='ocrx_word' id='word_1_199' title='bbox 706 1548 960 1616; x_wconf 83' lang='lat' dir='ltr'><strong>scribit:</strong></span> <span class='ocrx_word' id='word_1_200' title='bbox 1007 1549 1210 1613; x_wconf 84' lang='lat' dir='ltr'><strong>Certa</strong></span> <span class='ocrx_word' id='word_1_201' title='bbox 1254 1548 1341 1612; x_wconf 90' lang='lat' dir='ltr'><strong>sit</strong></span> <span class='ocrx_word' id='word_1_202' title='bbox 1386 1568 1541 1629; x_wconf 85' lang='lat' dir='ltr'><strong>ergo</strong></span> <span class='ocrx_word' id='word_1_203' title='bbox 1587 1547 1658 1608; x_wconf 90' lang='lat' dir='ltr'><strong>in</strong></span> <span class='ocrx_word' id='word_1_204' title='bbox 1702 1545 1932 1627; x_wconf 76' lang='lat' dir='ltr'><strong>primis</strong></span> <span class='ocrx_word' id='word_1_205' title='bbox 1977 1544 2185 1622; x_wconf 83' lang='lat' dir='ltr'><strong>lectio,</strong></span> <span class='ocrx_word' id='word_1_206' title='bbox 2235 1540 2468 1607; x_wconf 88' lang='lat' dir='ltr'><strong>deinde</strong></span> <span class='ocrx_word' id='word_1_207' title='bbox 2512 1562 2666 1605; x_wconf 91' lang='lat' dir='ltr'><strong>con-</strong></span> 
     </span>
     <span class='ocr_line' id='line_1_23' title="bbox 702 1629 2670 1712; baseline -0.007 -11"><span class='ocrx_word' id='word_1_208' title='bbox 702 1637 948 1712; x_wconf 89' lang='lat' dir='ltr'><strong>iuncta,</strong></span> <span class='ocrx_word' id='word_1_209' title='bbox 994 1643 1062 1699; x_wconf 91' lang='lat' dir='ltr'><strong>et</strong></span> <span class='ocrx_word' id='word_1_210' title='bbox 1107 1633 1221 1698; x_wconf 89' lang='lat' dir='ltr'><strong>diu</strong></span> <span class='ocrx_word' id='word_1_211' title='bbox 1266 1634 1527 1711; x_wconf 86' lang='lat' dir='ltr'><strong>lentior,</strong></span> <span class='ocrx_word' id='word_1_212' title='bbox 1576 1630 1780 1696; x_wconf 90' lang='lat' dir='ltr'><strong>donec</strong></span> <span class='ocrx_word' id='word_1_213' title='bbox 1823 1632 2284 1696; x_wconf 84' lang='lat' dir='ltr'><strong>exercitatione</strong></span> <span class='ocrx_word' id='word_1_214' title='bbox 2325 1629 2670 1710; x_wconf 84' lang='lat' dir='ltr'><strong>contingat</strong></span> 
     </span>
     <span class='ocr_line' id='line_1_24' title="bbox 706 1714 2667 1800; baseline -0.006 -13"><span class='ocrx_word' id='word_1_215' title='bbox 706 1720 1059 1787; x_wconf 89' lang='lat' dir='ltr'><strong>emendata</strong></span> <span class='ocrx_word' id='word_1_216' title='bbox 1115 1719 1440 1785; x_wconf 84' lang='lat' dir='ltr'><strong>velocitas.</strong></span> <span class='ocrx_word' id='word_1_217' title='bbox 1539 1717 1714 1783; x_wconf 88' lang='lat' dir='ltr'><strong>Nam</strong></span> <span class='ocrx_word' id='word_1_218' title='bbox 1774 1714 2149 1800; x_wconf 83' lang='lat' dir='ltr'><strong>pr&#39;ospicere</strong></span> <span class='ocrx_word' id='word_1_219' title='bbox 2215 1716 2287 1778; x_wconf 91' lang='lat' dir='ltr'><strong>in</strong></span> <span class='ocrx_word' id='word_1_220' title='bbox 2342 1714 2667 1790; x_wconf 87' lang='lat' dir='ltr'><strong>dextrum,</strong></span> 
     </span>
     <span class='ocr_line' id='line_1_25' title="bbox 706 1800 2671 1890; baseline -0.006 -18"><span class='ocrx_word' id='word_1_221' title='bbox 706 1806 880 1890; x_wconf 93' lang='lat' dir='ltr'><strong>quod</strong></span> <span class='ocrx_word' id='word_1_222' title='bbox 924 1828 1151 1872; x_wconf 90' lang='lat' dir='ltr'><strong>omnes</strong></span> <span class='ocrx_word' id='word_1_223' title='bbox 1201 1804 1643 1889; x_wconf 82' lang='lat' dir='ltr'><strong>praecipiunt,</strong></span> <span class='ocrx_word' id='word_1_224' title='bbox 1692 1809 1758 1867; x_wconf 92' lang='lat' dir='ltr'><strong>et</strong></span> <span class='ocrx_word' id='word_1_225' title='bbox 1800 1801 2174 1885; x_wconf 82' lang='lat' dir='ltr'><strong>providere,</strong></span> <span class='ocrx_word' id='word_1_226' title='bbox 2221 1823 2352 1866; x_wconf 92' lang='lat' dir='ltr'><strong>non</strong></span> <span class='ocrx_word' id='word_1_227' title='bbox 2397 1800 2671 1863; x_wconf 89' lang='lat' dir='ltr'><strong>rationis</strong></span> 
     </span>
     <span class='ocr_line' id='line_1_26' title="bbox 704 1886 2670 1973; baseline -0.006 -15"><span class='ocrx_word' id='word_1_228' title='bbox 704 1892 931 1973; x_wconf 90' lang='lat' dir='ltr'><strong>modo,</strong></span> <span class='ocrx_word' id='word_1_229' title='bbox 985 1890 1101 1957; x_wconf 89' lang='lat' dir='ltr'><strong>sed</strong></span> <span class='ocrx_word' id='word_1_230' title='bbox 1145 1913 1303 1957; x_wconf 88' lang='lat' dir='ltr'><strong>usus</strong></span> <span class='ocrx_word' id='word_1_231' title='bbox 1342 1910 1598 1973; x_wconf 90' lang='lat' dir='ltr'><strong>quoque</strong></span> <span class='ocrx_word' id='word_1_232' title='bbox 1644 1895 1771 1954; x_wconf 91' lang='lat' dir='ltr'><strong>est:</strong></span> <span class='ocrx_word' id='word_1_233' title='bbox 1829 1889 2144 1971; x_wconf 89' lang='lat' dir='ltr'><strong>quoniam</strong></span> <span class='ocrx_word' id='word_1_234' title='bbox 2185 1887 2526 1969; x_wconf 86' lang='lat' dir='ltr'><strong>sequentia</strong></span> <span class='ocrx_word' id='word_1_235' title='bbox 2570 1886 2670 1948; x_wconf 89' lang='lat' dir='ltr'><strong>in-</strong></span> 
     </span>
     <span class='ocr_line' id='line_1_27' title="bbox 704 1970 4730 2077; baseline -0.001 -33"><span class='ocrx_word' id='word_1_236' title='bbox 704 1979 950 2055; x_wconf 90' lang='lat' dir='ltr'><strong>tuenti,</strong></span> <span class='ocrx_word' id='word_1_237' title='bbox 1001 1978 1226 2077; x_wconf 87' lang='lat' dir='ltr'><strong>priora</strong></span> <span class='ocrx_word' id='word_1_238' title='bbox 1282 1974 1558 2041; x_wconf 87' lang='lat' dir='ltr'><strong>dicenda</strong></span> <span class='ocrx_word' id='word_1_239' title='bbox 1613 1982 1798 2040; x_wconf 90' lang='lat' dir='ltr'><strong>sunt:</strong></span> <span class='ocrx_word' id='word_1_240' title='bbox 1864 1985 1932 2039; x_wconf 93' lang='lat' dir='ltr'><strong>et</strong></span> <span class='ocrx_word' id='word_1_241' title='bbox 1976 1975 2149 2056; x_wconf 90' lang='lat' dir='ltr'><strong>quod</strong></span> <span class='ocrx_word' id='word_1_242' title='bbox 2210 1972 2669 2038; x_wconf 87' lang='lat' dir='ltr'><strong>difficillimum</strong></span> <span class='ocrx_word' id='word_1_243' title='bbox 2773 1970 2841 2034; x_wconf 88' lang='lat' dir='ltr'><strong>in</strong></span> <span class='ocrx_word' id='word_1_244' title='bbox 2878 1971 3214 2035; x_wconf 89' lang='lat' dir='ltr'><strong>hominem</strong></span> <span class='ocrx_word' id='word_1_245' title='bbox 3253 1971 3662 2036; x_wconf 88' lang='lat' dir='ltr'><strong>moderatum</strong></span> <span class='ocrx_word' id='word_1_246' title='bbox 3697 1993 3839 2036; x_wconf 89' lang='lat' dir='ltr'><strong>esse</strong></span> <span class='ocrx_word' id='word_1_247' title='bbox 3875 1971 4108 2037; x_wconf 91' lang='lat' dir='ltr'><strong>debere</strong></span> <span class='ocrx_word' id='word_1_248' title='bbox 4155 1980 4476 2055; x_wconf 79' lang='lat' dir='ltr'><strong>[pag.108]</strong></span> <span class='ocrx_word' id='word_1_249' title='bbox 4518 1976 4730 2059; x_wconf 87' lang='lat' dir='ltr'><strong>impe-</strong></span> 
     </span>
     <span class='ocr_line' id='line_1_28' title="bbox 687 2054 4730 2147; baseline -0.001 -17"><span class='ocrx_word' id='word_1_250' title='bbox 687 2072 840 2144; x_wconf 59' lang='lat' dir='ltr'><strong>west,</strong></span> <span class='ocrx_word' id='word_1_251' title='bbox 898 2061 1249 2129; x_wconf 81' lang='lat' dir='ltr'><strong>div1denda</strong></span> <span class='ocrx_word' id='word_1_252' title='bbox 1302 2062 1582 2127; x_wconf 89' lang='lat' dir='ltr'><strong>intentio</strong></span> <span class='ocrx_word' id='word_1_253' title='bbox 1628 2060 1861 2147; x_wconf 79' lang='lat' dir='ltr'><strong>animi,</strong></span> <span class='ocrx_word' id='word_1_254' title='bbox 1909 2070 1983 2124; x_wconf 91' lang='lat' dir='ltr'><strong>ut</strong></span> <span class='ocrx_word' id='word_1_255' title='bbox 2026 2058 2205 2123; x_wconf 87' lang='lat' dir='ltr'><strong>aliud</strong></span> <span class='ocrx_word' id='word_1_256' title='bbox 2249 2079 2432 2136; x_wconf 89' lang='lat' dir='ltr'><strong>voce,</strong></span> <span class='ocrx_word' id='word_1_257' title='bbox 2490 2054 2672 2120; x_wconf 89' lang='lat' dir='ltr'><strong>aliud</strong></span> <span class='ocrx_word' id='word_1_258' title='bbox 2775 2059 2966 2122; x_wconf 90' lang='lat' dir='ltr'><strong>rium.</strong></span> <span class='ocrx_word' id='word_1_259' title='bbox 3071 2058 3231 2122; x_wconf 90' lang='lat' dir='ltr'><strong>Post</strong></span> <span class='ocrx_word' id='word_1_260' title='bbox 3284 2056 3620 2124; x_wconf 91' lang='lat' dir='ltr'><strong>descendit</strong></span> <span class='ocrx_word' id='word_1_261' title='bbox 3674 2056 3758 2121; x_wconf 88' lang='lat' dir='ltr'><strong>ad</strong></span> <span class='ocrx_word' id='word_1_262' title='bbox 3812 2059 4086 2140; x_wconf 89' lang='lat' dir='ltr'><strong>species,</strong></span> <span class='ocrx_word' id='word_1_263' title='bbox 4144 2060 4449 2143; x_wconf 85' lang='lat' dir='ltr'><strong>exempla</strong></span> <span class='ocrx_word' id='word_1_264' title='bbox 4488 2082 4730 2144; x_wconf 88' lang='lat' dir='ltr'><strong>propo-</strong></span> 
     </span>
     <span class='ocr_line' id='line_1_29' title="bbox 704 2143 4733 2233; baseline -0.001 -17"><span class='ocrx_word' id='word_1_265' title='bbox 704 2150 913 2216; x_wconf 90' lang='lat' dir='ltr'><strong>oculis</strong></span> <span class='ocrx_word' id='word_1_266' title='bbox 958 2157 1211 2233; x_wconf 86' lang='lat' dir='ltr'><strong>agatur.</strong></span> <span class='ocrx_word' id='word_1_267' title='bbox 1302 2146 1490 2212; x_wconf 90' lang='lat' dir='ltr'><strong>Idem</strong></span> <span class='ocrx_word' id='word_1_268' title='bbox 1543 2145 1710 2211; x_wconf 90' lang='lat' dir='ltr'><strong>libro</strong></span> <span class='ocrx_word' id='word_1_269' title='bbox 1755 2146 1877 2211; x_wconf 89' lang='lat' dir='ltr'><strong>X.:</strong></span> <span class='ocrx_word' id='word_1_270' title='bbox 1934 2147 2063 2209; x_wconf 86' lang='lat' dir='ltr'><strong>Est</strong></span> <span class='ocrx_word' id='word_1_271' title='bbox 2115 2146 2321 2229; x_wconf 86' lang='lat' dir='ltr'><strong>igitur</strong></span> <span class='ocrx_word' id='word_1_272' title='bbox 2376 2164 2535 2208; x_wconf 86' lang='lat' dir='ltr'><strong>usus</strong></span> <span class='ocrx_word' id='word_1_273' title='bbox 2579 2143 2669 2205; x_wconf 88' lang='lat' dir='ltr'><strong>ir·</strong></span> <span class='ocrx_word' id='word_1_274' title='bbox 2776 2166 2940 2209; x_wconf 92' lang='lat' dir='ltr'><strong>nens</strong></span> <span class='ocrx_word' id='word_1_275' title='bbox 2983 2145 3052 2207; x_wconf 91' lang='lat' dir='ltr'><strong>in</strong></span> <span class='ocrx_word' id='word_1_276' title='bbox 3102 2144 3315 2225; x_wconf 86' lang='lat' dir='ltr'><strong>equis,</strong></span> <span class='ocrx_word' id='word_1_277' title='bbox 3373 2145 3443 2207; x_wconf 89' lang='lat' dir='ltr'><strong>in</strong></span> <span class='ocrx_word' id='word_1_278' title='bbox 3488 2143 3722 2209; x_wconf 89' lang='lat' dir='ltr'><strong>catulis</strong></span> <span class='ocrx_word' id='word_1_279' title='bbox 3766 2145 4105 2223; x_wconf 86' lang='lat' dir='ltr'><strong>venaticis,</strong></span> <span class='ocrx_word' id='word_1_280' title='bbox 4171 2145 4241 2208; x_wconf 91' lang='lat' dir='ltr'><strong>in</strong></span> <span class='ocrx_word' id='word_1_281' title='bbox 4288 2147 4487 2211; x_wconf 89' lang='lat' dir='ltr'><strong>asinis</strong></span> <span class='ocrx_word' id='word_1_282' title='bbox 4530 2149 4733 2213; x_wconf 90' lang='lat' dir='ltr'><strong>etiam</strong></span> 
     </span>
     <span class='ocr_line' id='line_1_30' title="bbox 705 2230 4733 2317; baseline -0.001 -16"><span class='ocrx_word' id='word_1_283' title='bbox 705 2235 1117 2303; x_wconf 88' lang='lat' dir='ltr'><strong>rationabilis</strong></span> <span class='ocrx_word' id='word_1_284' title='bbox 1157 2256 1352 2317; x_wconf 85' lang='lat' dir='ltr'><strong>quem</strong></span> <span class='ocrx_word' id='word_1_285' title='bbox 1396 2234 1633 2299; x_wconf 81' lang='lat' dir='ltr'><strong>Graeci</strong></span> <span class='ocrx_word' id='word_1_286' title='bbox 1679 2230 1897 2312; x_wconf 76' lang='grc' dir='ltr'><strong><em>ἄλογον</em></strong></span> <span class='ocrx_word' id='word_1_287' title='bbox 1931 2230 2131 2315; x_wconf 72' lang='grc' dir='ltr'><strong><em>τριβὴν</em></strong></span> <span class='ocrx_word' id='word_1_288' title='bbox 2146 2234 2204 2314; x_wconf 72' lang='lat'><strong>2)</strong></span> <span class='ocrx_word' id='word_1_289' title='bbox 2251 2240 2503 2303; x_wconf 85' lang='lat' dir='ltr'><strong>vocant,</strong></span> <span class='ocrx_word' id='word_1_290' title='bbox 2543 2249 2670 2311; x_wconf 90' lang='lat' dir='ltr'><strong>quo</strong></span> <span class='ocrx_word' id='word_1_291' title='bbox 2775 2239 2844 2294; x_wconf 90' lang='lat' dir='ltr'><strong>et</strong></span> <span class='ocrx_word' id='word_1_292' title='bbox 2884 2230 3119 2293; x_wconf 89' lang='lat' dir='ltr'><strong>bobus:</strong></span> <span class='ocrx_word' id='word_1_293' title='bbox 3167 2250 3331 2310; x_wconf 89' lang='lat' dir='ltr'><strong>quae</strong></span> <span class='ocrx_word' id='word_1_294' title='bbox 3367 2230 3421 2293; x_wconf 92' lang='lat' dir='ltr'><strong>si</strong></span> <span class='ocrx_word' id='word_1_295' title='bbox 3457 2250 3686 2313; x_wconf 88' lang='lat' dir='ltr'><strong>aspere</strong></span> <span class='ocrx_word' id='word_1_296' title='bbox 3721 2230 4188 2294; x_wconf 79' lang='lat' dir='ltr'><strong>tractentur&#39;et</strong></span> <span class='ocrx_word' id='word_1_297' title='bbox 4225 2233 4602 2313; x_wconf 86' lang='lat' dir='ltr'><strong>praefracte,</strong></span> <span class='ocrx_word' id='word_1_298' title='bbox 4646 2233 4733 2299; x_wconf 89' lang='lat' dir='ltr'><strong>ad</strong></span> 
     </span>
     <span class='ocr_line' id='line_1_31' title="bbox 706 2313 4513 2401; baseline -0.001 -14"><span class='ocrx_word' id='word_1_299' title='bbox 706 2343 947 2388; x_wconf 87' lang='lat' dir='ltr'><strong>manus</strong></span> <span class='ocrx_word' id='word_1_300' title='bbox 989 2322 1060 2385; x_wconf 91' lang='lat' dir='ltr'><strong>in</strong></span> <span class='ocrx_word' id='word_1_301' title='bbox 1106 2319 1446 2386; x_wconf 90' lang='lat' dir='ltr'><strong>scribendo</strong></span> <span class='ocrx_word' id='word_1_302' title='bbox 1492 2318 1797 2397; x_wconf 90' lang='lat' dir='ltr'><strong>decurrit,</strong></span> <span class='ocrx_word' id='word_1_303' title='bbox 1843 2338 1973 2401; x_wconf 90' lang='lat' dir='ltr'><strong>quo</strong></span> <span class='ocrx_word' id='word_1_304' title='bbox 2018 2316 2219 2384; x_wconf 87' lang='lat' dir='ltr'><strong>oculis</strong></span> <span class='ocrx_word' id='word_1_305' title='bbox 2263 2325 2431 2381; x_wconf 88' lang='lat' dir='ltr'><strong>totos</strong></span> <span class='ocrx_word' id='word_1_306' title='bbox 2476 2313 2671 2379; x_wconf 90' lang='lat' dir='ltr'><strong>simul</strong></span> <span class='ocrx_word' id='word_1_307' title='bbox 2775 2317 3051 2382; x_wconf 84' lang='lat' dir='ltr'><strong>verbera</strong></span> <span class='ocrx_word' id='word_1_308' title='bbox 3074 2318 3124 2398; x_wconf 84' lang='lat'><strong>¹)</strong></span> <span class='ocrx_word' id='word_1_309' title='bbox 3168 2314 3596 2381; x_wconf 90' lang='lat' dir='ltr'><strong>indurescunt</strong></span> <span class='ocrx_word' id='word_1_310' title='bbox 3640 2316 3857 2397; x_wconf 89' lang='lat' dir='ltr'><strong>potins</strong></span> <span class='ocrx_word' id='word_1_311' title='bbox 3903 2338 4098 2398; x_wconf 85' lang='lat' dir='ltr'><strong>quam</strong></span> <span class='ocrx_word' id='word_1_312' title='bbox 4140 2319 4513 2383; x_wconf 86' lang='lat' dir='ltr'><strong>flectuntur.</strong></span> 
     </span>
     <span class='ocr_line' id='line_1_32' title="bbox 705 2399 4737 2488; baseline -0 -15"><span class='ocrx_word' id='word_1_313' title='bbox 705 2411 779 2473; x_wconf 91' lang='lat' dir='ltr'><strong>in</strong></span> <span class='ocrx_word' id='word_1_314' title='bbox 821 2408 1107 2474; x_wconf 89' lang='lat' dir='ltr'><strong>lectione</strong></span> <span class='ocrx_word' id='word_1_315' title='bbox 1154 2427 1383 2471; x_wconf 84' lang='lat' dir='ltr'><strong>versus</strong></span> <span class='ocrx_word' id='word_1_316' title='bbox 1431 2408 1769 2488; x_wconf 89' lang='lat' dir='ltr'><strong>flexusque</strong></span> <span class='ocrx_word' id='word_1_317' title='bbox 1815 2425 2039 2467; x_wconf 89' lang='lat' dir='ltr'><strong>eorum</strong></span> <span class='ocrx_word' id='word_1_318' title='bbox 2085 2411 2151 2468; x_wconf 90' lang='lat' dir='ltr'><strong>et</strong></span> <span class='ocrx_word' id='word_1_319' title='bbox 2208 2402 2522 2467; x_wconf 83' lang='lat' dir='ltr'><strong>transitus</strong></span> <span class='ocrx_word' id='word_1_320' title='bbox 2567 2401 2670 2463; x_wconf 90' lang='lat' dir='ltr'><strong>in-</strong></span> <span class='ocrx_word' id='word_1_321' title='bbox 2949 2401 3150 2482; x_wconf 78' lang='lat' dir='ltr'><strong>Atqui</strong></span> <span class='ocrx_word' id='word_1_322' title='bbox 3184 2399 3433 2488; x_wconf 81' lang='lat' dir='ltr'><strong>equum]</strong></span> <span class='ocrx_word' id='word_1_323' title='bbox 3481 2402 3821 2485; x_wconf 85' lang='lat' dir='ltr'><strong>Vergilius</strong></span> <span class='ocrx_word' id='word_1_324' title='bbox 3858 2402 4228 2487; x_wconf 85' lang='lat' dir='ltr'><strong>Georgicon</strong></span> <span class='ocrx_word' id='word_1_325' title='bbox 4251 2403 4376 2468; x_wconf 91' lang='lat'><strong>111.</strong></span> <span class='ocrx_word' id='word_1_326' title='bbox 4427 2403 4506 2470; x_wconf 93' lang='lat' dir='ltr'><strong>de</strong></span> <span class='ocrx_word' id='word_1_327' title='bbox 4546 2407 4737 2488; x_wconf 90' lang='lat' dir='ltr'><strong>equis</strong></span> 
     </span>
     <span class='ocr_line' id='line_1_33' title="bbox 710 2486 3079 2574; baseline -0.004 -14"><span class='ocrx_word' id='word_1_328' title='bbox 710 2502 1003 2571; x_wconf 89' lang='lat' dir='ltr'><strong>tuentur,</strong></span> <span class='ocrx_word' id='word_1_329' title='bbox 1052 2502 1118 2557; x_wconf 91' lang='lat' dir='ltr'><strong>et</strong></span> <span class='ocrx_word' id='word_1_330' title='bbox 1154 2500 1305 2556; x_wconf 89' lang='lat' dir='ltr'><strong>ante</strong></span> <span class='ocrx_word' id='word_1_331' title='bbox 1342 2492 1683 2574; x_wconf 82' lang='lat' dir='ltr'><strong>sequentia</strong></span> <span class='ocrx_word' id='word_1_332' title='bbox 1718 2488 1963 2567; x_wconf 82' lang='lat' dir='ltr'><strong>vident,</strong></span> <span class='ocrx_word' id='word_1_333' title='bbox 2001 2511 2199 2572; x_wconf 89' lang='lat' dir='ltr'><strong>quam</strong></span> <span class='ocrx_word' id='word_1_334' title='bbox 2233 2488 2451 2571; x_wconf 87' lang='lat' dir='ltr'><strong>priora</strong></span> <span class='ocrx_word' id='word_1_335' title='bbox 2487 2486 2670 2550; x_wconf 88' lang='lat' dir='ltr'><strong>dixe·</strong></span> <span class='ocrx_word' id='word_1_336' title='bbox 2776 2488 3079 2570; x_wconf 91' lang='lat' dir='ltr'><strong>loquens:</strong></span> 
     </span>
     <span class='ocr_line' id='line_1_34' title="bbox 711 2573 2385 2665; baseline -0.004 -20"><span class='ocrx_word' id='word_1_337' title='bbox 711 2588 888 2645; x_wconf 85' lang='lat' dir='ltr'><strong>runt.</strong></span> <span class='ocrx_word' id='word_1_338' title='bbox 972 2578 1156 2665; x_wconf 63' lang='lat' dir='ltr'><strong>Galli</strong></span> <span class='ocrx_word' id='word_1_339' title='bbox 1199 2578 1429 2662; x_wconf 85' lang='lat' dir='ltr'><strong>lingua</strong></span> <span class='ocrx_word' id='word_1_340' title='bbox 1473 2576 1829 2642; x_wconf 84' lang='lat' dir='ltr'><strong>vernacula</strong></span> <span class='ocrx_word' id='word_1_341' title='bbox 1870 2596 2097 2641; x_wconf 90' lang='lat' dir='ltr'><strong>rusam</strong></span> <span class='ocrx_word' id='word_1_342' title='bbox 2144 2573 2385 2645; x_wconf 82' lang='lat' dir='ltr'><strong>dicunt.</strong></span> 
     </span>
     <span class='ocr_line' id='line_1_35' title="bbox 890 2658 2672 2746; baseline -0.004 -16"><span class='ocrx_word' id='word_1_343' title='bbox 890 2664 1249 2730; x_wconf 78' lang='lat' dir='ltr'><strong>Tribunum</strong></span> <span class='ocrx_word' id='word_1_344' title='bbox 1293 2665 1824 2744; x_wconf 74' lang='lat' dir='ltr'><strong>centurionemque</strong></span> <span class='ocrx_word' id='word_1_345' title='bbox 1866 2663 1954 2727; x_wconf 82' lang='lat' dir='ltr'><strong>da</strong></span> <span class='ocrx_word' id='word_1_346' title='bbox 1995 2659 2280 2746; x_wconf 81' lang='lat' dir='ltr'><strong>saevum]</strong></span> <span class='ocrx_word' id='word_1_347' title='bbox 2338 2660 2470 2724; x_wconf 84' lang='lat' dir='ltr'><strong>Hic</strong></span> <span class='ocrx_word' id='word_1_348' title='bbox 2514 2658 2672 2723; x_wconf 92' lang='lat' dir='ltr'><strong>o&#39;rdo</strong></span> 
     </span>
     <span class='ocr_line' id='line_1_36' title="bbox 709 2744 2673 2835; baseline -0.005 -18"><span class='ocrx_word' id='word_1_349' title='bbox 709 2758 814 2817; x_wconf 92' lang='lat' dir='ltr'><strong>est</strong></span> <span class='ocrx_word' id='word_1_350' title='bbox 858 2751 1248 2835; x_wconf 89' lang='lat' dir='ltr'><strong>disciplinae</strong></span> <span class='ocrx_word' id='word_1_351' title='bbox 1293 2749 1631 2827; x_wconf 89' lang='lat' dir='ltr'><strong>militaris,</strong></span> <span class='ocrx_word' id='word_1_352' title='bbox 1678 2758 1754 2813; x_wconf 86' lang='lat' dir='ltr'><strong>ut</strong></span> <span class='ocrx_word' id='word_1_353' title='bbox 1799 2747 2214 2813; x_wconf 89' lang='lat' dir='ltr'><strong>centuriones</strong></span> <span class='ocrx_word' id='word_1_354' title='bbox 2258 2744 2673 2811; x_wconf 89' lang='lat' dir='ltr'><strong>tribunorum</strong></span> 
     </span>
     <span class='ocr_line' id='line_1_37' title="bbox 707 2832 2670 2921; baseline -0.005 -19"><span class='ocrx_word' id='word_1_355' title='bbox 707 2837 987 2921; x_wconf 90' lang='lat' dir='ltr'><strong>imperio</strong></span> <span class='ocrx_word' id='word_1_356' title='bbox 1024 2845 1317 2920; x_wconf 87' lang='lat' dir='ltr'><strong>pareant,</strong></span> <span class='ocrx_word' id='word_1_357' title='bbox 1354 2835 1612 2917; x_wconf 83' lang='lat' dir='ltr'><strong>&#39;tribuni</strong></span> <span class='ocrx_word' id='word_1_358' title='bbox 1656 2834 2041 2919; x_wconf 88' lang='lat' dir='ltr'><strong>legatorum,</strong></span> <span class='ocrx_word' id='word_1_359' title='bbox 2085 2832 2285 2917; x_wconf 84' lang='lat' dir='ltr'><strong>legati</strong></span> <span class='ocrx_word' id='word_1_360' title='bbox 2332 2832 2670 2897; x_wconf 86' lang='lat' dir='ltr'><strong>consulum</strong></span> 
     </span>
     <span class='ocr_line' id='line_1_38' title="bbox 710 2919 2673 3008; baseline -0.005 -19"><span class='ocrx_word' id='word_1_361' title='bbox 710 2925 1019 3008; x_wconf 88' lang='lat' dir='ltr'><strong>potestati</strong></span> <span class='ocrx_word' id='word_1_362' title='bbox 1076 2921 1339 2988; x_wconf 87' lang='lat' dir='ltr'><strong>obnoxii</strong></span> <span class='ocrx_word' id='word_1_363' title='bbox 1419 2922 1571 2986; x_wconf 86' lang='lat' dir='ltr'><strong>sint.</strong></span> <span class='ocrx_word' id='word_1_364' title='bbox 1664 2920 2099 2986; x_wconf 86' lang='lat' dir='ltr'><strong>Centuriones</strong></span> <span class='ocrx_word' id='word_1_365' title='bbox 2151 2919 2340 2984; x_wconf 85' lang='lat' dir='ltr'><strong>enim</strong></span> <span class='ocrx_word' id='word_1_366' title='bbox 2408 2925 2673 2982; x_wconf 90' lang='lat' dir='ltr'><strong>centum</strong></span> 
     </span>
     <span class='ocr_line' id='line_1_39' title="bbox 711 3002 2675 3094; baseline -0.005 -18"><span class='ocrx_word' id='word_1_367' title='bbox 711 3008 1037 3076; x_wconf 87' lang='lat' dir='ltr'><strong>militibus</strong></span> <span class='ocrx_word' id='word_1_368' title='bbox 1081 3016 1449 3094; x_wconf 88' lang='lat' dir='ltr'><strong>praeerant,</strong></span> <span class='ocrx_word' id='word_1_369' title='bbox 1496 3007 1748 3073; x_wconf 88' lang='lat' dir='ltr'><strong>tribuni</strong></span> <span class='ocrx_word' id='word_1_370' title='bbox 1791 3006 2094 3084; x_wconf 89' lang='lat' dir='ltr'><strong>millenis,</strong></span> <span class='ocrx_word' id='word_1_371' title='bbox 2143 3003 2225 3070; x_wconf 92' lang='lat' dir='ltr'><strong>ob</strong></span> <span class='ocrx_word' id='word_1_372' title='bbox 2270 3003 2338 3068; x_wconf 92' lang='lat' dir='ltr'><strong>id</strong></span> <span class='ocrx_word' id='word_1_373' title='bbox 2379 3025 2418 3069; x_wconf 88' lang='lat' dir='ltr'><strong>a</strong></span> <span class='ocrx_word' id='word_1_374' title='bbox 2463 3002 2675 3068; x_wconf 86' lang='lat' dir='ltr'><strong>Grae-</strong></span> 
     </span>
     <span class='ocr_line' id='line_1_40' title="bbox 712 3088 2676 3178; baseline -0.006 -16"><span class='ocrx_word' id='word_1_375' title='bbox 712 3098 808 3162; x_wconf 85' lang='lat' dir='ltr'><strong>cis</strong></span> <span class='ocrx_word' id='word_1_376' title='bbox 851 3103 1156 3178; x_wconf 74' lang='grc' dir='ltr'><strong><em>χιλίαρχοι</em></strong></span> <span class='ocrx_word' id='word_1_377' title='bbox 1201 3095 1375 3173; x_wconf 89' lang='lat' dir='ltr'><strong>dicti,</strong></span> <span class='ocrx_word' id='word_1_378' title='bbox 1421 3116 1547 3177; x_wconf 90' lang='lat' dir='ltr'><strong>quo</strong></span> <span class='ocrx_word' id='word_1_379' title='bbox 1593 3095 1858 3158; x_wconf 89' lang='lat' dir='ltr'><strong>nomine</strong></span> <span class='ocrx_word' id='word_1_380' title='bbox 1904 3094 2116 3156; x_wconf 89' lang='lat' dir='ltr'><strong>utitur</strong></span> <span class='ocrx_word' id='word_1_381' title='bbox 2159 3092 2355 3156; x_wconf 87' lang='lat' dir='ltr'><strong>etiam</strong></span> <span class='ocrx_word' id='word_1_382' title='bbox 2402 3088 2676 3154; x_wconf 88' lang='lat' dir='ltr'><strong>Curtius</strong></span> 
     </span>
     <span class='ocr_line' id='line_1_41' title="bbox 712 3175 2673 3265; baseline -0.005 -17"><span class='ocrx_word' id='word_1_383' title='bbox 712 3184 882 3250; x_wconf 91' lang='lat' dir='ltr'><strong>libro</strong></span> <span class='ocrx_word' id='word_1_384' title='bbox 927 3183 1010 3246; x_wconf 87' lang='lat' dir='ltr'><strong>V.</strong></span> <span class='ocrx_word' id='word_1_385' title='bbox 1114 3180 1189 3246; x_wconf 77' lang='lat' dir='ltr'><strong>Si</strong></span> <span class='ocrx_word' id='word_1_386' title='bbox 1257 3202 1414 3265; x_wconf 88' lang='lat' dir='ltr'><strong>ergo</strong></span> <span class='ocrx_word' id='word_1_387' title='bbox 1477 3189 1589 3244; x_wconf 91' lang='lat' dir='ltr'><strong>aut</strong></span> <span class='ocrx_word' id='word_1_388' title='bbox 1663 3179 2081 3244; x_wconf 82' lang='lat' dir='ltr'><strong>centuriones</strong></span> <span class='ocrx_word' id='word_1_389' title='bbox 2144 3178 2280 3241; x_wconf 85' lang='lat' dir='ltr'><strong>suis</strong></span> <span class='ocrx_word' id='word_1_390' title='bbox 2338 3175 2673 3254; x_wconf 88' lang='lat' dir='ltr'><strong>centuriis,</strong></span> 
     </span>
     <span class='ocr_line' id='line_1_42' title="bbox 716 3262 2675 3345; baseline -0.005 -11"><span class='ocrx_word' id='word_1_391' title='bbox 716 3276 833 3334; x_wconf 89' lang='lat' dir='ltr'><strong>aut</strong></span> <span class='ocrx_word' id='word_1_392' title='bbox 891 3267 1137 3332; x_wconf 86' lang='lat' dir='ltr'><strong>tribuni</strong></span> <span class='ocrx_word' id='word_1_393' title='bbox 1199 3269 1335 3332; x_wconf 89' lang='lat' dir='ltr'><strong>suis</strong></span> <span class='ocrx_word' id='word_1_394' title='bbox 1391 3264 1779 3331; x_wconf 87' lang='lat' dir='ltr'><strong>chiliadibus</strong></span> <span class='ocrx_word' id='word_1_395' title='bbox 1824 3264 1919 3326; x_wconf 88' lang='lat' dir='ltr'><strong>ita</strong></span> <span class='ocrx_word' id='word_1_396' title='bbox 1973 3263 2319 3345; x_wconf 90' lang='lat' dir='ltr'><strong>imperiose</strong></span> <span class='ocrx_word' id='word_1_397' title='bbox 2362 3262 2675 3344; x_wconf 88' lang='lat' dir='ltr'><strong>praesint,</strong></span> 
     </span>
     <span class='ocr_line' id='line_1_43' title="bbox 714 3346 2677 3430; baseline -0.004 -12"><span class='ocrx_word' id='word_1_398' title='bbox 714 3364 793 3418; x_wconf 91' lang='lat' dir='ltr'><strong>ut</strong></span> <span class='ocrx_word' id='word_1_399' title='bbox 835 3354 1114 3418; x_wconf 89' lang='lat' dir='ltr'><strong>minima</strong></span> <span class='ocrx_word' id='word_1_400' title='bbox 1160 3354 1357 3417; x_wconf 88' lang='lat' dir='ltr'><strong>etiam</strong></span> <span class='ocrx_word' id='word_1_401' title='bbox 1417 3350 1654 3416; x_wconf 85' lang='lat' dir='ltr'><strong>delicta</strong></span> <span class='ocrx_word' id='word_1_402' title='bbox 1697 3350 2106 3415; x_wconf 82' lang='lat' dir='ltr'><strong>severissime</strong></span> <span class='ocrx_word' id='word_1_403' title='bbox 2149 3347 2509 3430; x_wconf 86' lang='lat' dir='ltr'><strong>excipiant,</strong></span> <span class='ocrx_word' id='word_1_404' title='bbox 2565 3346 2677 3411; x_wconf 93' lang='lat' dir='ltr'><strong>de-</strong></span> 
     </span>
     <span class='ocr_line' id='line_1_44' title="bbox 717 3434 2679 3519; baseline -0.003 -15"><span class='ocrx_word' id='word_1_405' title='bbox 717 3446 1003 3504; x_wconf 89' lang='lat' dir='ltr'><strong>sertores</strong></span> <span class='ocrx_word' id='word_1_406' title='bbox 1036 3438 1331 3503; x_wconf 78' lang='lat' dir='ltr'><strong>faciunt.</strong></span> <span class='ocrx_word' id='word_1_407' title='bbox 1439 3435 1700 3517; x_wconf 90' lang='lat' dir='ltr'><strong>Quibus</strong></span> <span class='ocrx_word' id='word_1_408' title='bbox 1766 3443 1989 3500; x_wconf 88' lang='lat' dir='ltr'><strong>tamen</strong></span> <span class='ocrx_word' id='word_1_409' title='bbox 2057 3434 2454 3519; x_wconf 86' lang='lat' dir='ltr'><strong>ignoscitur,</strong></span> <span class='ocrx_word' id='word_1_410' title='bbox 2522 3434 2679 3516; x_wconf 91' lang='lat' dir='ltr'><strong>quia</strong></span> 
     </span>
     <span class='ocr_line' id='line_1_45' title="bbox 718 3520 2676 3606; baseline -0.003 -16"><span class='ocrx_word' id='word_1_411' title='bbox 718 3524 912 3606; x_wconf 92' lang='lat' dir='ltr'><strong>culpa</strong></span> <span class='ocrx_word' id='word_1_412' title='bbox 955 3524 1170 3588; x_wconf 91' lang='lat' dir='ltr'><strong>omnis</strong></span> <span class='ocrx_word' id='word_1_413' title='bbox 1213 3525 1285 3587; x_wconf 91' lang='lat' dir='ltr'><strong>in</strong></span> <span class='ocrx_word' id='word_1_414' title='bbox 1329 3543 1438 3587; x_wconf 91' lang='lat' dir='ltr'><strong>eos</strong></span> <span class='ocrx_word' id='word_1_415' title='bbox 1479 3523 1831 3598; x_wconf 85' lang='lat' dir='ltr'><strong>confertur,</strong></span> <span class='ocrx_word' id='word_1_416' title='bbox 1922 3541 2157 3585; x_wconf 89' lang='lat' dir='ltr'><strong>uorum</strong></span> <span class='ocrx_word' id='word_1_417' title='bbox 2201 3520 2475 3586; x_wconf 83' lang='lat' dir='ltr'><strong>saevitia</strong></span> <span class='ocrx_word' id='word_1_418' title='bbox 2520 3541 2676 3585; x_wconf 90' lang='lat' dir='ltr'><strong>cau-</strong></span> 
     </span>
     <span class='ocr_line' id='line_1_46' title="bbox 717 3543 2678 3690; baseline -0.002 -16"><span class='ocrx_word' id='word_1_419' title='bbox 717 3631 863 3674; x_wconf 91' lang='lat' dir='ltr'><strong>sam</strong></span> <span class='ocrx_word' id='word_1_420' title='bbox 908 3607 1088 3673; x_wconf 91' lang='lat' dir='ltr'><strong>dedit</strong></span> <span class='ocrx_word' id='word_1_421' title='bbox 1130 3629 1247 3673; x_wconf 89' lang='lat' dir='ltr'><strong>cur</strong></span> <span class='ocrx_word' id='word_1_422' title='bbox 1291 3608 1683 3672; x_wconf 88' lang='lat' dir='ltr'><strong>desererent.</strong></span> <span class='ocrx_word' id='word_1_423' title='bbox 1753 3604 1866 3673; x_wconf 85' lang='lat' dir='ltr'><strong>Sic</strong></span> <span class='ocrx_word' id='word_1_424' title='bbox 1880 3543 2155 3690; x_wconf 52' lang='lat' dir='ltr'><strong>(legitur</strong></span> <span class='ocrx_word' id='word_1_425' title='bbox 2198 3604 2374 3690; x_wconf 90' lang='lat' dir='ltr'><strong>apud</strong></span> <span class='ocrx_word' id='word_1_426' title='bbox 2408 3605 2678 3671; x_wconf 81' lang='lat' dir='ltr'><strong>Livium</strong></span> 
     </span>
     <span class='ocr_line' id='line_1_47' title="bbox 719 3687 2675 3779; baseline -0.002 -21"><span class='ocrx_word' id='word_1_427' title='bbox 719 3695 802 3758; x_wconf 92' lang='lat' dir='ltr'><strong>de</strong></span> <span class='ocrx_word' id='word_1_428' title='bbox 856 3695 1076 3779; x_wconf 90' lang='lat' dir='ltr'><strong>Appio</strong></span> <span class='ocrx_word' id='word_1_429' title='bbox 1132 3694 1248 3758; x_wconf 90' lang='lat' dir='ltr'><strong>illo</strong></span> <span class='ocrx_word' id='word_1_430' title='bbox 1294 3695 1433 3759; x_wconf 86' lang='lat' dir='ltr'><strong>viro</strong></span> <span class='ocrx_word' id='word_1_431' title='bbox 1487 3714 1716 3776; x_wconf 86' lang='lat' dir='ltr'><strong>aspero</strong></span> <span class='ocrx_word' id='word_1_432' title='bbox 1761 3687 1838 3757; x_wconf 82' lang='lat' dir='ltr'><strong>&#39;et</strong></span> <span class='ocrx_word' id='word_1_433' title='bbox 1891 3692 2320 3768; x_wconf 88' lang='lat' dir='ltr'><strong>intractabili,</strong></span> <span class='ocrx_word' id='word_1_434' title='bbox 2380 3691 2548 3757; x_wconf 90' lang='lat' dir='ltr'><strong>libro</strong></span> <span class='ocrx_word' id='word_1_435' title='bbox 2583 3690 2675 3755; x_wconf 89' lang='lat'><strong>11.</strong></span> 
     </span>
     <span class='ocr_line' id='line_1_48' title="bbox 717 3777 2679 3864; baseline -0.003 -17"><span class='ocrx_word' id='word_1_436' title='bbox 717 3781 908 3847; x_wconf 86' lang='lat' dir='ltr'><strong>Haec</strong></span> <span class='ocrx_word' id='word_1_437' title='bbox 949 3782 1069 3861; x_wconf 88' lang='lat' dir='ltr'><strong>ira,</strong></span> <span class='ocrx_word' id='word_1_438' title='bbox 1114 3782 1357 3864; x_wconf 89' lang='lat' dir='ltr'><strong>inquit,</strong></span> <span class='ocrx_word' id='word_1_439' title='bbox 1404 3780 1895 3862; x_wconf 88' lang='lat' dir='ltr'><strong>indignatioque</strong></span> <span class='ocrx_word' id='word_1_440' title='bbox 1938 3778 2021 3843; x_wconf 84' lang='lat' dir='ltr'><strong>ad</strong></span> <span class='ocrx_word' id='word_1_441' title='bbox 2062 3777 2439 3845; x_wconf 84' lang='lat' dir='ltr'><strong>vexandum</strong></span> <span class='ocrx_word' id='word_1_442' title='bbox 2483 3799 2679 3843; x_wconf 82' lang='lat' dir='ltr'><strong>saevo</strong></span> 
     </span>
     <span class='ocr_line' id='line_1_49' title="bbox 718 3862 2679 3952; baseline -0.003 -19"><span class='ocrx_word' id='word_1_443' title='bbox 718 3868 998 3952; x_wconf 87' lang='lat' dir='ltr'><strong>imperio</strong></span> <span class='ocrx_word' id='word_1_444' title='bbox 1054 3868 1417 3932; x_wconf 85' lang='lat' dir='ltr'><strong>exercitum</strong></span> <span class='ocrx_word' id='word_1_445' title='bbox 1464 3866 1882 3936; x_wconf 85' lang='lat' dir='ltr'><strong>stimulabat:</strong></span> <span class='ocrx_word' id='word_1_446' title='bbox 1941 3887 2060 3931; x_wconf 90' lang='lat' dir='ltr'><strong>nec</strong></span> <span class='ocrx_word' id='word_1_447' title='bbox 2115 3865 2252 3950; x_wconf 90' lang='lat' dir='ltr'><strong>ulla</strong></span> <span class='ocrx_word' id='word_1_448' title='bbox 2306 3866 2373 3930; x_wconf 82' lang='lat' dir='ltr'><strong>vi</strong></span> <span class='ocrx_word' id='word_1_449' title='bbox 2427 3862 2679 3928; x_wconf 88' lang='lat' dir='ltr'><strong>domari</strong></span> 
     </span>
     <span class='ocr_line' id='line_1_50' title="bbox 720 3950 2682 4039; baseline -0.003 -20"><span class='ocrx_word' id='word_1_450' title='bbox 720 3962 999 4039; x_wconf 84' lang='lat' dir='ltr'><strong>poterat,</strong></span> <span class='ocrx_word' id='word_1_451' title='bbox 1044 3961 1435 4035; x_wconf 89' lang='lat' dir='ltr'><strong>tantumque</strong></span> <span class='ocrx_word' id='word_1_452' title='bbox 1473 3960 1803 4016; x_wconf 89' lang='lat' dir='ltr'><strong>certamen</strong></span> <span class='ocrx_word' id='word_1_453' title='bbox 1844 3951 2083 4016; x_wconf 88' lang='lat' dir='ltr'><strong>animis</strong></span> <span class='ocrx_word' id='word_1_454' title='bbox 2125 3950 2492 4027; x_wconf 89' lang='lat' dir='ltr'><strong>imbiberat,</strong></span> <span class='ocrx_word' id='word_1_455' title='bbox 2534 3970 2682 4034; x_wconf 85' lang='lat' dir='ltr'><strong>seg-</strong></span> 
     </span>
     <span class='ocr_line' id='line_1_51' title="bbox 722 3989 2739 4156; baseline -0.003 -51"><span class='ocrx_word' id='word_1_456' title='bbox 722 4042 915 4118; x_wconf 89' lang='lat' dir='ltr'><strong>niter,</strong></span> <span class='ocrx_word' id='word_1_457' title='bbox 955 4041 1181 4118; x_wconf 88' lang='lat' dir='ltr'><strong>otiose,</strong></span> <span class='ocrx_word' id='word_1_458' title='bbox 1221 4038 1651 4122; x_wconf 85' lang='lat' dir='ltr'><strong>negligenter,</strong></span> <span class='ocrx_word' id='word_1_459' title='bbox 1691 4038 2167 4103; x_wconf 89' lang='lat' dir='ltr'><strong>contumaciter</strong></span> <span class='ocrx_word' id='word_1_460' title='bbox 2200 4037 2422 4100; x_wconf 87' lang='lat' dir='ltr'><strong>omnia</strong></span> <span class='ocrx_word' id='word_1_461' title='bbox 2457 4057 2679 4119; x_wconf 86' lang='lat' dir='ltr'><strong>agere:</strong></span> <span class='ocrx_word' id='word_1_462' title='bbox 2733 3989 2739 4156; x_wconf 60' lang='grc' dir='ltr'>ι</span> 
     </span>
     <span class='ocr_line' id='line_1_52' title="bbox 723 4120 2697 4210; baseline -0.003 -19"><span class='ocrx_word' id='word_1_463' title='bbox 723 4148 846 4191; x_wconf 90' lang='lat' dir='ltr'><strong>nec</strong></span> <span class='ocrx_word' id='word_1_464' title='bbox 901 4126 1143 4210; x_wconf 89' lang='lat' dir='ltr'><strong>pudor,</strong></span> <span class='ocrx_word' id='word_1_465' title='bbox 1204 4145 1322 4188; x_wconf 89' lang='lat' dir='ltr'><strong>nec</strong></span> <span class='ocrx_word' id='word_1_466' title='bbox 1380 4134 1595 4188; x_wconf 87' lang='lat' dir='ltr'><strong>metus</strong></span> <span class='ocrx_word' id='word_1_467' title='bbox 1652 4121 2006 4196; x_wconf 82' lang='lat' dir='ltr'><strong>coercebat.</strong></span> <span class='ocrx_word' id='word_1_468' title='bbox 2112 4120 2189 4187; x_wconf 82' lang='lat' dir='ltr'><strong>Si</strong></span> <span class='ocrx_word' id='word_1_469' title='bbox 2248 4122 2439 4187; x_wconf 88' lang='lat' dir='ltr'><strong>citius</strong></span> <span class='ocrx_word' id='word_1_470' title='bbox 2483 4121 2697 4210; x_wconf 47' lang='lat' dir='ltr'><strong>vellet⁸</strong></span> 
     </span>
     <span class='ocr_line' id='line_1_53' title="bbox 720 4207 2687 4296; baseline -0.003 -20"><span class='ocrx_word' id='word_1_471' title='bbox 720 4213 832 4296; x_wconf 87' lang='lat' dir='ltr'><strong>agi</strong></span> <span class='ocrx_word' id='word_1_472' title='bbox 874 4234 1131 4296; x_wconf 86' lang='lat' dir='ltr'><strong>agmen,</strong></span> <span class='ocrx_word' id='word_1_473' title='bbox 1178 4209 1433 4275; x_wconf 89' lang='lat' dir='ltr'><strong>tardius</strong></span> <span class='ocrx_word' id='word_1_474' title='bbox 1491 4208 1715 4274; x_wconf 89' lang='lat' dir='ltr'><strong>sedulo</strong></span> <span class='ocrx_word' id='word_1_475' title='bbox 1772 4207 2091 4274; x_wconf 88' lang='lat' dir='ltr'><strong>incedere.</strong></span> <span class='ocrx_word' id='word_1_476' title='bbox 2182 4207 2258 4273; x_wconf 75' lang='lat' dir='ltr'><strong>Si</strong></span> <span class='ocrx_word' id='word_1_477' title='bbox 2302 4207 2687 4272; x_wconf 88' lang='lat' dir='ltr'><strong>adhortator</strong></span> 
     </span>
     <span class='ocr_line' id='line_1_54' title="bbox 723 4294 2685 4381; baseline -0.003 -19"><span class='ocrx_word' id='word_1_478' title='bbox 723 4299 941 4381; x_wconf 86' lang='lat' dir='ltr'><strong>operis</strong></span> <span class='ocrx_word' id='word_1_479' title='bbox 984 4296 1271 4376; x_wconf 86' lang='lat' dir='ltr'><strong>adesset,</strong></span> <span class='ocrx_word' id='word_1_480' title='bbox 1329 4319 1556 4361; x_wconf 90' lang='lat' dir='ltr'><strong>omnes</strong></span> <span class='ocrx_word' id='word_1_481' title='bbox 1600 4318 1720 4360; x_wconf 88' lang='lat' dir='ltr'><strong>sua</strong></span> <span class='ocrx_word' id='word_1_482' title='bbox 1776 4304 2009 4379; x_wconf 88' lang='lat' dir='ltr'><strong>sponte</strong></span> <span class='ocrx_word' id='word_1_483' title='bbox 2062 4302 2309 4357; x_wconf 88' lang='lat' dir='ltr'><strong>motam</strong></span> <span class='ocrx_word' id='word_1_484' title='bbox 2351 4294 2685 4358; x_wconf 87' lang='lat' dir='ltr'><strong>remittere</strong></span> 
     </span>
     <span class='ocr_line' id='line_1_55' title="bbox 719 4380 2686 4466; baseline -0.004 -17"><span class='ocrx_word' id='word_1_485' title='bbox 719 4382 1148 4461; x_wconf 88' lang='lat' dir='ltr'><strong>industriam,</strong></span> <span class='ocrx_word' id='word_1_486' title='bbox 1195 4384 1524 4466; x_wconf 85' lang='lat' dir='ltr'><strong>praesenti</strong></span> <span class='ocrx_word' id='word_1_487' title='bbox 1573 4382 1798 4447; x_wconf 84' lang='lat' dir='ltr'><strong>vultus</strong></span> <span class='ocrx_word' id='word_1_488' title='bbox 1842 4381 2216 4457; x_wconf 85' lang='lat' dir='ltr'><strong>demittere,</strong></span> <span class='ocrx_word' id='word_1_489' title='bbox 2260 4380 2454 4443; x_wconf 84' lang='lat' dir='ltr'><strong>tacite</strong></span> <span class='ocrx_word' id='word_1_490' title='bbox 2496 4400 2686 4461; x_wconf 88' lang='lat' dir='ltr'><strong>prae-</strong></span> 
     </span>
    </p>
   </div>
   <div class='ocr_carea' id='block_1_4' title="bbox 720 4468 4754 5065">
    <p class='ocr_par' dir='ltr' id='par_1_6' title="bbox 720 4468 4739 4551">
     <span class='ocr_line' id='line_1_56' title="bbox 720 4468 4739 4551; baseline -0.001 -16"><span class='ocrx_word' id='word_1_491' title='bbox 720 4477 1094 4535; x_wconf 86' lang='lat' dir='ltr'><strong>tereuntem</strong></span> <span class='ocrx_word' id='word_1_492' title='bbox 1138 4469 1481 4534; x_wconf 86' lang='lat' dir='ltr'><strong>exsecrari.</strong></span> <span class='ocrx_word' id='word_1_493' title='bbox 2390 4515 2395 4518; x_wconf 89' lang='lat'>-</span> <span class='ocrx_word' id='word_1_494' title='bbox 2791 4493 2972 4535; x_wconf 88' lang='lat' dir='ltr'><strong>mum</strong></span> <span class='ocrx_word' id='word_1_495' title='bbox 3017 4471 3155 4534; x_wconf 89' lang='lat' dir='ltr'><strong>eius</strong></span> <span class='ocrx_word' id='word_1_496' title='bbox 3201 4468 3474 4544; x_wconf 89' lang='lat' dir='ltr'><strong>obtudit,</strong></span> <span class='ocrx_word' id='word_1_497' title='bbox 3516 4477 3584 4532; x_wconf 89' lang='lat' dir='ltr'><strong>et</strong></span> <span class='ocrx_word' id='word_1_498' title='bbox 3606 4469 3921 4551; x_wconf 88' lang='lat' dir='ltr'><strong>gladium.</strong></span> <span class='ocrx_word' id='word_1_499' title='bbox 3980 4469 4432 4549; x_wconf 74' lang='lat' dir='ltr'><strong>Quintilianus</strong></span> <span class='ocrx_word' id='word_1_500' title='bbox 4456 4470 4620 4534; x_wconf 85' lang='lat' dir='ltr'><strong>libro</strong></span> <span class='ocrx_word' id='word_1_501' title='bbox 4646 4469 4739 4532; x_wconf 83' lang='lat' dir='ltr'><strong>X.</strong></span> 
     </span>
    </p>

    <p class='ocr_par' dir='ltr' id='par_1_7' title="bbox 723 4550 4754 5065">
     <span class='ocr_line' id='line_1_57' title="bbox 806 4550 4750 4652; baseline 0 -33"><span class='ocrx_word' id='word_1_502' title='bbox 806 4633 815 4643; x_wconf 21' lang='grc' dir='ltr'>ὓ</span> <span class='ocrx_word' id='word_1_503' title='bbox 897 4553 1288 4640; x_wconf 76' lang='lat' dir='ltr'><strong>Desertores]</strong></span> <span class='ocrx_word' id='word_1_504' title='bbox 1336 4553 1655 4619; x_wconf 87' lang='lat' dir='ltr'><strong>Desertor</strong></span> <span class='ocrx_word' id='word_1_505' title='bbox 1698 4563 1799 4618; x_wconf 88' lang='lat' dir='ltr'><strong>est</strong></span> <span class='ocrx_word' id='word_1_506' title='bbox 1840 4553 1953 4636; x_wconf 91' lang='lat' dir='ltr'><strong>qui</strong></span> <span class='ocrx_word' id='word_1_507' title='bbox 1988 4574 2107 4634; x_wconf 90' lang='lat' dir='ltr'><strong>per</strong></span> <span class='ocrx_word' id='word_1_508' title='bbox 2144 4550 2476 4634; x_wconf 87' lang='lat' dir='ltr'><strong>prolixum</strong></span> <span class='ocrx_word' id='word_1_509' title='bbox 2519 4560 2685 4614; x_wconf 88' lang='lat' dir='ltr'><strong>tem·</strong></span> <span class='ocrx_word' id='word_1_510' title='bbox 2737 4561 2744 4652; x_wconf 63' lang='grc' dir='ltr'>Ι</span> <span class='ocrx_word' id='word_1_511' title='bbox 2791 4558 2962 4621; x_wconf 89' lang='lat' dir='ltr'><strong>Nam</strong></span> <span class='ocrx_word' id='word_1_512' title='bbox 3004 4557 3059 4621; x_wconf 90' lang='lat' dir='ltr'><strong>si</strong></span> <span class='ocrx_word' id='word_1_513' title='bbox 3104 4557 3292 4620; x_wconf 92' lang='lat' dir='ltr'><strong>nobis</strong></span> <span class='ocrx_word' id='word_1_514' title='bbox 3336 4555 3476 4620; x_wconf 89' lang='lat' dir='ltr'><strong>sola</strong></span> <span class='ocrx_word' id='word_1_515' title='bbox 3517 4555 3792 4619; x_wconf 89' lang='lat' dir='ltr'><strong>materia</strong></span> <span class='ocrx_word' id='word_1_516' title='bbox 3833 4556 4036 4621; x_wconf 85' lang='lat' dir='ltr'><strong>fuerit</strong></span> <span class='ocrx_word' id='word_1_517' title='bbox 4069 4579 4153 4621; x_wconf 87' lang='lat' dir='ltr'><strong>ex</strong></span> <span class='ocrx_word' id='word_1_518' title='bbox 4187 4555 4430 4634; x_wconf 88' lang='lat' dir='ltr'><strong>litibus,</strong></span> <span class='ocrx_word' id='word_1_519' title='bbox 4475 4574 4750 4620; x_wconf 86' lang='lat' dir='ltr'><strong>neeesse</strong></span> 
     </span>
     <span class='ocr_line' id='line_1_58' title="bbox 723 4636 4753 4726; baseline 0.001 -23"><span class='ocrx_word' id='word_1_520' title='bbox 723 4663 848 4726; x_wconf 87' lang='lat' dir='ltr'><strong>pus</strong></span> <span class='ocrx_word' id='word_1_521' title='bbox 893 4649 1239 4724; x_wconf 83' lang='lat' dir='ltr'><strong>evagatus,</strong></span> <span class='ocrx_word' id='word_1_522' title='bbox 1288 4638 1371 4702; x_wconf 88' lang='lat' dir='ltr'><strong>ad</strong></span> <span class='ocrx_word' id='word_1_523' title='bbox 1415 4650 1633 4705; x_wconf 88' lang='lat' dir='ltr'><strong>castra</strong></span> <span class='ocrx_word' id='word_1_524' title='bbox 1676 4639 2039 4704; x_wconf 87' lang='lat' dir='ltr'><strong>reducitur:</strong></span> <span class='ocrx_word' id='word_1_525' title='bbox 2095 4646 2173 4702; x_wconf 85' lang='lat' dir='ltr'><strong>ut</strong></span> <span class='ocrx_word' id='word_1_526' title='bbox 2215 4636 2418 4701; x_wconf 82' lang='lat' dir='ltr'><strong>tradit</strong></span> <span class='ocrx_word' id='word_1_527' title='bbox 2458 4637 2687 4701; x_wconf 83' lang='lat' dir='ltr'><strong>Mode—</strong></span> <span class='ocrx_word' id='word_1_528' title='bbox 2794 4650 2895 4708; x_wconf 89' lang='lat' dir='ltr'><strong>est</strong></span> <span class='ocrx_word' id='word_1_529' title='bbox 2954 4642 3288 4705; x_wconf 89' lang='lat' dir='ltr'><strong>deteratur</strong></span> <span class='ocrx_word' id='word_1_530' title='bbox 3341 4641 3586 4724; x_wconf 84' lang='lat' dir='ltr'><strong>fulgor,</strong></span> <span class='ocrx_word' id='word_1_531' title='bbox 3643 4639 3713 4704; x_wconf 85' lang='lat' dir='ltr'><strong>‘et</strong></span> <span class='ocrx_word' id='word_1_532' title='bbox 3769 4641 4072 4707; x_wconf 88' lang='lat' dir='ltr'><strong>durescat</strong></span> <span class='ocrx_word' id='word_1_533' title='bbox 4115 4641 4460 4717; x_wconf 84' lang='lat' dir='ltr'><strong>articulus,</strong></span> <span class='ocrx_word' id='word_1_534' title='bbox 4503 4651 4569 4704; x_wconf 89' lang='lat' dir='ltr'><strong>et</strong></span> <span class='ocrx_word' id='word_1_535' title='bbox 4601 4641 4753 4723; x_wconf 89' lang='lat' dir='ltr'><strong>ipse</strong></span> 
     </span>
     <span class='ocr_line' id='line_1_59' title="bbox 725 4659 4750 4814; baseline -0.001 -18"><span class='ocrx_word' id='word_1_536' title='bbox 725 4730 944 4794; x_wconf 85' lang='lat' dir='ltr'><strong>stinus</strong></span> <span class='ocrx_word' id='word_1_537' title='bbox 1009 4727 1228 4792; x_wconf 77' lang='lat' dir='ltr'><strong>iurisc·</strong></span> <span class='ocrx_word' id='word_1_538' title='bbox 1296 4725 1366 4788; x_wconf 83' lang='lat' dir='ltr'><strong>in</strong></span> <span class='ocrx_word' id='word_1_539' title='bbox 1420 4725 1462 4789; x_wconf 86' lang='lat' dir='ltr'><strong>l·</strong></span> <span class='ocrx_word' id='word_1_540' title='bbox 1524 4724 1923 4791; x_wconf 78' lang='lat' dir='ltr'><strong>desertorem</strong></span> <span class='ocrx_word' id='word_1_541' title='bbox 1982 4726 2048 4789; x_wconf 86' lang='lat' dir='ltr'><strong>ff·</strong></span> <span class='ocrx_word' id='word_1_542' title='bbox 2117 4722 2197 4788; x_wconf 72' lang='lat' dir='ltr'><strong>do</strong></span> <span class='ocrx_word' id='word_1_543' title='bbox 2260 4744 2331 4786; x_wconf 72' lang='grc' dir='ltr'><strong>ΓΘ</strong></span> <span class='ocrx_word' id='word_1_544' title='bbox 2394 4723 2683 4787; x_wconf 73' lang='lat' dir='ltr'><strong>militari·</strong></span> <span class='ocrx_word' id='word_1_545' title='bbox 2738 4659 2745 4796; x_wconf 75' lang='lat' dir='ltr'><strong>l</strong></span> <span class='ocrx_word' id='word_1_546' title='bbox 2793 4729 3040 4814; x_wconf 83' lang='lat' dir='ltr'><strong>ingenii</strong></span> <span class='ocrx_word' id='word_1_547' title='bbox 3098 4747 3324 4792; x_wconf 88' lang='lat' dir='ltr'><strong>mucro</strong></span> <span class='ocrx_word' id='word_1_548' title='bbox 3382 4727 3564 4809; x_wconf 81' lang='lat' dir='ltr'><strong>quasi</strong></span> <span class='ocrx_word' id='word_1_549' title='bbox 3622 4728 4002 4810; x_wconf 89' lang='lat' dir='ltr'><strong>quotidiana</strong></span> <span class='ocrx_word' id='word_1_550' title='bbox 4058 4749 4276 4811; x_wconf 84' lang='lat' dir='ltr'><strong>pugna</strong></span> <span class='ocrx_word' id='word_1_551' title='bbox 4329 4727 4750 4792; x_wconf 88' lang='lat' dir='ltr'><strong>retundatur.</strong></span> 
     </span>
     <span class='ocr_line' id='line_1_60' title="bbox 724 4807 4754 4896; baseline -0 -17"><span class='ocrx_word' id='word_1_552' title='bbox 724 4816 855 4879; x_wconf 86' lang='lat' dir='ltr'><strong>Est</strong></span> <span class='ocrx_word' id='word_1_553' title='bbox 908 4822 1132 4877; x_wconf 88' lang='lat' dir='ltr'><strong>tamen</strong></span> <span class='ocrx_word' id='word_1_554' title='bbox 1188 4819 1256 4877; x_wconf 89' lang='lat' dir='ltr'><strong>et</strong></span> <span class='ocrx_word' id='word_1_555' title='bbox 1311 4809 1440 4875; x_wconf 87' lang='lat' dir='ltr'><strong>alia</strong></span> <span class='ocrx_word' id='word_1_556' title='bbox 1498 4811 1887 4894; x_wconf 87' lang='lat' dir='ltr'><strong>significatio</strong></span> <span class='ocrx_word' id='word_1_557' title='bbox 1953 4811 2150 4875; x_wconf 90' lang='lat' dir='ltr'><strong>huius</strong></span> <span class='ocrx_word' id='word_1_558' title='bbox 2212 4809 2406 4874; x_wconf 86' lang='lat' dir='ltr'><strong>verbi.</strong></span> <span class='ocrx_word' id='word_1_559' title='bbox 2509 4807 2691 4873; x_wconf 84' lang='lat' dir='ltr'><strong>Sunt</strong></span> <span class='ocrx_word' id='word_1_560' title='bbox 2795 4817 3010 4880; x_wconf 75' lang='lat' dir='ltr'><strong>Ahter</strong></span> <span class='ocrx_word' id='word_1_561' title='bbox 3051 4814 3300 4895; x_wconf 86' lang='lat' dir='ltr'><strong>accepit</strong></span> <span class='ocrx_word' id='word_1_562' title='bbox 3358 4811 3637 4878; x_wconf 81' lang='lat' dir='ltr'><strong>Ovidius</strong></span> <span class='ocrx_word' id='word_1_563' title='bbox 3692 4813 4090 4879; x_wconf 81' lang='lat' dir='ltr'><strong>contundere</strong></span> <span class='ocrx_word' id='word_1_564' title='bbox 4150 4814 4431 4892; x_wconf 90' lang='lat' dir='ltr'><strong>animos,</strong></span> <span class='ocrx_word' id='word_1_565' title='bbox 4491 4834 4609 4896; x_wconf 91' lang='lat' dir='ltr'><strong>pro</strong></span> <span class='ocrx_word' id='word_1_566' title='bbox 4665 4834 4754 4878; x_wconf 86' lang='lat' dir='ltr'><strong>eo</strong></span> 
     </span>
     <span class='ocr_line' id='line_1_61' title="bbox 728 4895 4754 4985; baseline -0.003 -11"><span class='ocrx_word' id='word_1_567' title='bbox 728 4901 903 4965; x_wconf 80' lang='lat' dir='ltr'><strong>enim</strong></span> <span class='ocrx_word' id='word_1_568' title='bbox 947 4901 1060 4982; x_wconf 81' lang='lat' dir='ltr'><strong>qui</strong></span> <span class='ocrx_word' id='word_1_569' title='bbox 1095 4898 1402 4963; x_wconf 73' lang='lat' dir='ltr'><strong>militiam</strong></span> <span class='ocrx_word' id='word_1_570' title='bbox 1439 4895 1766 4974; x_wconf 69' lang='lat' dir='ltr'><strong>deserunt,</strong></span> <span class='ocrx_word' id='word_1_571' title='bbox 1813 4898 1924 4962; x_wconf 74' lang='lat' dir='ltr'><strong>alii</strong></span> <span class='ocrx_word' id='word_1_572' title='bbox 1963 4898 2180 4962; x_wconf 87' lang='lat' dir='ltr'><strong>locum</strong></span> <span class='ocrx_word' id='word_1_573' title='bbox 2217 4903 2284 4960; x_wconf 70' lang='lat'><strong>0¹2</strong></span> <span class='ocrx_word' id='word_1_574' title='bbox 2317 4895 2686 4959; x_wconf 66' lang='lat' dir='ltr'><strong>Stationem·</strong></span> <span class='ocrx_word' id='word_1_575' title='bbox 2794 4900 2967 4985; x_wconf 91' lang='lat' dir='ltr'><strong>quod</strong></span> <span class='ocrx_word' id='word_1_576' title='bbox 3009 4909 3110 4966; x_wconf 89' lang='lat' dir='ltr'><strong>est</strong></span> <span class='ocrx_word' id='word_1_577' title='bbox 3143 4900 3544 4964; x_wconf 88' lang='lat' dir='ltr'><strong>ferocitatem</strong></span> <span class='ocrx_word' id='word_1_578' title='bbox 3589 4900 3860 4964; x_wconf 87' lang='lat' dir='ltr'><strong>nimiam</strong></span> <span class='ocrx_word' id='word_1_579' title='bbox 3902 4901 4390 4965; x_wconf 84' lang='lat' dir='ltr'><strong>mansuefacere</strong></span> <span class='ocrx_word' id='word_1_580' title='bbox 4435 4908 4500 4964; x_wconf 90' lang='lat' dir='ltr'><strong>ct</strong></span> <span class='ocrx_word' id='word_1_581' title='bbox 4541 4899 4754 4964; x_wconf 88' lang='lat' dir='ltr'><strong>emol-</strong></span> 
     </span>
     <span class='ocr_line' id='line_1_62' title="bbox 2793 4985 3602 5065; baseline -0.005 -13"><span class='ocrx_word' id='word_1_582' title='bbox 2793 4988 2932 5065; x_wconf 90' lang='lat' dir='ltr'><strong>lire,</strong></span> <span class='ocrx_word' id='word_1_583' title='bbox 2978 4987 3145 5051; x_wconf 90' lang='lat' dir='ltr'><strong>libro</strong></span> <span class='ocrx_word' id='word_1_584' title='bbox 3184 4986 3236 5049; x_wconf 94' lang='lat' dir='ltr'><strong>I.</strong></span> <span class='ocrx_word' id='word_1_585' title='bbox 3286 4985 3365 5049; x_wconf 92' lang='lat' dir='ltr'><strong>de</strong></span> <span class='ocrx_word' id='word_1_586' title='bbox 3407 4986 3602 5049; x_wconf 85' lang='lat' dir='ltr'><strong>Arte:</strong></span> 
     </span>
    </p>
   </div>
   <div class='ocr_carea' id='block_1_5' title="bbox 3011 5088 4460 5225">
    <p class='ocr_par' dir='ltr' id='par_1_8' title="bbox 3011 5088 4460 5225">
     <span class='ocr_line' id='line_1_63' title="bbox 3011 5088 4460 5158; baseline -0.001 -16"><span class='ocrx_word' id='word_1_587' title='bbox 3011 5088 3333 5157; x_wconf 80' lang='lat' dir='ltr'><strong>Phillyrides</strong></span> <span class='ocrx_word' id='word_1_588' title='bbox 3370 5088 3569 5142; x_wconf 90' lang='lat' dir='ltr'><strong>Chiron</strong></span> <span class='ocrx_word' id='word_1_589' title='bbox 3607 5090 3844 5144; x_wconf 81' lang='lat' dir='ltr'><strong>citharae</strong></span> <span class='ocrx_word' id='word_1_590' title='bbox 3882 5090 4147 5158; x_wconf 85' lang='lat' dir='ltr'><strong>praefecit</strong></span> <span class='ocrx_word' id='word_1_591' title='bbox 4182 5090 4460 5155; x_wconf 82' lang='lat' dir='ltr'><strong>Achillem,</strong></span> 
     </span>
     <span class='ocr_line' id='line_1_64' title="bbox 3106 5158 4339 5225; baseline -0.001 -14"><span class='ocrx_word' id='word_1_592' title='bbox 3106 5162 3285 5225; x_wconf 83' lang='lat' dir='ltr'><strong>Atque</strong></span> <span class='ocrx_word' id='word_1_593' title='bbox 3322 5158 3528 5212; x_wconf 87' lang='lat' dir='ltr'><strong>animos</strong></span> <span class='ocrx_word' id='word_1_594' title='bbox 3562 5159 3712 5211; x_wconf 90' lang='lat' dir='ltr'><strong>molli</strong></span> <span class='ocrx_word' id='word_1_595' title='bbox 3747 5158 3991 5213; x_wconf 89' lang='lat' dir='ltr'><strong>contudit</strong></span> <span class='ocrx_word' id='word_1_596' title='bbox 4024 5165 4141 5212; x_wconf 81' lang='lat' dir='ltr'><strong>arte</strong></span> <span class='ocrx_word' id='word_1_597' title='bbox 4177 5159 4339 5212; x_wconf 86' lang='lat' dir='ltr'><strong>feros.</strong></span> 
     </span>
    </p>
   </div>
   <div class='ocr_carea' id='block_1_6' title="bbox 2936 5329 3700 5397">
    <p class='ocr_par' dir='ltr' id='par_1_9' title="bbox 2936 5329 3700 5397">
     <span class='ocr_line' id='line_1_65' title="bbox 2936 5329 3700 5397; baseline -0.005 -10"><span class='ocrx_word' id='word_1_598' title='bbox 2936 5333 2997 5397; x_wconf 94' lang='grc'><strong>1)</strong></span> <span class='ocrx_word' id='word_1_599' title='bbox 3037 5329 3187 5386; x_wconf 77' lang='lat' dir='ltr'><strong>Edd.</strong></span> <span class='ocrx_word' id='word_1_600' title='bbox 3225 5330 3359 5384; x_wconf 86' lang='grc'>1611</span> <span class='ocrx_word' id='word_1_601' title='bbox 3386 5347 3485 5386; x_wconf 67' lang='lat' dir='ltr'><strong>ss„-</strong></span> <span class='ocrx_word' id='word_1_602' title='bbox 3521 5330 3700 5386; x_wconf 82' lang='lat' dir='ltr'><strong>verba.</strong></span> 
     </span>
    </p>
   </div>
   <div class='ocr_carea' id='block_1_7' title="bbox 2949 2589 4307 2798">
    <p class='ocr_par' dir='ltr' id='par_1_10' title="bbox 2949 2589 4307 2798">
     <span class='ocr_line' id='line_1_66' title="bbox 3394 2589 4158 2658; baseline 0.003 -15"><span class='ocrx_word' id='word_1_603' title='bbox 3394 2589 3637 2658; x_wconf 84' lang='lat' dir='ltr'><strong>Namque</strong></span> <span class='ocrx_word' id='word_1_604' title='bbox 3675 2599 3799 2644; x_wconf 85' lang='lat' dir='ltr'><strong>ante</strong></span> <span class='ocrx_word' id='word_1_605' title='bbox 3837 2591 4158 2645; x_wconf 85' lang='lat' dir='ltr'><strong>domandum</strong></span> 
     </span>
     <span class='ocr_line' id='line_1_67' title="bbox 2952 2659 4307 2729; baseline 0 -16"><span class='ocrx_word' id='word_1_606' title='bbox 2952 2660 3204 2729; x_wconf 80' lang='lat' dir='ltr'><strong>Ingentes</strong></span> <span class='ocrx_word' id='word_1_607' title='bbox 3241 2659 3437 2713; x_wconf 89' lang='lat' dir='ltr'><strong>tollent</strong></span> <span class='ocrx_word' id='word_1_608' title='bbox 3470 2661 3676 2713; x_wconf 79' lang='lat' dir='ltr'><strong>animos</strong></span> <span class='ocrx_word' id='word_1_609' title='bbox 3712 2662 3997 2728; x_wconf 86' lang='lat' dir='ltr'><strong>prensique</strong></span> <span class='ocrx_word' id='word_1_610' title='bbox 4034 2663 4307 2729; x_wconf 82' lang='lat' dir='ltr'><strong>negabunt</strong></span> 
     </span>
     <span class='ocr_line' id='line_1_68' title="bbox 2949 2728 4306 2798; baseline 0.002 -17"><span class='ocrx_word' id='word_1_611' title='bbox 2949 2728 3195 2782; x_wconf 85' lang='lat' dir='ltr'><strong>Verbera</strong></span> <span class='ocrx_word' id='word_1_612' title='bbox 3227 2728 3377 2781; x_wconf 81' lang='lat' dir='ltr'><strong>lenta</strong></span> <span class='ocrx_word' id='word_1_613' title='bbox 3415 2730 3546 2797; x_wconf 86' lang='lat' dir='ltr'><strong>pati,</strong></span> <span class='ocrx_word' id='word_1_614' title='bbox 3588 2738 3644 2782; x_wconf 83' lang='lat' dir='ltr'><strong>et</strong></span> <span class='ocrx_word' id='word_1_615' title='bbox 3678 2729 3824 2782; x_wconf 85' lang='lat' dir='ltr'><strong>duris</strong></span> <span class='ocrx_word' id='word_1_616' title='bbox 3860 2743 4053 2796; x_wconf 88' lang='lat' dir='ltr'><strong>parere</strong></span> <span class='ocrx_word' id='word_1_617' title='bbox 4092 2731 4306 2798; x_wconf 87' lang='lat' dir='ltr'><strong>lupatis.</strong></span> 
     </span>
    </p>
   </div>
   <div class='ocr_carea' id='block_1_8' title="bbox 2780 2812 3566 2880">
    <p class='ocr_par' dir='ltr' id='par_1_11' title="bbox 2780 2812 3566 2880">
     <span class='ocr_line' id='line_1_69' title="bbox 2780 2812 3566 2880; baseline -0.001 0"><span class='ocrx_word' id='word_1_618' title='bbox 2780 2813 3035 2880; x_wconf 80' lang='lat' dir='ltr'><strong>Statius</strong></span> <span class='ocrx_word' id='word_1_619' title='bbox 3059 2815 3111 2878; x_wconf 94' lang='lat' dir='ltr'><strong>I.</strong></span> <span class='ocrx_word' id='word_1_620' title='bbox 3136 2812 3566 2879; x_wconf 88' lang='lat' dir='ltr'><strong>Achilleidos:</strong></span> 
     </span>
    </p>
   </div>
   <div class='ocr_carea' id='block_1_9' title="bbox 2951 2915 4445 3332">
    <p class='ocr_par' dir='ltr' id='par_1_12' title="bbox 2951 2915 4445 3332">
     <span class='ocr_line' id='line_1_70' title="bbox 3190 2915 4360 2988; baseline 0.003 -17"><span class='ocrx_word' id='word_1_621' title='bbox 3190 2915 3446 2971; x_wconf 81' lang='lat' dir='ltr'><strong>Effrenae</strong></span> <span class='ocrx_word' id='word_1_622' title='bbox 3483 2918 3738 2973; x_wconf 87' lang='lat' dir='ltr'><strong>tumidum</strong></span> <span class='ocrx_word' id='word_1_623' title='bbox 3773 2919 3924 2971; x_wconf 85' lang='lat' dir='ltr'><strong>velut</strong></span> <span class='ocrx_word' id='word_1_624' title='bbox 3957 2920 4077 2988; x_wconf 82' lang='lat' dir='ltr'><strong>igne</strong></span> <span class='ocrx_word' id='word_1_625' title='bbox 4111 2920 4360 2975; x_wconf 80' lang='lat' dir='ltr'><strong>iuventae</strong></span> 
     </span>
     <span class='ocr_line' id='line_1_71' title="bbox 2953 2986 4445 3057; baseline 0.001 -16"><span class='ocrx_word' id='word_1_626' title='bbox 2953 2987 3009 3041; x_wconf 90' lang='lat' dir='ltr'><strong>Si</strong></span> <span class='ocrx_word' id='word_1_627' title='bbox 3045 2986 3162 3054; x_wconf 88' lang='lat' dir='ltr'><strong>quis</strong></span> <span class='ocrx_word' id='word_1_628' title='bbox 3199 3002 3394 3053; x_wconf 90' lang='lat' dir='ltr'><strong>equum</strong></span> <span class='ocrx_word' id='word_1_629' title='bbox 3429 2986 3612 3054; x_wconf 88' lang='lat' dir='ltr'><strong>primis</strong></span> <span class='ocrx_word' id='word_1_630' title='bbox 3650 2987 3961 3042; x_wconf 84' lang='lat' dir='ltr'><strong>submittere</strong></span> <span class='ocrx_word' id='word_1_631' title='bbox 4000 2995 4172 3043; x_wconf 86' lang='lat' dir='ltr'><strong>tentet</strong></span> <span class='ocrx_word' id='word_1_632' title='bbox 4205 2989 4445 3057; x_wconf 73' lang='lat' dir='ltr'><strong>habeniS,</strong></span> 
     </span>
     <span class='ocr_line' id='line_1_72' title="bbox 2951 3055 4368 3126; baseline 0.003 -17"><span class='ocrx_word' id='word_1_633' title='bbox 2951 3056 3051 3109; x_wconf 88' lang='lat' dir='ltr'><strong>Ille</strong></span> <span class='ocrx_word' id='word_1_634' title='bbox 3087 3056 3175 3109; x_wconf 92' lang='lat' dir='ltr'><strong>diu</strong></span> <span class='ocrx_word' id='word_1_635' title='bbox 3214 3057 3430 3123; x_wconf 74' lang='lat' dir='ltr'><strong>campiS,</strong></span> <span class='ocrx_word' id='word_1_636' title='bbox 3466 3055 3766 3126; x_wconf 81' lang='lat' dir='ltr'><strong>fluviisque,</strong></span> <span class='ocrx_word' id='word_1_637' title='bbox 3803 3067 3859 3110; x_wconf 83' lang='lat' dir='ltr'><strong>et</strong></span> <span class='ocrx_word' id='word_1_638' title='bbox 3891 3058 4099 3112; x_wconf 87' lang='lat' dir='ltr'><strong>honore</strong></span> <span class='ocrx_word' id='word_1_639' title='bbox 4136 3060 4368 3126; x_wconf 87' lang='lat' dir='ltr'><strong>superbo</strong></span> 
     </span>
     <span class='ocr_line' id='line_1_73' title="bbox 2953 3124 4338 3195; baseline 0.004 -19"><span class='ocrx_word' id='word_1_640' title='bbox 2953 3124 3199 3192; x_wconf 81' lang='lat' dir='ltr'><strong>Gavisus,</strong></span> <span class='ocrx_word' id='word_1_641' title='bbox 3235 3141 3342 3177; x_wconf 92' lang='lat' dir='ltr'><strong>non</strong></span> <span class='ocrx_word' id='word_1_642' title='bbox 3380 3124 3524 3177; x_wconf 84' lang='lat' dir='ltr'><strong>colla</strong></span> <span class='ocrx_word' id='word_1_643' title='bbox 3558 3125 3699 3193; x_wconf 84' lang='lat' dir='ltr'><strong>iugo,</strong></span> <span class='ocrx_word' id='word_1_644' title='bbox 3734 3142 3846 3180; x_wconf 91' lang='lat' dir='ltr'><strong>non</strong></span> <span class='ocrx_word' id='word_1_645' title='bbox 3881 3141 4076 3195; x_wconf 84' lang='lat' dir='ltr'><strong>aspera</strong></span> <span class='ocrx_word' id='word_1_646' title='bbox 4110 3129 4338 3195; x_wconf 82' lang='lat' dir='ltr'><strong>praebet</strong></span> 
     </span>
     <span class='ocr_line' id='line_1_74' title="bbox 2954 3193 4239 3262; baseline 0.002 -15"><span class='ocrx_word' id='word_1_647' title='bbox 2954 3193 3063 3247; x_wconf 85' lang='lat' dir='ltr'><strong>Ora</strong></span> <span class='ocrx_word' id='word_1_648' title='bbox 3096 3194 3255 3262; x_wconf 90' lang='lat' dir='ltr'><strong>lupis,</strong></span> <span class='ocrx_word' id='word_1_649' title='bbox 3289 3193 3594 3261; x_wconf 86' lang='lat' dir='ltr'><strong>dominique</strong></span> <span class='ocrx_word' id='word_1_650' title='bbox 3628 3202 3792 3261; x_wconf 81' lang='lat' dir='ltr'><strong>negat</strong></span> <span class='ocrx_word' id='word_1_651' title='bbox 3826 3210 3889 3248; x_wconf 85' lang='lat' dir='ltr'><strong>ca</strong></span> <span class='ocrx_word' id='word_1_652' title='bbox 3930 3197 4072 3249; x_wconf 84' lang='lat' dir='ltr'><strong>tivus</strong></span> <span class='ocrx_word' id='word_1_653' title='bbox 4107 3197 4239 3250; x_wconf 90' lang='lat' dir='ltr'><strong>inire</strong></span> 
     </span>
     <span class='ocr_line' id='line_1_75' title="bbox 2953 3261 4316 3332; baseline 0.001 -16"><span class='ocrx_word' id='word_1_654' title='bbox 2953 3263 3202 3332; x_wconf 84' lang='lat' dir='ltr'><strong>Imperia,</strong></span> <span class='ocrx_word' id='word_1_655' title='bbox 3238 3269 3400 3330; x_wconf 80' lang='lat' dir='ltr'><strong>atque</strong></span> <span class='ocrx_word' id='word_1_656' title='bbox 3438 3261 3576 3315; x_wconf 76' lang='lat' dir='ltr'><strong>alios</strong></span> <span class='ocrx_word' id='word_1_657' title='bbox 3610 3264 3833 3317; x_wconf 82' lang='lat' dir='ltr'><strong>miratur</strong></span> <span class='ocrx_word' id='word_1_658' title='bbox 3908 3266 4075 3318; x_wconf 89' lang='lat' dir='ltr'><strong>&#39;scere</strong></span> <span class='ocrx_word' id='word_1_659' title='bbox 4113 3282 4316 3320; x_wconf 84' lang='lat' dir='ltr'><strong>cursus.</strong></span> 
     </span>
    </p>
   </div>
   <div class='ocr_carea' id='block_1_10' title="bbox 2781 3347 4747 4466">
    <p class='ocr_par' dir='ltr' id='par_1_13' title="bbox 2781 3347 4739 3864">
     <span class='ocr_line' id='line_1_76' title="bbox 2952 3347 4733 3436; baseline 0.001 -20"><span class='ocrx_word' id='word_1_660' title='bbox 2952 3349 3278 3416; x_wconf 82' lang='lat' dir='ltr'><strong>Domandi</strong></span> <span class='ocrx_word' id='word_1_661' title='bbox 3302 3349 3556 3430; x_wconf 77' lang='lat' dir='ltr'><strong>peritus</strong></span> <span class='ocrx_word' id='word_1_662' title='bbox 3588 3347 3916 3436; x_wconf 72' lang='lat' dir='ltr'><strong>mayister]</strong></span> <span class='ocrx_word' id='word_1_663' title='bbox 3963 3349 4045 3414; x_wconf 93' lang='lat' dir='ltr'><strong>Id</strong></span> <span class='ocrx_word' id='word_1_664' title='bbox 4088 3360 4190 3416; x_wconf 91' lang='lat' dir='ltr'><strong>est</strong></span> <span class='ocrx_word' id='word_1_665' title='bbox 4230 3352 4733 3417; x_wconf 88' lang='lat' dir='ltr'><strong>mansuetarius.</strong></span> 
     </span>
     <span class='ocr_line' id='line_1_77' title="bbox 2784 3434 4736 3520; baseline -0.001 -17"><span class='ocrx_word' id='word_1_666' title='bbox 2784 3436 3185 3503; x_wconf 79' lang='lat' dir='ltr'><strong>Observavit</strong></span> <span class='ocrx_word' id='word_1_667' title='bbox 3238 3434 3707 3519; x_wconf 87' lang='lat' dir='ltr'><strong>proprietatem</strong></span> <span class='ocrx_word' id='word_1_668' title='bbox 3752 3437 3964 3514; x_wconf 83' lang='lat' dir='ltr'><strong>verbi,</strong></span> <span class='ocrx_word' id='word_1_669' title='bbox 4026 3458 4228 3520; x_wconf 90' lang='lat' dir='ltr'><strong>quum</strong></span> <span class='ocrx_word' id='word_1_670' title='bbox 4283 3436 4364 3502; x_wconf 93' lang='lat' dir='ltr'><strong>de</strong></span> <span class='ocrx_word' id='word_1_671' title='bbox 4407 3437 4591 3519; x_wconf 92' lang='lat' dir='ltr'><strong>equis</strong></span> <span class='ocrx_word' id='word_1_672' title='bbox 4634 3437 4736 3501; x_wconf 93' lang='lat' dir='ltr'><strong>lo-</strong></span> 
     </span>
     <span class='ocr_line' id='line_1_78' title="bbox 2783 3521 4735 3607; baseline -0.001 -18"><span class='ocrx_word' id='word_1_673' title='bbox 2783 3531 3112 3607; x_wconf 89' lang='lat' dir='ltr'><strong>queretur,</strong></span> <span class='ocrx_word' id='word_1_674' title='bbox 3155 3543 3314 3605; x_wconf 86' lang='lat' dir='ltr'><strong>quos</strong></span> <span class='ocrx_word' id='word_1_675' title='bbox 3359 3521 3609 3586; x_wconf 89' lang='lat' dir='ltr'><strong>domari</strong></span> <span class='ocrx_word' id='word_1_676' title='bbox 3656 3522 3916 3604; x_wconf 89' lang='lat' dir='ltr'><strong>proprie</strong></span> <span class='ocrx_word' id='word_1_677' title='bbox 3959 3522 4255 3602; x_wconf 89' lang='lat' dir='ltr'><strong>dicimus,</strong></span> <span class='ocrx_word' id='word_1_678' title='bbox 4302 3533 4527 3588; x_wconf 88' lang='lat' dir='ltr'><strong>autore</strong></span> <span class='ocrx_word' id='word_1_679' title='bbox 4573 3521 4735 3589; x_wconf 81' lang='lat' dir='ltr'><strong>Ser-</strong></span> 
     </span>
     <span class='ocr_line' id='line_1_79' title="bbox 2781 3606 4735 3693; baseline -0.001 -19"><span class='ocrx_word' id='word_1_680' title='bbox 2781 3611 2906 3674; x_wconf 83' lang='lat' dir='ltr'><strong>vio.</strong></span> <span class='ocrx_word' id='word_1_681' title='bbox 2977 3608 3207 3674; x_wconf 82' lang='lat' dir='ltr'><strong>Cicero</strong></span> <span class='ocrx_word' id='word_1_682' title='bbox 3245 3606 3435 3673; x_wconf 77' lang='lat' dir='ltr'><strong>offic.</strong></span> <span class='ocrx_word' id='word_1_683' title='bbox 3472 3608 3554 3672; x_wconf 90' lang='lat' dir='ltr'><strong>I.:</strong></span> <span class='ocrx_word' id='word_1_684' title='bbox 3600 3608 3695 3674; x_wconf 89' lang='lat' dir='ltr'><strong>Ut</strong></span> <span class='ocrx_word' id='word_1_685' title='bbox 3736 3629 3935 3690; x_wconf 92' lang='lat' dir='ltr'><strong>equos</strong></span> <span class='ocrx_word' id='word_1_686' title='bbox 3979 3617 4247 3693; x_wconf 88' lang='lat' dir='ltr'><strong>propter</strong></span> <span class='ocrx_word' id='word_1_687' title='bbox 4280 3610 4541 3674; x_wconf 89' lang='lat' dir='ltr'><strong>crebras</strong></span> <span class='ocrx_word' id='word_1_688' title='bbox 4574 3630 4735 3673; x_wconf 85' lang='lat' dir='ltr'><strong>oon-—</strong></span> 
     </span>
     <span class='ocr_line' id='line_1_80' title="bbox 2784 3693 4739 3777; baseline 0.001 -18"><span class='ocrx_word' id='word_1_689' title='bbox 2784 3697 3111 3760; x_wconf 89' lang='lat' dir='ltr'><strong>tentiones</strong></span> <span class='ocrx_word' id='word_1_690' title='bbox 3154 3693 3550 3777; x_wconf 87' lang='lat' dir='ltr'><strong>praeliorum</strong></span> <span class='ocrx_word' id='word_1_691' title='bbox 3594 3695 3926 3758; x_wconf 88' lang='lat' dir='ltr'><strong>ferocitate</strong></span> <span class='ocrx_word' id='word_1_692' title='bbox 3971 3696 4376 3761; x_wconf 85' lang='lat' dir='ltr'><strong>exsultantes</strong></span> <span class='ocrx_word' id='word_1_693' title='bbox 4392 3747 4407 3773; x_wconf 93' lang='lat'><strong>,</strong></span> <span class='ocrx_word' id='word_1_694' title='bbox 4454 3694 4739 3760; x_wconf 83' lang='lat' dir='ltr'><strong>domito-</strong></span> 
     </span>
     <span class='ocr_line' id='line_1_81' title="bbox 2785 3780 4735 3864; baseline -0.001 -17"><span class='ocrx_word' id='word_1_695' title='bbox 2785 3783 2969 3848; x_wconf 89' lang='lat' dir='ltr'><strong>ribus</strong></span> <span class='ocrx_word' id='word_1_696' title='bbox 3013 3781 3275 3846; x_wconf 88' lang='lat' dir='ltr'><strong>tradere</strong></span> <span class='ocrx_word' id='word_1_697' title='bbox 3319 3780 3555 3858; x_wconf 91' lang='lat' dir='ltr'><strong>solent,</strong></span> <span class='ocrx_word' id='word_1_698' title='bbox 3615 3787 3693 3844; x_wconf 93' lang='lat' dir='ltr'><strong>ut</strong></span> <span class='ocrx_word' id='word_1_699' title='bbox 3733 3781 3815 3844; x_wconf 91' lang='lat' dir='ltr'><strong>iis</strong></span> <span class='ocrx_word' id='word_1_700' title='bbox 3855 3781 4111 3845; x_wconf 85' lang='lat' dir='ltr'><strong>facilius</strong></span> <span class='ocrx_word' id='word_1_701' title='bbox 4155 3781 4253 3846; x_wconf 89' lang='lat' dir='ltr'><strong>uti</strong></span> <span class='ocrx_word' id='word_1_702' title='bbox 4294 3781 4562 3864; x_wconf 90' lang='lat' dir='ltr'><strong>possint,</strong></span> <span class='ocrx_word' id='word_1_703' title='bbox 4608 3789 4735 3847; x_wconf 86' lang='lat' dir='ltr'><strong>ete.</strong></span> 
     </span>
    </p>

    <p class='ocr_par' dir='ltr' id='par_1_14' title="bbox 2787 3864 4747 4466">
     <span class='ocr_line' id='line_1_82' title="bbox 2964 3864 4744 3951; baseline -0.001 -19"><span class='ocrx_word' id='word_1_704' title='bbox 2964 3866 3298 3932; x_wconf 76' lang='lat' dir='ltr'><strong>Contundet</strong></span> <span class='ocrx_word' id='word_1_705' title='bbox 3352 3864 3625 3951; x_wconf 75' lang='lat' dir='ltr'><strong>animos]</strong></span> <span class='ocrx_word' id='word_1_706' title='bbox 3680 3867 4050 3932; x_wconf 88' lang='lat' dir='ltr'><strong>Hebetabit.</strong></span> <span class='ocrx_word' id='word_1_707' title='bbox 4115 3867 4454 3949; x_wconf 65' lang='lat' dir='ltr'><strong>Sumpta,</strong></span> <span class='ocrx_word' id='word_1_708' title='bbox 4511 3875 4587 3931; x_wconf 87' lang='lat' dir='ltr'><strong>ut</strong></span> <span class='ocrx_word' id='word_1_709' title='bbox 4641 3868 4744 3932; x_wconf 83' lang='lat' dir='ltr'><strong>ait</strong></span> 
     </span>
     <span class='ocr_line' id='line_1_83' title="bbox 2787 3951 4741 4037; baseline -0.002 -18"><span class='ocrx_word' id='word_1_710' title='bbox 2787 3956 3125 4030; x_wconf 76' lang='lat' dir='ltr'><strong>DonatuS,</strong></span> <span class='ocrx_word' id='word_1_711' title='bbox 3182 3973 3222 4016; x_wconf 87' lang='lat' dir='ltr'><strong>a</strong></span> <span class='ocrx_word' id='word_1_712' title='bbox 3275 3952 3475 4017; x_wconf 87' lang='lat' dir='ltr'><strong>fabris</strong></span> <span class='ocrx_word' id='word_1_713' title='bbox 3530 3951 3873 4017; x_wconf 89' lang='lat' dir='ltr'><strong>translatio</strong></span> <span class='ocrx_word' id='word_1_714' title='bbox 3890 4005 3904 4030; x_wconf 97' lang='lat'><strong>,</strong></span> <span class='ocrx_word' id='word_1_715' title='bbox 3968 3955 4078 4037; x_wconf 88' lang='lat' dir='ltr'><strong>qui</strong></span> <span class='ocrx_word' id='word_1_716' title='bbox 4134 3974 4327 4035; x_wconf 89' lang='lat' dir='ltr'><strong>saepe</strong></span> <span class='ocrx_word' id='word_1_717' title='bbox 4384 3953 4741 4036; x_wconf 88' lang='lat' dir='ltr'><strong>repetendo</strong></span> 
     </span>
     <span class='ocr_line' id='line_1_84' title="bbox 2789 4037 4742 4120; baseline 0 -16"><span class='ocrx_word' id='word_1_718' title='bbox 2789 4039 3080 4104; x_wconf 89' lang='lat' dir='ltr'><strong>tundunt</strong></span> <span class='ocrx_word' id='word_1_719' title='bbox 3126 4037 3373 4120; x_wconf 84' lang='lat' dir='ltr'><strong>aliquid</strong></span> <span class='ocrx_word' id='word_1_720' title='bbox 3419 4038 3655 4102; x_wconf 90' lang='lat' dir='ltr'><strong>malleo</strong></span> <span class='ocrx_word' id='word_1_721' title='bbox 3699 4046 3767 4103; x_wconf 90' lang='lat' dir='ltr'><strong>et</strong></span> <span class='ocrx_word' id='word_1_722' title='bbox 3809 4038 4138 4104; x_wconf 84' lang='lat' dir='ltr'><strong>hebetant.</strong></span> <span class='ocrx_word' id='word_1_723' title='bbox 4207 4039 4466 4104; x_wconf 87' lang='lat' dir='ltr'><strong>Plinius</strong></span> <span class='ocrx_word' id='word_1_724' title='bbox 4500 4039 4569 4103; x_wconf 91' lang='lat' dir='ltr'><strong>in</strong></span> <span class='ocrx_word' id='word_1_725' title='bbox 4602 4039 4742 4104; x_wconf 85' lang='lat' dir='ltr'><strong>Pa·</strong></span> 
     </span>
     <span class='ocr_line' id='line_1_85' title="bbox 2790 4126 4744 4210; baseline -0.001 -20"><span class='ocrx_word' id='word_1_726' title='bbox 2790 4127 3133 4210; x_wconf 82' lang='lat' dir='ltr'><strong>negyrico:</strong></span> <span class='ocrx_word' id='word_1_727' title='bbox 3194 4126 3400 4192; x_wconf 87' lang='lat' dir='ltr'><strong>Amas</strong></span> <span class='ocrx_word' id='word_1_728' title='bbox 3444 4126 3878 4189; x_wconf 87' lang='lat' dir='ltr'><strong>constantiam</strong></span> <span class='ocrx_word' id='word_1_729' title='bbox 3932 4127 4208 4200; x_wconf 79' lang='lat' dir='ltr'><strong>civium,</strong></span> <span class='ocrx_word' id='word_1_730' title='bbox 4265 4134 4602 4208; x_wconf 88' lang='lat' dir='ltr'><strong>rectosque</strong></span> <span class='ocrx_word' id='word_1_731' title='bbox 4661 4145 4744 4189; x_wconf 86' lang='lat' dir='ltr'><strong>ac</strong></span> 
     </span>
     <span class='ocr_line' id='line_1_86' title="bbox 2787 4210 4741 4295; baseline -0.002 -17"><span class='ocrx_word' id='word_1_732' title='bbox 2787 4212 3048 4278; x_wconf 80' lang='lat' dir='ltr'><strong>vividos</strong></span> <span class='ocrx_word' id='word_1_733' title='bbox 3092 4212 3371 4276; x_wconf 89' lang='lat' dir='ltr'><strong>animos:</strong></span> <span class='ocrx_word' id='word_1_734' title='bbox 3418 4230 3569 4289; x_wconf 91' lang='lat' dir='ltr'><strong>non,</strong></span> <span class='ocrx_word' id='word_1_735' title='bbox 3615 4218 3691 4274; x_wconf 89' lang='lat' dir='ltr'><strong>ut</strong></span> <span class='ocrx_word' id='word_1_736' title='bbox 3733 4210 3862 4288; x_wconf 89' lang='lat' dir='ltr'><strong>alii,</strong></span> <span class='ocrx_word' id='word_1_737' title='bbox 3909 4211 4258 4276; x_wconf 88' lang='lat' dir='ltr'><strong>contundis</strong></span> <span class='ocrx_word' id='word_1_738' title='bbox 4294 4233 4369 4276; x_wconf 89' lang='lat' dir='ltr'><strong>ac</strong></span> <span class='ocrx_word' id='word_1_739' title='bbox 4405 4211 4741 4295; x_wconf 89' lang='lat' dir='ltr'><strong>deprimis,</strong></span> 
     </span>
     <span class='ocr_line' id='line_1_87' title="bbox 2790 4296 4746 4381; baseline -0.001 -19"><span class='ocrx_word' id='word_1_740' title='bbox 2790 4298 2905 4363; x_wconf 92' lang='lat' dir='ltr'><strong>sed</strong></span> <span class='ocrx_word' id='word_1_741' title='bbox 2955 4299 3136 4362; x_wconf 85' lang='lat' dir='ltr'><strong>foves</strong></span> <span class='ocrx_word' id='word_1_742' title='bbox 3195 4307 3260 4362; x_wconf 90' lang='lat' dir='ltr'><strong>et</strong></span> <span class='ocrx_word' id='word_1_743' title='bbox 3313 4296 3576 4360; x_wconf 88' lang='lat' dir='ltr'><strong>attollis.</strong></span> <span class='ocrx_word' id='word_1_744' title='bbox 3666 4298 3947 4361; x_wconf 86' lang='lat' dir='ltr'><strong>Latinus</strong></span> <span class='ocrx_word' id='word_1_745' title='bbox 3989 4299 4274 4363; x_wconf 88' lang='lat' dir='ltr'><strong>Pacatus</strong></span> <span class='ocrx_word' id='word_1_746' title='bbox 4319 4300 4386 4362; x_wconf 92' lang='lat' dir='ltr'><strong>in</strong></span> <span class='ocrx_word' id='word_1_747' title='bbox 4431 4299 4746 4381; x_wconf 78' lang='lat' dir='ltr'><strong>Panegy-</strong></span> 
     </span>
     <span class='ocr_line' id='line_1_88' title="bbox 2790 4382 4747 4466; baseline -0.002 -17"><span class='ocrx_word' id='word_1_748' title='bbox 2790 4386 2953 4449; x_wconf 90' lang='lat' dir='ltr'><strong>rico:</strong></span> <span class='ocrx_word' id='word_1_749' title='bbox 3000 4383 3142 4460; x_wconf 80' lang='lat' dir='ltr'><strong>Illa,</strong></span> <span class='ocrx_word' id='word_1_750' title='bbox 3186 4384 3317 4459; x_wconf 85' lang='lat' dir='ltr'><strong>illa,</strong></span> <span class='ocrx_word' id='word_1_751' title='bbox 3356 4382 3623 4466; x_wconf 86' lang='lat' dir='ltr'><strong>tyranni</strong></span> <span class='ocrx_word' id='word_1_752' title='bbox 3660 4384 3930 4449; x_wconf 84' lang='lat' dir='ltr'><strong>consilia</strong></span> <span class='ocrx_word' id='word_1_753' title='bbox 3965 4385 4269 4448; x_wconf 86' lang='lat' dir='ltr'><strong>caecavit.</strong></span> <span class='ocrx_word' id='word_1_754' title='bbox 4334 4384 4462 4448; x_wconf 90' lang='lat' dir='ltr'><strong>Illa</strong></span> <span class='ocrx_word' id='word_1_755' title='bbox 4496 4391 4563 4448; x_wconf 93' lang='lat' dir='ltr'><strong>et</strong></span> <span class='ocrx_word' id='word_1_756' title='bbox 4596 4383 4747 4447; x_wconf 89' lang='lat' dir='ltr'><strong>ani-</strong></span> 
     </span>
    </p>
   </div>
   <div class='ocr_carea' id='block_1_11' title="bbox 2735 4159 2743 4558">
    <p class='ocr_par' dir='ltr' id='par_1_15' title="bbox 2735 4159 2743 4558">
     <span class='ocr_line' id='line_1_89' title="bbox 2735 4159 2743 4558; baseline 0 1503"><span class='ocrx_word' id='word_1_757' title='bbox 2735 4159 2743 4558; x_wconf 95' lang='lat' dir='ltr'><strong> </strong></span> 
     </span>
    </p>
   </div>
   <div class='ocr_carea' id='block_1_12' title="bbox 2739 4799 2745 5062">
    <p class='ocr_par' dir='ltr' id='par_1_16' title="bbox 2739 4799 2745 5062">
     <span class='ocr_line' id='line_1_90' title="bbox 2739 4799 2745 5062; baseline 0 999"><span class='ocrx_word' id='word_1_758' title='bbox 2739 4799 2745 5062; x_wconf 95' lang='lat' dir='ltr'><strong> </strong></span> 
     </span>
    </p>
   </div>
   <div class='ocr_carea' id='block_1_13' title="bbox 726 5042 1132 5048">
    <p class='ocr_par' dir='ltr' id='par_1_17' title="bbox 726 5042 1132 5048">
     <span class='ocr_line' id='line_1_91' title="bbox 726 5042 1132 5048; baseline 0 0"><span class='ocrx_word' id='word_1_759' title='bbox 726 5042 1132 5048; x_wconf 95' lang='lat' dir='ltr'><strong> </strong></span> 
     </span>
    </p>
   </div>
   <div class='ocr_carea' id='block_1_14' title="bbox 728 5135 2870 5415">
    <p class='ocr_par' dir='ltr' id='par_1_18' title="bbox 728 5135 2870 5415">
     <span class='ocr_line' id='line_1_92' title="bbox 868 5135 2690 5208; baseline -0.002 -18"><span class='ocrx_word' id='word_1_760' title='bbox 868 5138 926 5205; x_wconf 92' lang='lat'><strong>1)</strong></span> <span class='ocrx_word' id='word_1_761' title='bbox 968 5139 1061 5194; x_wconf 79' lang='lat' dir='ltr'><strong>Sic</strong></span> <span class='ocrx_word' id='word_1_762' title='bbox 1096 5142 1362 5208; x_wconf 75' lang='lat' dir='ltr'><strong>princeps</strong></span> <span class='ocrx_word' id='word_1_763' title='bbox 1398 5153 1502 5206; x_wconf 79' lang='lat' dir='ltr'><strong>per</strong></span> <span class='ocrx_word' id='word_1_764' title='bbox 1549 5135 1926 5204; x_wconf 72' lang='lat' dir='ltr'><strong>compendium</strong></span> <span class='ocrx_word' id='word_1_765' title='bbox 1963 5139 2094 5202; x_wconf 81' lang='lat' dir='ltr'><strong>(tn).</strong></span> <span class='ocrx_word' id='word_1_766' title='bbox 2181 5136 2438 5190; x_wconf 79' lang='lat' dir='ltr'><strong>Caeterae</strong></span> <span class='ocrx_word' id='word_1_767' title='bbox 2480 5149 2690 5189; x_wconf 71' lang='lat' dir='ltr'><strong>omnes.-</strong></span> 
     </span>
     <span class='ocr_line' id='line_1_93' title="bbox 728 5215 2870 5340; baseline -0.002 -12"><span class='ocrx_word' id='word_1_768' title='bbox 728 5215 927 5340; x_wconf 51' lang='lat' dir='ltr'><strong>tum’2)</strong></span> <span class='ocrx_word' id='word_1_769' title='bbox 968 5274 1330 5329; x_wconf 71' lang='lat' dir='ltr'><strong>Restituimus</strong></span> <span class='ocrx_word' id='word_1_770' title='bbox 1364 5275 1464 5329; x_wconf 71' lang='lat' dir='ltr'><strong>hoc</strong></span> <span class='ocrx_word' id='word_1_771' title='bbox 1489 5275 1809 5330; x_wconf 76' lang='lat' dir='ltr'><strong>vocabulum</strong></span> <span class='ocrx_word' id='word_1_772' title='bbox 1843 5289 1912 5327; x_wconf 78' lang='lat' dir='ltr'><strong>ex</strong></span> <span class='ocrx_word' id='word_1_773' title='bbox 1946 5274 2269 5340; x_wconf 76' lang='lat' dir='ltr'><strong>conjectura.</strong></span> <span class='ocrx_word' id='word_1_774' title='bbox 2319 5273 2487 5327; x_wconf 81' lang='lat' dir='ltr'><strong>Libri</strong></span> <span class='ocrx_word' id='word_1_775' title='bbox 2512 5272 2695 5326; x_wconf 76' lang='lat' dir='ltr'><strong>nostri</strong></span> <span class='ocrx_word' id='word_1_776' title='bbox 2799 5269 2838 5274; x_wconf 58' lang='lat'><strong>&#39;&#39;</strong></span> <span class='ocrx_word' id='word_1_777' title='bbox 2857 5269 2870 5274; x_wconf 76' lang='lat'>‘</span> 
     </span>
     <span class='ocr_line' id='line_1_94' title="bbox 728 5340 1416 5415; baseline -0.009 -16"><span class='ocrx_word' id='word_1_778' title='bbox 728 5360 915 5399; x_wconf 73' lang='lat' dir='ltr'><strong>munes</strong></span> <span class='ocrx_word' id='word_1_779' title='bbox 948 5345 1173 5399; x_wconf 71' lang='lat' dir='ltr'><strong>habent:</strong></span> <span class='ocrx_word' id='word_1_780' title='bbox 1204 5340 1416 5415; x_wconf 75' lang='grc' dir='ltr'><em>πριβὴν.</em></span> 
     </span>
    </p>
   </div>
   <div class='ocr_carea' id='block_1_15' title="bbox 2739 5089 2748 5370">
    <p class='ocr_par' dir='ltr' id='par_1_19' title="bbox 2739 5089 2748 5370">
     <span class='ocr_line' id='line_1_95' title="bbox 2739 5089 2748 5370; baseline 0 691"><span class='ocrx_word' id='word_1_781' title='bbox 2739 5089 2748 5370; x_wconf 95' lang='lat' dir='ltr'><strong> </strong></span> 
     </span>
    </p>
   </div>
  </div>
 </body>
</html>
