5100 6061
345 428 466 489 297

343 615 501 696 quin
549 613 695 678 dira
738 614 852 678 illa
898 614 1369 679 auricularium
1407 615 1880 680 confessionum
1919 615 2296 680 carnificina

340 700 636 766 misellos
703 701 981 782 ipsemet
1047 699 1418 765 excruciet?
1475 702 1661 765 vanis
1728 700 2294 780 satisfactionibus,

342 786 940 868 commentitiisque
984 786 1503 850 absolutionibus
1548 784 1853 850 deludat?
1912 787 2067 869 quin
2113 787 2297 852 fabu—

342 873 517 936 losas
561 871 929 955 purgatorii
968 871 1257 948 naenias,
1304 893 1470 954 quae
1503 880 1764 936 tantum
1798 893 2021 938 secum
2044 872 2298 936 vehunt

342 959 751 1041 perniciosae
794 957 1166 1040 impietati-⁶3,
1214 958 1466 1022 solenni
1512 979 1702 1040 prece
1745 957 2074 1023 stabiliat?
2164 959 2297 1022 Ne-

345 1065 468 1126 que
515 1065 675 1109 vero
720 1043 921 1125 recipi
984 1042 1174 1108 debet
1190 1096 1204 1120 ‚
1262 1043 1432 1127 quod
1489 1045 1809 1108 obiectare
1866 1043 2142 1108 subinde
2197 1066 2298 1108 so-

344 1129 513 1193 lent:
561 1130 690 1194 His
737 1129 1274 1211 superstitionum
1308 1130 1557 1193 morbis
1593 1151 1724 1193 non
1762 1129 1891 1194 alia
1925 1130 2159 1194 melius
2195 1150 2299 1193 ra-

344 1217 523 1279 tione
567 1216 835 1298 purgari
879 1215 1217 1279 hominum
1263 1215 1514 1279 animos
1550 1236 1754 1297 posse,
1802 1235 1995 1298 quam
2037 1216 2091 1278 si
2136 1216 2299 1280 mol-

345 1301 498 1364 liter
544 1301 732 1365 initio
777 1309 843 1365 et
888 1301 1083 1383 paulo
1114 1300 1162 1383 ¹)
1197 1300 1653 1384 indulgentius
1689 1309 2139 1377 attrectentur,
2187 1301 2298 1365 do·

345 1407 468 1451 nec
509 1385 797 1452 ferendis
841 1386 997 1450 mali
1044 1386 1354 1450 remediis
1398 1388 1832 1463 assueverint,
1880 1395 1946 1450 et
1986 1385 2299 1469 quodam-

344 1471 541 1538 modo
595 1474 726 1538 sint
769 1473 1153 1536 confirmati.
1244 1471 1504 1554 Itaque,
1552 1474 1679 1536 nisi
1721 1473 1865 1555 quis
1909 1471 2300 1536 moderatio-

346 1579 502 1624 nem
527 1558 856 1637 adhibeat,
896 1562 1044 1637 [pag.
1072 1563 1179 1636 64]
1218 1580 1382 1640 quae
1418 1580 1640 1622 eorum
1678 1557 2099 1623 teneritudini
2137 1579 2300 1623 non-

1451 426 1577 490 DE
1625 424 2218 492 SAOERDOTIO
2263 426 2614 493 PAPALI
2658 425 3230 493 ABIIOIENDO.

4226 437 4350 496 298

2401 615 2724 680 idolorum
2761 617 3070 699 plaustra,
3120 618 3616 700 superstitiones
3650 620 3799 703 plus
3833 643 4028 703 quam
4064 625 4353 707 magicas

2402 719 2609 784 aequo
2664 702 2883 766 animo
2939 722 3008 765 se
3067 702 3346 767 tolerare
3408 716 3791 784 causantur,
3848 728 3972 789 quo
4024 708 4353 773 indoctam

2403 786 2764 870 rudemque
2807 787 3232 868 plebeculam,
3281 789 3421 854 sine
3467 791 3844 870 offensione,
3892 791 3973 857 ad
4017 795 4157 858 veri

2403 873 2721 936 nitionem
2759 872 3101 937 adducant.
3169 872 3419 939 Salutis
3456 876 3778 956 fiduciam,
3817 900 3980 960 quae
4017 900 4055 941 a
4089 879 4353 944 Christo

2404 956 2690 1038 pendere
2734 966 2872 1022 tota
2915 958 3247 1038 debuerat,
3295 960 3423 1026 huc
3469 970 3660 1044 atque
3699 963 3856 1029 illuc
3897 964 4219 1047 tantisper
4254 966 4353 1030 di-

2405 1043 2635 1126 vagari
2680 1066 2810 1107 non
2857 1064 3052 1127 aegre
3089 1045 3448 1127 patiuntur,
3497 1047 3651 1112 dum
3692 1051 3949 1114 eminus
3985 1052 4353 1133 raptimque

2404 1130 2700 1211 inspecto
2759 1129 3023 1194 Christo
3080 1130 3359 1212 populus
3414 1141 3552 1197 toto
3608 1146 3893 1217 pectore,
3959 1137 4011 1199 si
4067 1137 4351 1216 libuerit,

2405 1214 2487 1278 ad
2533 1215 2747 1296 ipsum
2794 1214 3091 1297 applicet.
3182 1217 3387 1298 Atqui
3431 1220 3632 1285 istaec
3670 1234 3867 1284 erant
3909 1222 4120 1304 prima
4164 1244 4353 1288 exor-

2406 1298 2530 1376 dia,
2578 1300 2816 1382 quibus
2861 1301 3199 1365 ecclesiam
3248 1303 3581 1380 inchoare,
3639 1307 3853 1388 prima
3907 1306 4350 1386 fundamenta,

2407 1390 2556 1464 [pag.
2598 1392 2704 1464 65]
2805 1407 2927 1450 uae
2984 1386 3067 1449 ad
3123 1408 3265 1450 eam
3295 1388 3343 1470 ¹)
3388 1390 3937 1457 exaedificandam
3983 1394 4197 1458 iacere
4242 1392 4354 1459 de-

2405 1471 2702 1536 buerant.
2835 1492 2993 1536 uare
3029 1472 3191 1536 haec
3227 1472 3575 1539 tolerantia
3614 1478 3682 1540 in
3719 1476 3914 1543 rebus
3950 1479 4219 1544 minime
4255 1489 4352 1544 to—

2407 1557 2695 1622 lerandis
2741 1557 2911 1621 nihil
2955 1556 3166 1622 simile
3212 1557 3408 1623 habet
3451 1583 3598 1625 cum
3643 1563 3812 1628 lacte
3858 1564 3999 1640 illo,
4055 1586 4184 1647 quo
4227 1567 4353 1629 im-

347 1645 525 1708 nihil
569 1641 906 1721 concedat,
954 1645 1323 1708 exorituras
1366 1645 1505 1709 sine
1549 1644 1684 1707 ullo
1729 1645 2025 1727 profectu
2069 1664 2302 1727 graves
2407 1643 2670 1707 becilles
2725 1642 2939 1708 adhuc
2984 1642 3363 1708 Corinthios
3406 1646 3656 1710 Paulus
3700 1649 4034 1713 nutriebat
4092 1650 4153 1734 (l
4200 1650 4348 1716 Cor.

346 1730 763 1809 offensiones,
808 1728 1160 1812 odiumque
1204 1728 1517 1794 adversus
1562 1729 1694 1793 Dei
1734 1731 2079 1795 veritatem
2123 1750 2303 1795 acer-

2411 1732 2468 1806 3,
2510 1729 2598 1811 2).
2678 1729 2803 1792 Illo
2848 1729 3052 1807 enim,
3101 1729 3213 1810 qui
3258 1738 3413 1793 sunt
3455 1731 3666 1798 adhuc
3707 1735 3776 1797 in
3824 1733 4090 1801 Christo
4139 1739 4347 1819 pueri,

346 1815 498 1881 bius
543 1836 951 1881 exarsurum.
1042 1814 1120 1879 Id
1175 1837 1332 1880 sane
1377 1836 1567 1879 nemo
1613 1823 1714 1879 est
1758 1817 1868 1897 qui
1913 1835 2042 1879 non
2095 1816 2303 1880 liben-
2353 1841 2358 1914 †
2410 1823 2744 1913 utcunque
2795 1836 2915 1898 pro
2972 1835 3093 1878 suo
3146 1814 3409 1879 modulo
3460 1817 3542 1881 ad
3587 1820 3892 1901 pietatem
3937 1823 4350 1886 imbuuntur:

347 1898 455 1966 ter
498 1902 630 1967 illis
674 1901 993 1983 consulat,
1040 1900 1281 1965 nedum
1326 1903 1696 1983 permittat:
1743 1902 1900 1983 quin
1940 1900 2303 1966 doctrinam
2353 1921 2358 1938 ·

347 2009 616 2053 omnem
653 2009 840 2053 suam
878 1988 970 2052 sic
1004 1995 1387 2069 temperent,
1426 1996 1501 2051 ut
1536 1987 1853 2050 rationem
1890 2007 2150 2069 semper
2185 1987 2303 2050 ha—

346 2074 552 2138 beant
605 2081 830 2138 tantae
885 2072 1379 2146 imbecillitatis,
1446 2083 1690 2155 quanta
1754 2094 1932 2136 nunc
1987 2072 2303 2155 populum

345 2160 486 2224 fere
529 2159 827 2224 laborare
872 2166 1153 2224 constat:
1200 2157 1357 2240 q'uin
1400 2159 1768 2240 praeteritis
1812 2157 2143 2222 interdum
2178 2158 2302 2221 mi-

346 2246 531 2309 nutis
567 2243 781 2322 rebus,
821 2246 1114 2326 apprime
1141 2244 1511 2309 necessaria
1545 2252 1853 2326 urgeant:
1890 2245 2049 2326 quin
2082 2265 2303 2308 emen-

349 2329 587 2396 dandis
611 2331 970 2395 maioribus
994 2329 1250 2395 delictis
1274 2330 1669 2407 insistenteS,
1708 2327 1789 2392 ad
1813 2330 2086 2413 exiguos
2111 2350 2302 2412 quos-

348 2416 504 2481 dam
549 2436 793 2480 naevos
838 2436 957 2499 pro
1003 2425 1294 2498 tempore
1337 2416 1761 2480 conniveant:
1811 2414 2091 2498 deniqne
2137 2414 2302 2478 lacte

350 2523 425 2566 ac
470 2502 667 2567 melle
710 2509 998 2584 pascant,
1041 2502 1150 2584 qui
1186 2500 1481 2565 nondum
1526 2500 1732 2565 solido
1777 2500 1919 2565 cibo
1965 2508 2121 2565 sunt
2151 2500 2301 2579 ‚ido-

348 2588 478 2653 nei.
548 2585 684 2654 Sed
722 2588 898 2650 enim
933 2586 1198 2651 illorum
1234 2587 1520 2652 vicissim
1556 2586 1770 2662 fuerit,
1818 2587 2109 2669 primum
2146 2585 2301 2650 dare

351 2693 622 2756 operam
638 2726 653 2752 ,
710 2694 795 2736 ne
852 2693 1008 2738 suae
1061 2674 1358 2756 ipsorum
1400 2671 1831 2738 imbecillitati
1879 2682 2301 2754 praetextum

349 2759 566 2843 magis
620 2769 911 2841 captent,
969 2780 1164 2841 quam
1222 2760 1534 2822 rationem
1594 2759 1822 2822 ineant
1880 2757 2302 2822 sustinendae

351 2867 582 2911 eorum
627 2845 1048 2922 infirmitatis,
1093 2845 1328 2926 quibus
1370 2841 1834 2908 confirmandis
1880 2843 2141 2907 studere
2189 2842 2300 2906 de-

351 2932 527 2996 bent.
616 2929 876 2994 Deinde
919 2951 1048 2993 non
1095 2952 1172 2994 ea
1216 2929 1648 3007 dissimulare,
1697 2930 1932 3012 quibus
1976 2929 2301 2994 stantibus

352 3038 696 3102 emergere
738 3015 1047 3082 Christus
1106 3037 1252 3081 cum
1313 3016 1637 3100 evangelii
1693 3016 1793 3081 sui
1850 3016 1991 3081 luce
2036 3037 2301 3098 prorsus

352 3111 669 3187 nequeat:
717 3110 860 3166 tum
905 3123 1038 3166 non
1083 3123 1161 3167 ea
1194 3101 1604 3185 indulgentia
1638 3103 2073 3187 ignorantiam
2111 3103 2299 3180 ferre,

353 3211 485 3273 qua
525 3190 739 3272 magis
796 3211 870 3254 ac
924 3188 1136 3272 magis
1193 3188 1591 3264 indurescat,
1650 3187 1763 3253 sed
1809 3210 1936 3270 qua
1980 3187 2301 3271 paulatim

352 3274 715 3340 dissuatur:
771 3273 1030 3357 quando
1085 3282 1416 3338 momento
1461 3295 1595 3338 uno
1640 3273 1919 3338 rescindi
1965 3272 2301 3339 commode

348 3382 481 3425 non
541 3369 771 3443 potest.
861 3360 1207 3425 Postremo
1252 3361 1548 3424 veritatis
1604 3359 2149 3441 praedicationem
2208 3360 2300 3423 sic

347 3446 704 3523 moderari,
775 3467 857 3510 ne
915 3446 1295 3527 perniciosis
1353 3467 1617 3510 rursum
1673 3443 2030 3509 mendaciis
2086 3446 2300 3528 ipsam

347 3532 814 3598 contaminent.
880 3529 1058 3611 Quid
1104 3538 1322 3595 autem
1361 3531 1603 3595 clarius
1638 3540 1756 3606 est,
1804 3551 1998 3613 quam
2033 3531 2301 3595 sinistra

346 3618 465 3682 illa
509 3639 630 3682 sua
673 3616 1025 3700 prudentia
1068 3638 1201 3681 non
1243 3615 1421 3680 aliud
1461 3637 1803 3699 quaerere,
1861 3617 1984 3679 nisi
2044 3624 2117 3679 ut
2175 3616 2298 3680 sibi

348 3704 676 3768 duntaxat
736 3702 1033 3785 sapiant?
1126 3700 1201 3768 Si
1260 3702 1442 3766 nullo
1499 3700 1870 3768 discrimine
1923 3701 2127 3766 libere
2183 3700 2297 3765 do-

347 3789 543 3855 cendi
587 3796 876 3872 potestas
920 3793 1089 3855 facta
1121 3788 1253 3852 illis
1289 3805 1474 3864 esset,
1522 3788 1683 3852 satis
1720 3797 2064 3870 appareret
2099 3808 2294 3870 quam

346 3876 800 3940 infirmitatem
855 3895 1054 3939 curae
1107 3872 1407 3938 habeant.
1428 3876 1483 3953 2)
1572 3875 1664 3937 Et
1717 3876 1770 3938 si
1816 3894 2050 3938 verum
2104 3883 2294 3951 esset,

346 3961 569 4044 aliqua
609 3961 786 4043 ipsos
828 3960 1058 4042 populi
1099 3958 1534 4024 sollicitudine
1577 3960 1779 4044 tangi,
1825 3959 1994 4042 quod
2030 3957 2298 4042 quidem

349 4047 782 4112 vanissimum
824 4055 952 4111 est:
1000 4047 1144 4129 quis
1188 4054 1406 4109 tamen
1452 4045 1585 4109 illis
1629 4045 1963 4129 largiatur,
2023 4053 2100 4108 ut
2142 4043 2297 4108 hor-

349 4131 554 4197 renda
597 4132 954 4214 impietatis
998 4130 1297 4214 exempla
1340 4133 1459 4195 sub
1503 4131 1707 4196 oculis
1752 4132 1889 4196 suis
1931 4130 2298 4213 perpetrari

353 4218 843 4285 dissimulanter
906 4216 1162 4282 ferant?
1269 4215 1436 4297 Quis
1501 4238 1788 4301 unquam
1857 4216 2296 4299 apostolorum

350 4305 570 4370 Deum
611 4325 818 4368 unum
861 4303 1307 4379 annunciavit,
1354 4304 1465 4386 qui
1510 4325 1641 4368 non
1685 4310 1912 4386 aperta
1947 4322 2107 4368 voce
2144 4301 2297 4367 deos

353 4410 578 4455 omnes
623 4390 920 4475 gentium
962 4389 1303 4453 daemonia
1346 4409 1486 4454 esse
1542 4388 1902 4473 clamaret?
1992 4386 2159 4468 Quis
2216 4386 2297 4451 de

351 4497 513 4558 puro
557 4475 689 4540 Dei
734 4475 912 4539 cultu
956 4475 1379 4540 concionatus
1422 4474 1772 4558 aliquando
1818 4485 1947 4552 est,
2009 4474 2120 4557 qui
2165 4494 2295 4538 non

354 4581 391 4625 a
429 4562 621 4626 vanis
667 4559 938 4625 deorum
995 4560 1571 4643 superstitionibus
1626 4559 2002 4644 longissime
2045 4561 2295 4625 abstra-

353 4647 579 4712 heret?
672 4645 843 4727 Quis
887 4647 1082 4711 sitam
1136 4648 1202 4711 in
1245 4646 1513 4712 Christo
1557 4646 1830 4711 salutem
1877 4644 2125 4723 docuit,
2187 4646 2294 4729 qui

351 4754 479 4798 non
539 4734 620 4799 ab
675 4732 1002 4796 idolorum
1063 4732 1300 4797 fiducia
1354 4752 1620 4815 prorsus
1664 4731 2035 4796 averteret?
2126 4729 2294 4811 Quis

353 4841 495 4884 cum
533 4817 874 4884 mendacio
909 4819 1275 4894 veritatem,
1312 4818 1525 4883 lucem
1560 4839 1710 4884 cum
1743 4818 2050 4896 tenebris,
2092 4839 2294 4884 evan-

430 4905 598 4969 lium
642 4925 792 4970 cum
836 4905 1297 4975 exsecratione,
1339 4904 1679 4969 Christum
1724 4924 1870 4971 cum
1905 4903 2141 4982 Belial,
2187 4924 2293 4967 ea-

395 5013 495 5055 em
543 4990 779 5072 copula
821 4988 1193 5074 colligavit?
1282 4988 1403 5052 Isti
1439 5011 1597 5054 vero
1633 4989 1901 5055 deorum
1942 4988 2290 5073 myriades,

356 5166 546 5173 m*—
657 5166 700 5171 ..0

705 5198 712 5204 ·
1097 5201 1130 5235 ο

487 5286 545 5406 lq)
603 5280 966 5363 1579—1611
1035 5281 1223 5335 vitiose
1274 5279 1549 5332 omittunt.-
1617 5288 1687 5332 et.
1776 5279 2290 5334 Amstelodamensis

354 5366 496 5405 men
536 5358 624 5406 at.-
658 5353 807 5405 imtio
845 5366 906 5405 ac
945 5350 1125 5418 paulo.
1273 5347 1334 5413 2)
1371 5344 1507 5399 1576
1541 5362 1709 5416 seqq„-
1745 5349 1960 5403 habent.

2410 1899 2533 1965 hac
2579 1921 2887 1964 umversa
2931 1899 3159 1983 religio
3197 1900 3567 1985 dissipatur.
3658 1904 3783 1968 Illo
3821 1904 4217 1989 pedetentim
4254 1909 4277 1971 i
4324 1945 4353 1957 -

2409 1987 2715 2051 norantia
2758 1985 3047 2062 diluitur,
3096 1986 3219 2051 hac
3257 1988 3321 2050 in
3366 1975 3800 2071 pervicaciam
3847 1992 4159 2058 coalescit.
4229 1930 4356 2059 nio

2409 2073 2795 2136 nutriuntur
2837 2070 2918 2135 ad
2964 2070 3308 2137 coelestem
3348 2075 3552 2138 vitam
3598 2078 3873 2155 animae,
3921 2077 4044 2142 hac
4079 2100 4354 2145 enecan-

2409 2167 2535 2220 tur.
2606 2158 2855 2222 Verum
2903 2159 3125 2239 inepte
3184 2158 3377 2234 faci0,
3432 2162 3543 2243 qui
3597 2163 3663 2225 in
3720 2184 3793 2227 re
3846 2162 4351 2247 expeditissima,

2408 2253 2474 2306 et
2508 2264 2674 2324 quae
2710 2242 2908 2307 verbo
2944 2264 3080 2307 uno
3116 2242 3364 2310 absolvi
3409 2255 3639 2328 potest,
3686 2247 3932 2313 diutius
3976 2271 4352 2315 commoror.

2409 2325 2753 2410 Siquidem
2797 2351 2947 2394 eum
2992 2351 3183 2394 nemo
3238 2329 3638 2395 audiendum
3695 2332 3986 2412 duxerit,
4005 2337 4060 2415 ²)
4119 2337 4226 2417 qui
4272 2336 4357 2401 ad

2408 2414 2690 2478 salutem
2726 2416 2922 2480 rebus
2964 2417 3276 2481 extremis
3313 2417 3715 2482 afferendam
3750 2421 4010 2496 missus,
4056 2441 4184 2504 quo
4218 2443 4356 2486 me-

2407 2499 2533 2563 lius
2577 2501 2886 2582 procedat
2929 2520 3047 2566 sua
3091 2521 3306 2583 opera,
3353 2503 3566 2585 prima
3610 2505 3842 2570 salutis
3886 2506 4078 2570 initia
4112 2507 4179 2571 in
4216 2506 4356 2573 lon-

2407 2606 2562 2669 gum
2608 2597 2870 2668 tempus
2914 2585 3176 2651 differre
3209 2609 3279 2651 se
3315 2585 3518 2653 dicat:
3564 2592 3951 2671 praesertim
3986 2593 4097 2657 ubi
4134 2593 4357 2675 palam

2404 2672 2510 2748 fit,
2558 2670 2736 2735 illius
2778 2693 2963 2738 mora
3019 2673 3241 2736 omnia
3281 2695 3541 2755 pessum
3589 2676 3714 2753 ire,
3773 2698 3856 2740 ne
3901 2677 4085 2742 cuius
4131 2689 4355 2761 postea

2405 2777 2525 2839 ope
2562 2757 2915 2821 instaurari
2952 2766 3214 2840 queant.
3286 2759 3508 2837 Porro,
3549 2761 3632 2824 ad
3666 2761 4089 2827 refellendam
4122 2785 4353 2839 eorum

2405 2845 3043 2926 tergiversationem,
3090 2842 3254 2907 illud
3299 2866 3550 2928 quoque
3603 2847 3876 2924 accedit,
3925 2848 4094 2930 quod
4142 2852 4354 2913 omni-

2405 2928 2527 2992 bus
2564 2950 2764 3011 prope
2800 2949 3098 2993 errorum
3135 2930 3428 3012 pestibus
3462 2930 3694 3013 quibus
3730 2933 4211 3017 repurgandam
4249 2957 4353 2999 ec-

2405 3015 2668 3080 clesiam
2709 3025 3153 3098 susceperunt,
3192 3037 3335 3080 eam
3372 3017 3687 3084 inficiunt.
3746 3017 3921 3100 Quid
3958 3020 4134 3085 enim
4173 3020 4353 3086 aliud

2405 3112 2523 3176 est,
2568 3122 2686 3183 pro
2731 3102 3009 3166 mortuis
3053 3099 3226 3184 apud
3268 3101 3490 3167 Deum
3536 3105 3960 3184 intercedere,
4002 3127 4197 3188 quam
4242 3129 4353 3190 pe-

2404 3187 2656 3251 stilenti
2693 3188 3053 3271 purgatorii
3091 3187 3395 3270 opinione
3431 3190 3772 3272 inquinare
3808 3191 4147 3256 hominum
4169 3214 4354 3258 men-

2405 3272 2547 3337 tes?
2619 3271 2821 3353 Quid,
2856 3272 3077 3338 audita
3110 3282 3522 3355 peccatorum
3544 3279 4051 3355 enumeratione,
4096 3278 4353 3344 iniunc-

2405 3367 2601 3440 taque
2647 3360 3104 3436 satisfactione,
3152 3359 3481 3426 absolutos
3526 3361 3887 3427 dimittere:
3944 3365 4070 3428 nisi
4117 3364 4353 3447 quibus

2404 3443 2684 3508 involuti
2728 3454 2885 3509 sunt
2928 3445 3205 3528 laqueis,
3268 3447 3498 3513 fortius
3553 3446 3768 3513 adhuc
3810 3451 3988 3532 ipsos
4032 3452 4353 3515 constrin-

2405 3529 2603 3613 gere?
2695 3528 2876 3610 Quid
2919 3552 3092 3609 vero,
3139 3546 3215 3594 ut
3258 3532 3385 3597 alia
3431 3534 3639 3598 multa
3681 3536 4077 3613 omittamus,
4124 3537 4354 3602 missa-

2404 3616 2607 3680 ticum
2654 3617 3041 3681 sacrificium
3085 3637 3416 3700 peragere,
3467 3621 3591 3685 nisi
3635 3642 3767 3685 uno
3812 3621 4004 3686 simul
4051 3624 4250 3686 exitio
4287 3632 4355 3686 et

2403 3700 2719 3783 populum
2765 3701 2951 3778 dare,
2998 3711 3065 3765 et
3106 3704 3319 3784 ipsam
3363 3724 3617 3788 quoque
3674 3706 4101 3791 religionem?
4192 3709 4352 3772 Per-

2403 3785 2558 3850 inde
2603 3808 2675 3852 ac
2729 3787 2786 3852 si
2831 3787 3211 3870 chirurgus,
3271 3789 3353 3854 ad
3411 3792 3915 3874 comparandam
3959 3793 4209 3856 homini
4252 3794 4352 3856 in-

2402 3872 2877 3951 columitatem,
2948 3874 2971 3935 i
3018 3895 3164 3938 sum
3221 3883 3376 3937 ante
3430 3877 3712 3961 iugulat:
3783 3888 3898 3942 aut
3950 3879 4005 3941 si
4060 3877 4352 3943 medicus

2403 3958 2811 4022 stomachum
2835 3958 2978 4023 salu
3022 3958 3080 4021 ri
3115 3960 3377 4042 potione
3409 3963 3786 4039 refecturus,
3825 3963 4040 4027 toxico
4062 3963 4351 4046 primum

2400 4044 2670 4108 imbuat.
2762 4041 2824 4108 Ο
2869 4043 3331 4123 moderatores,
3378 4048 3614 4128 quibus
3653 4056 3720 4111 et
3763 4049 3889 4112 Dei
3931 4048 4238 4129 verbum,
4286 4062 4351 4115 et

2401 4129 2745 4193 hominum
2789 4129 3060 4208 animas,
3106 4131 3246 4196 sine
3292 4130 3501 4207 mode,
3550 4134 3691 4197 sine
3730 4134 4003 4211 ratione,
4051 4136 4193 4199 sine
4238 4135 4350 4199 de-

2400 4214 2574 4279 lectu
2619 4217 3096 4293 contaminare,
3144 4217 3516 4296 obscurare,
3562 4221 3978 4300 perturbare,
4033 4218 4346 4298 disiicere,

2401 4301 2821 4384 exstinguere
2863 4303 3067 4367 satius
3112 4314 3228 4382 est,
3273 4323 3470 4385 quam
3506 4304 3825 4370 cuticulae
3868 4306 4120 4370 iactura
4160 4327 4349 4388 prae-

2402 4388 2712 4469 scriptam
2750 4410 2790 4453 a
2823 4387 2970 4454 Deo
3008 4389 3484 4472 simplicitatem
3523 4391 3780 4455 tenere!
3841 4391 4005 4456 Eius
4043 4401 4199 4476 er'go
4233 4413 4349 4474 po—

2400 4472 2538 4621 gun
2594 4482 2669 4537 ut
2719 4473 2835 4538 fidi
2891 4475 3202 4557 probique
3246 4483 3538 4556 pastores
3592 4485 4004 4556 censeantur,
4062 4478 4349 4560 postula-

2443 4569 2586 4637 unt,
2630 4581 2821 4642 quem
2858 4581 2988 4623 non
3027 4559 3220 4624 modo
3255 4559 3509 4625 libidini
3544 4563 3949 4644 prostituunt
3980 4564 4347 4646 impiorum,

2402 4643 2516 4709 sed
2559 4646 2685 4727 ipsi
2731 4645 3051 4728 flagitiose
3095 4645 3640 4712 circumscribunt
3653 4647 3685 4709 ?
3777 4648 4141 4715 Conciones
4196 4649 4347 4714 illas

2401 4731 2621 4796 nescio
2665 4731 2907 4813 quales,
2952 4732 3239 4797 fastuose
3284 4732 3470 4798 nobis
3515 4731 3885 4813 obtrudent,
3934 4733 4016 4799 ad
4051 4756 4211 4818 quas
4248 4744 4347 4801 ta·

2399 4814 2575 4880 libus
2627 4817 2973 4898 prooemiis
3024 4817 3352 4884 auditores
3410 4830 3815 4903 comparant:
3870 4840 4051 4903 =quas
4107 4821 4347 4887 talibus

2400 4900 2664 4966 demum
2698 4902 3132 4984 catastrophis
3167 4903 3484 4970 claudunt
3519 4914 3714 4989 atque
3748 4905 4152 4970 terminant?
4199 4907 4344 4971 Imo

2399 5007 2532 5069 qua
2580 4989 2794 5052 fronte
2838 4990 3111 5054 verbum
3169 4991 3299 5054 iam
3354 4992 3421 5054 in
3478 4992 3579 5055 sui
3639 4991 4075 5057 defensionem
4132 4993 4344 5058 facere

2532 5279 2591 5339 ll
2628 5294 2764 5347 eam,
2801 5282 3054 5336 omittunt
3089 5298 3268 5336 omncs
3301 5287 3521 5349 praeter
3548 5281 3871 5362 principem.

2395 5363 2563 5417 seqq:
2600 5346 2808 5403 dixerit,
2886 5348 3106 5404 Gallu„
3145 5353 3232 5419 quj
3270 5367 3337 5404 ne
3373 5360 3562 5404 trouve
3600 5365 3854 5405 mannus·
4111 5284 4174 5351 2)
4211 5283 4346 5337 1576
