5100 6061
2044 442 2698 512 PROLEGOMEN
2699 447 2780 512 A.
4244 449 4428 519 XIII

420 635 547 703 IV.
610 634 719 701 De
763 634 1032 701 Coena
1074 634 1364 701 Domini.
1453 635 1537 701 V.
1601 635 2038 719 Epinicion
2081 634 2349 701 Christo
2392 642 2748 701 cantatum.
2853 636 2974 703 VI.
3045 637 3617 706 Catechismus
3662 640 3970 707 ecclesiae
4013 643 4424 726 genevensis,

417 749 545 815 hoc
588 755 692 812 est
743 747 1028 812 formula
1071 746 1414 819 erudiendi
1455 768 1697 831 pueros
1748 747 1821 811 in
1866 746 2162 813 doctrina
2203 745 2470 812 Christi.
2561 745 2718 810 VH.
2781 747 3166 814 Formula
3223 760 3921 817 sacramentorum
3964 752 4426 821 administran-

426 861 657 927 dorum
710 860 785 923 in
841 880 1039 925 usum
1090 857 1398 924 ecclesiae
1450 860 1838 944 genevensis
1890 858 2269 941 conscripta.
2356 857 2553 923 VIII.
2619 856 2935 923 Defensio
2991 882 3191 927 sanae
3234 868 3302 926 et
3344 861 3742 929 orthodoxae
3785 861 4116 931 doctrinae
4159 863 4239 930 de
4281 887 4419 932 ser-

421 972 634 1040 vitute
673 980 741 1036 et
782 970 1170 1038 liberatione
1235 969 1509 1036 humani
1566 970 1816 1037 arbitrii
1833 1020 1851 1049 ,
1905 968 2217 1036 adversus
2260 969 2620 1035 calumnias
2663 969 2994 1035 Alberti
3034 972 3184 1057 Pig
3199 973 3321 1038 hii
3361 973 3764 1058 Campensis.
3852 974 3978 1042 IX.
4045 976 4427 1043 Admonitio

425 1092 706 1168 paterna
776 1082 1015 1149 Pauli
1070 1090 1146 1148 te
1160 1084 1304 1147 rtii
1366 1083 1621 1148 romani
1681 1082 2022 1148 Pontificis
2090 1081 2174 1146 ad
2232 1080 2583 1146 Caesarem
2650 1081 2966 1147 Carolum
3032 1085 3361 1166 quintum,
3435 1107 3587 1151 cum
3653 1086 3918 1151 scholiis
3983 1087 4076 1153 Io.
4142 1087 4426 1156 Calvini.

418 1195 509 1261 X.
557 1195 927 1261 Articuli
975 1217 1014 1260 a
1056 1194 1489 1261 Facultate
1534 1214 1755 1260 sacrae
1798 1191 2162 1277 theologiae
2205 1193 2650 1277 parisiens&
2693 1192 3109 1259 determinati
3154 1216 3351 1276 super
3391 1196 3682 1262 materiis
3724 1197 3882 1262 fidei
3924 1206 4190 1265 nostrae
4233 1198 4429 1269 hodie

416 1307 892 1387 controversis,
950 1329 1104 1374 cum
1146 1306 1459 1372 antidoto.
1546 1306 1672 1370 XI.
1740 1303 2115 1389 Supplex
2170 1305 2673 1386 exhortatio,
2732 1305 2815 1370 ad
2860 1304 3212 1371 Caesarem
3255 1305 3565 1372 Carolum
3621 1309 3926 1391 quintum
3978 1311 4427 1397 etPrincipes

417 1420 713 1503 aliosque
753 1417 1016 1485 ordines
1060 1417 1297 1502 Spirae
1338 1417 1597 1500 imperii
1651 1423 2051 1482 conventum
2104 1423 2373 1500 agentes
2387 1467 2402 1494 ,
2460 1417 2540 1482 de
2594 1417 2982 1483 necessitate
3038 1416 3491 1483 reformandae
3544 1419 3869 1485 ecclesiae.
3960 1422 4122 1488 XII.
4187 1425 4426 1492 Brevis

416 1533 765 1597 instructio
809 1514 1186 1596 mimiendis
1229 1528 1530 1595 fidelibus
1574 1528 1894 1593 adversus
1933 1520 2187 1592 errores
2232 1541 2447 1594 sectae
2490 1530 2548 1593 A
2567 1551 2613 1591 n
2629 1528 2720 1593 ab
2734 1548 2826 1611 ap
2840 1528 3242 1594 tistarum.
3315 1529 3533 1609 Item,
3595 1531 3908 1597 adversus
3961 1533 4316 1601 fanaticam
4359 1546 4428 1601 et

407 1645 731 1709 furiosam
774 1650 1023 1724 sectam
1064 1642 1215 1707 Lib
1232 1641 1689 1705 ertinorum
1731 1639 1845 1723 qui
1886 1659 1957 1703 se
2002 1637 2395 1723 Spirituales
2438 1650 2691 1705 vocant.
2781 1639 2953 1705 Item
2973 1692 2987 1719 ,
3033 1640 3331 1724 Epistola
3373 1641 3456 1706 ad
3496 1640 3720 1707 fideles
3762 1643 3876 1726 qui
3919 1644 4171 1730 degunt
4220 1648 4429 1713 Roto-

421 1756 623 1841 magi,
669 1754 987 1822 adversus
1020 1754 1656 1820 Franciscanum
1691 1751 2019 1835 quendam
2054 1752 2554 1818 Libertinorum
2591 1753 2831 1817 erroris
2853 1758 3270 1817 sectatorem.
3359 1752 3558 1818 ΧΠΙ.
3624 1753 4008 1820 Admonitio
4043 1778 4175 1840 qua
4209 1766 4427 1825 osten-

426 1868 611 1934 ditur
654 1886 852 1950 quam
896 1888 933 1931 e
976 1887 1049 1931 re
1092 1865 1486 1932 christianae
1530 1862 1925 1946 reipublicae
1967 1864 2136 1930 foret
2175 1861 2570 1930 Sanctorum
2627 1884 2899 1947 corpora
2940 1872 3010 1930 et
3057 1864 3457 1948 reliquias
3500 1866 3682 1931 velut
3722 1867 3792 1930 in
3831 1867 4280 1934 inventarium
4323 1891 4429 1936 re-

419 1981 577 2064 digi,
625 1999 793 2063 quae
838 1986 973 2043 tam
1013 1979 1085 2042 in
1119 1976 1317 2042 Italia
1358 1997 1557 2060 quam
1601 1976 1671 2039 in
1709 1974 1965 2055 Gallia,
2014 1976 2404 2054 Germania,
2448 1975 2777 2059 Hispania
2811 1978 3210 2061 caeterisque
3244 1978 3616 2061 regionibus
3651 1978 3994 2044 habentur.
4077 1979 4267 2046 XIV.
4323 1983 4429 2048 De

416 2091 795 2159 vitandis
852 2088 1622 2173 superstitionibus,
1689 2110 1854 2172 quae
1911 2110 2064 2157 cum
2120 2089 2375 2155 sincera
2426 2086 2581 2153 fidei
2634 2087 3037 2154 confessione
3091 2096 3406 2174 pugnant.
3494 2090 3662 2154 Item
3720 2091 4057 2157 excusatio
4113 2091 4429 2160 adversus

420 2201 1234 2269 Pseudonicodemos.
1324 2198 1581 2281 Quibus
1646 2199 1918 2266 accessit
1981 2221 2371 2282 responsum
2434 2207 2773 2284 pastorum
2839 2201 3165 2284 tigurinae
3229 2201 3553 2267 ecclesiae.
3652 2200 3809 2266 XV.
3889 2202 4062 2268 Acta
4117 2201 4430 2287 Synodi

422 2316 1001 2394 Tridentinae,
1056 2334 1211 2379 oum
1250 2311 1557 2378 antidoto.
1645 2310 1838 2376 XVI.
1907 2313 2089 2377 Vera
2131 2313 2531 2379 christianae
2585 2312 3197 2394 pacificationis
3254 2319 3321 2377 et
3374 2312 3681 2379 ecclesiae
3732 2313 4188 2379 reformandae
4243 2318 4428 2396 ratio,

417 2448 556 2493 una
598 2448 752 2493 cum
795 2423 1168 2509 appendice.
1257 2424 1487 2490 XVII.
1557 2423 1936 2490 Admonitio
1977 2423 2292 2490 adversus
2336 2423 2894 2508 Astrologiam
2937 2445 3134 2506 quam
3176 2422 3578 2490 iudiciariam
3613 2432 3868 2504 vocant,
3915 2425 4206 2509 aliasque
4240 2420 4430 2511 prae-

416 2548 603 2606 terea
645 2539 1056 2604 curiositates
1099 2536 1453 2602 nonnullas
1497 2557 1664 2619 quae
1703 2533 1897 2601 hodie
1941 2557 2060 2620 per
2101 2537 2487 2601 universum
2528 2535 2664 2600 fere
2710 2535 2935 2600 orbem
2979 2543 3380 2620 grassantur.
3456 2536 3718 2601 XVIII.
3786 2536 4240 2605 Consensio
4283 2561 4430 2604 mu-

416 2661 541 2717 tua
576 2652 647 2715 in
692 2671 765 2715 re
807 2649 1348 2727 sacramentaria,
1406 2648 1860 2713 ministrorum
1917 2648 2331 2733 tigurinae
2384 2646 2690 2713 ecclesiae
2742 2655 2808 2711 et
2849 2648 2941 2712 Io.
2988 2646 3253 2713 Calvini
3308 2648 3595 2712 ministri
3650 2649 4040 2733 genevensis
4096 2650 4427 2717 eeclesiae.

418 2762 622 2829 XIX.
696 2763 802 2827 De
858 2759 1267 2827 scandalis
1321 2758 1558 2844 quibus
1614 2758 1808 2825 hodie
1859 2759 2154 2844 plerique
2210 2760 2691 2839 absterrentur,
2750 2758 3056 2824 nonnulli
3113 2760 3313 2824 etiam
3370 2758 3743 2824 alienantur
3784 2783 3825 2826 a
3873 2783 4046 2846 pura
4100 2762 4429 2847 evangelii

412 2873 733 2941 doctrina.
823 2872 985 2938 XX.
1048 2873 1156 2938 De
1196 2882 1464 2937 aeterna
1502 2872 1633 2937 Dei
1671 2871 2265 2955 praedestinatione
2306 2892 2435 2954 qua
2478 2869 2552 2935 in
2595 2869 2871 2936 salutem
2914 2870 3076 2935 alios
3118 2891 3204 2935 ex
3245 2870 3617 2936 hominibus
3660 2870 3875 2957 elegit,
3920 2873 4081 2941 alios
4122 2895 4245 2941 suo
4289 2874 4428 2940 exi-

415 2988 511 3053 tio
556 2985 837 3070 reliquit.
907 2985 1098 3064 Item,
1141 2984 1222 3050 de
1264 2983 1679 3069 providentia
1720 3003 1848 3067 qua
1888 3003 1996 3048 res
2038 2983 2361 3050 humanas
2403 2983 2747 3068 gubernat,
2793 2981 3260 3049 Consensus
3301 2989 3638 3065 pastorum
3681 2988 4174 3068 genevensis
4219 2986 4425 3068 eccle-

411 3099 555 3164 siae
597 3118 638 3162 a
678 3098 772 3164 Io.
819 3097 1100 3164 calvino
1144 3096 1496 3181 expositus.

728 3208 952 3277 Series
1015 3208 1475 3293 opusculorum
1534 3228 1733 3291 quam
1796 3205 2006 3272 editor
2060 3205 2404 3273 constituit
2457 3208 2681 3290 paucis
2736 3206 3023 3290 exceptis
3078 3204 3162 3272 ad
3215 3212 3585 3290 temporum
3647 3208 3967 3273 rationem
4021 3215 4251 3274 exacta
4302 3215 4421 3274 est.

415 3320 619 3404 Quod
661 3321 744 3387 ad
789 3340 1158 3387 sermonem
1197 3321 1435 3386 attinet
1475 3340 1602 3403 quo
1647 3318 1891 3402 singuli
1935 3324 2254 3384 tractatus
2296 3318 2584 3401 primum
2625 3320 2696 3383 in
2737 3318 2952 3384 lucem
2994 3317 3153 3383 editi
3208 3318 3505 3397 fuerunt,
3561 3319 3633 3384 in
3686 3326 3827 3413 tota
3875 3319 3992 3385 illa
4045 3317 4426 3387 collectione

414 3433 710 3516 quinque
762 3439 918 3499 sunt
960 3432 1067 3499 vel
1121 3454 1239 3498 sex
1290 3430 1521 3518 gallice
1577 3432 1659 3496 ab
1716 3437 1949 3494 autore
2003 3430 2352 3516 conscripti
2406 3437 2474 3494 et
2528 3432 2611 3496 ab
2665 3430 2805 3513 ipso
2858 3428 3151 3495 Gallasio
3209 3429 3314 3515 (ut
3355 3429 3742 3514 plurimum)
3797 3430 4124 3498 latinitate
4179 3431 4422 3512 donati,
4487 3437 4490 3444 “

414 3545 674 3611 scilicet
713 3543 813 3608 illi
852 3565 1012 3628 quos
1049 3544 1132 3609 N.
1177 3543 1298 3609 IV.
1344 3542 1504 3610 VH.
1548 3541 1711 3608 XII.
1756 3541 1957 3607 XIH.
2004 3549 2072 3607 et
2111 3540 2341 3607 XVII.
2386 3541 2867 3625 insignivimus,
2914 3548 2980 3606 et
3020 3539 3213 3605 XIV.
3258 3562 3342 3606 ex
3383 3548 3590 3625 parte.

727 3654 838 3722 Ad
876 3677 1113 3722 manus
1154 3656 1282 3721 fuit
1320 3654 1658 3740 exemplar
1700 3653 2149 3720 Bibliothecae
2187 3653 2431 3721 civicae
2473 3653 2840 3732 turicensis,
2885 3654 3071 3718 cuius
3113 3653 3480 3735 praefectus
3496 3705 3512 3734 ,
3556 3655 3661 3720 vir
3701 3655 4098 3721 clarissimus
4143 3656 4424 3723 Iacobus

404 3768 764 3834 Homerus
777 3820 796 3848 ,
851 3766 1006 3833 inde
1049 3789 1089 3833 a
1131 3767 1500 3834 studiorum
1542 3772 1919 3830 nostrorum
1962 3765 2484 3833 calvinianorum
2534 3762 2910 3847 primordiis
2963 3784 3042 3836 ea
3094 3770 3236 3829 tam
3273 3764 3645 3831 'liberaliter
3688 3753 3991 3832 omnibus
4043 3765 4254 3833 modis
4307 3766 4422 3831 ad-

399 3880 620 3958 iuvit,
674 3879 1156 3963 ¹thesaurosque
1210 3899 1367 3945 suae
1420 3874 1753 3945 custodiae
1798 3876 2079 3943 creditos
2124 3885 2261 3941 tam
2301 3875 2437 3942 late
2480 3883 2706 3960 patere
2747 3874 2981 3954 voluit,
3040 3883 3114 3940 ut
3165 3897 3531 3959 nunquam,
3578 3878 3683 3941 vel
3727 3878 4121 3943 cumulatius
4163 3876 4422 3970 praedi-

394 4001 557 4058 cata
600 3990 816 4072 laude,
852 3993 1107 4058 meritis
1142 3972 1359 4076 grates
1397 4010 1709 4074 aequasse
1750 3987 1939 4054 nobis
1974 3986 2328 4056 videamur.
2407 3987 2501 4073 (N
2503 3989 2831 4071 uperrime
2863 3987 3023 4071 ipsis
3066 3987 3480 4053 rarissimum
3522 4006 3689 4072 opus
3732 3988 4050 4055 redimere
4095 3990 4420 4074 contigit.)

2362 4314 2452 4380 11.

1997 4483 2323 4553 EDITIO
2366 4486 2818 4553 BARBI'RII.

722 4661 1077 4728 Pauciores
1128 4669 1449 4728 tractatus
1505 4683 1588 4727 ex
1644 4661 1776 4727 illis
1830 4682 1990 4745 quos
2045 4660 2380 4728 Gallasius
2438 4658 2732 4764 ediderat
2784 4662 2998 4727 forma
3049 4659 3287 4725 minori
3347 4657 3681 4723 octonaria
3735 4655 3947 4723 denuo
4012 4658 4419 4725 excuderunt

394 4795 588 4840 anno
637 4777 800 4838 1563
844 4774 908 4839 N
909 4774 1156 4839 icolaus
1197 4774 1476 4840 Barbier
1516 4782 1582 4839 et
1624 4773 1911 4839 Thomas
1952 4772 2299 4852 Courteau,
2346 4773 2747 4858 typographi
2789 4792 3191 4859 genevenses
3227 4771 3339 4854 qui
3373 4776 3567 4836 antea
3596 4769 3857 4852 prelum
3890 4769 4191 4853 Basileae
4225 4790 4416 4835 exer-

392 4893 704 4963 cuerant,
750 4906 1160 4968 quorumque
1206 4884 1528 4990 emblema
1568 4886 1640 4950 in
1682 4884 2177 4969 Prolegomenis
2210 4884 2587 4950 Voluminis
2629 4886 2808 4951 tertii
2849 4905 3120 4967 operum
3164 4881 3427 4949 Calvini
3468 4901 3615 4966 pag.
3652 4880 3898 4946 XLm
3933 4879 4412 4962 descripsimus.

393 4997 647 5064 Facies
688 4994 897 5063 libelli
937 4997 1100 5062 haec
1143 5003 1271 5062 est:

724 5095 1231 5181 IOANMS
1296 5093 1306 5206 ᾗ
1373 5095 1706 5181 Caluini
1768 5096 2195 5212 opuscula.
2253 5102 2264 5208 Ι
2319 5106 2425 5173 De
2469 5109 2727 5174 animae
2781 5106 3289 5173 immomfitaoe.
3343 5107 3354 5190 ι
3402 5106 3654 5173 eontra
3697 5101 4194 5186 Anabaptistas,
4239 5105 4248 5188 ι
4297 5105 4414 5169 Li-

396 5220 725 5300 bertinos,
766 5228 832 5285 et
866 5219 876 5299 Ι
916 5220 1346 5286 Franciscum
1389 5218 1734 5303 quendam.
1788 5221 1798 5305 Ι
1848 5222 1958 5286 De
1992 5220 2282 5288 vitandis
2327 5221 2811 5304 superstitioni·
2836 5221 2845 5305 Ι
2871 5218 3009 5286 bus.
3053 5220 3085 5303 ΙΙ
3130 5219 3381 5285 Contra
3413 5215 4048 5283 Pseudonicodemos
4086 5217 4097 5300 1
4136 5225 4204 5282 et
4237 5215 4413 5282 Con-

386 5335 555 5403 silia
614 5332 789 5398 Phil.
844 5332 1102 5397 Melan·
1128 5332 1141 5421 Ι
1166 5331 1452 5412 ethonis,
1508 5331 1785 5396 Martini
1844 5334 2106 5413 Buceri,
2159 5333 2171 5416 Ι
2219 5332 2407 5398 Petri
2454 5332 2772 5417 Martyris
2830 5340 2898 5396 et
2951 5333 3154 5416 eins-2
3185 5329 3335 5396 dem
3384 5329 3677 5407 Caluini,
3747 5328 3946 5392 etiam
3999 5349 4150 5394 con·
4180 5329 4187 5413 Ι
4212 5327 4411 5393 clusio
