5100 6061
743 408 868 472 319

744 615 1051 661 sonarum
1116 592 1481 658 trinitatem
1543 592 1887 676 plusquam
1954 591 2295 658 evidenter
2361 591 2694 691 designari

743 681 1170 765 agnoscimus.
1262 679 1411 744 Iam
1452 700 1608 745 vero
1653 678 2151 756 confessionem,
2210 678 2462 743 solenni
2520 678 2694 743 iure-

740 766 1021 831 iurando
1056 766 1137 830 ab
1172 765 1480 831 universo
1515 757 1772 848 ρόΡιιΙο
1790 762 2051 843 editam,
2089 785 2224 828 non
2259 765 2403 829 sine
2438 765 2694 828 ratione

742 851 1226 936 adiungendam
1262 852 1653 917 curavimus.
1749 850 2003 933 Nempe
2047 856 2126 913 ut
2163 851 2216 914 si
2253 851 2559 933 quopiam
2593 857 2693 913 te-

738 939 1061 1004 merarius
1104 935 1185 1002 de
1227 936 1350 1002 hac
1394 958 1466 1001 re
1509 936 1709 1000 fuerit
1754 934 2011 1000 delatus
2046 957 2289 1014 rumor,
2336 937 2523 1000 cuius
2559 957 2693 1001 non

739 1024 955 1090 levem
998 1043 1226 1088 auram
1285 1024 1527 1089 sentire
1582 1021 1945 1105 coepimus,
2002 1042 2087 1085 ne
2146 1021 2254 1105 (ut
2298 1043 2422 1086 usu
2467 1021 2694 1086 venire

739 1111 924 1189 solet,
969 1131 1171 1208 quum
1215 1129 1322 1174 res
1355 1107 1439 1172 ad
1480 1107 1805 1190 liquidum
1843 1117 2176 1190 comperta
2210 1128 2343 1173 non
2365 1113 2495 1191 est)
2539 1108 2691 1184 sint,

740 1197 852 1278 qui
887 1218 1003 1260 nos
1039 1195 1374 1278 quippiam
1408 1213 1578 1258 novo
1623 1192 1923 1275 exemplo
1968 1214 2111 1258 esse
2157 1192 2502 1258 admolitos
2546 1214 2690 1258 sus-

738 1283 1069 1366 picentur:
1139 1278 1310 1379 quod
1365 1279 1625 1344 senatui
1680 1289 1904 1344 nostro
1963 1279 2210 1344 fuimus
2267 1288 2529 1343 autores
2587 1300 2691 1343 sa-

740 1367 1056 1432 cramenti
1100 1366 1289 1431 istius
1333 1364 1660 1448 exigendi.
1751 1363 2075 1446 Equidem
2129 1364 2285 1430 facti
2328 1365 2535 1429 nostri
2582 1386 2688 1429 ae-

739 1453 1057 1536 quitatem
1111 1451 1351 1517 clarius
1405 1452 1660 1516 elucere
1718 1450 2142 1527 arbitramur,
2197 1472 2391 1533 quam
2447 1457 2521 1515 ut
2577 1450 2686 1515 de-

737 1539 1030 1604 fensione
1086 1537 1246 1614 ulla,
1315 1536 1549 1601 saltem
1612 1536 1786 1619 apud
1843 1534 2141 1600 cordatos
2199 1535 2686 1619 prudentesque

736 1625 943 1701 viros,
987 1644 1149 1723 opus
1190 1589 1448 1687 h'abeat.
1540 1623 1746 1704 Atqui
1806 1643 1889 1686 ne
1945 1623 2039 1687 sic
2083 1621 2349 1703 quidem
2395 1643 2685 1705 quorun-

737 1709 889 1775 dam
934 1710 1426 1775 criminationes
1469 1708 1756 1791 effugere
1813 1709 2045 1791 potuit.
2137 1709 2353 1773 Tanta
2408 1716 2508 1772 est
2561 1710 2684 1772 im-

734 1797 1007 1879 peritiae
1042 1794 1407 1871 morositas,
1446 1803 1522 1856 ut
1557 1792 1716 1857 vel
1699 1815 1770 1856 ιιι
1806 1792 1998 1859 rebus
2031 1793 2526 1893 probatissimis,
2567 1793 2684 1857 ha-

733 1882 886 1948 beat
924 1902 1182 1965 semper
1225 1878 1397 1963 quod
1441 1877 1894 1961 reprehendat.
1963 1878 2101 1945 Nos
2146 1901 2301 1964 ergo
2341 1881 2452 1963 qui
2489 1880 2684 1945 officii

733 1969 943 2033 nostri
981 1988 1126 2033 esse
1171 1963 1486 2041 ducimus,
1534 1964 1837 2031 omnibus
1882 1972 2202 2048 quantum
2238 1967 2306 2030 in
2343 1967 2529 2031 nobis
2564 1975 2681 2044 est,

734 2055 1131 2119 satisfacere:
1201 2052 1425 2149 paucis
1487 2051 1923 2117 indicabimus
1980 2072 2177 2134 quam
2231 2051 2437 2117 solida
2492 2053 2685 2118 nobis

733 2141 929 2205 istius
980 2138 1234 2205 consilii
1289 2137 1456 2202 ratio
1517 2144 1785 2202 constet.
1876 2136 2274 2221 Quanquam
2331 2146 2481 2221 post
2534 2138 2685 2213 abor

733 2225 1160 2290 minationem
1216 2222 1522 2307 papismi‚
1580 2221 1762 2288 verbi
1813 2224 2058 2288 virtute
2111 2224 2218 2289 hic
2271 2231 2683 2307 p,rostratam

735 2309 1299 2376 senatusconsulto
1342 2307 1627 2374 edictum
1671 2309 1900 2386 fuerat,
1948 2320 2024 2373 ιιι
2057 2309 2333 2376 sublatis
2369 2312 2684 2392 supersti-

734 2395 1055 2472 tionibus,
1103 2416 1458 2476 earumque
1515 2395 2007 2474 instrumentis,
2065 2394 2149 2460 ad
2194 2396 2523 2481 evangelii
2567 2418 2685 2479 pu-

733 2483 997 2546 ritatem
1039 2480 1220 2546 urbis
1263 2479 1492 2564 religio
1545 2489 2066 2564 componeretur:
2123 2480 2419 2546 nondum
2462 2492 2685 2547 tamen

734 2587 813 2632 ea
855 2575 1115 2632 exstare
1150 2565 1336 2632 nobis
1371 2565 1716 2631 videbatur
1750 2566 2058 2632 ecclesiae
2097 2568 2310 2643 facies,
2358 2588 2557 2651 quam
2592 2567 2684 2632 le-

733 2653 966 2737 gitima
1004 2653 1298 2717 muneris
1343 2653 1548 2717 nostri
1590 2651 2070 2718 administratio
2114 2654 2489 2736 requireret.
2560 2654 2685 2719 Ut-

735 2759 989 2822 cunque
1035 2739 1210 2802 enim
1268 2738 1620 2804 aestiment
1676 2739 1816 2814 alii,
1877 2760 1996 2803 nos
2051 2746 2226 2804 certe
2280 2741 2680 2804 functionem

2408 399 3083 470 οΑιΕεΗιειιιιε.
3126 381 3143 394 ’

4625 403 4751 467 320

2798 592 2945 656 miis
2990 597 3215 673 postea
3259 589 3581 655 libertatis
3626 589 3996 656 vindicibus
4014 642 4028 668 ,
4087 590 4258 655 Esra
4313 597 4381 654 et
4424 589 4753 656 Nehemia

2798 678 2969 743 facta
3014 684 3129 741 εει.
3202 675 3333 741 Oui
3376 677 3508 741 iam
3554 676 3992 742 criminationi
4037 682 4264 760 patere
4306 677 4556 742 factum
4598 697 4753 741 nos-

2797 769 2979 828 trum
3010 769 3252 847 potest,
3302 769 3401 826 tot
3430 761 3718 828 classicis
3741 762 4079 827 autoribus
4114 762 4486 827 munitum?
4534 762 4754 827 Tanta

2796 849 3000 932 igitur
3025 848 3431 924 ‚necessitate
3476 848 3711 928 adacti,
3757 855 4060 914 senatum
4096 868 4175 912 ea
4208 847 4289 912 de
4332 868 4405 913 re
4447 857 4753 913 nostrum

2798 934 3299 1017 appellavimus:
3359 940 3427 998 et
3485 933 3703 1000 oblata
3760 934 4182 1000 confessionis
4240 934 4523 999 formula
4537 986 4553 1012 ,
4624 936 4752 999 im-

2796 1042 2998 1103 pense
3057 1020 3461 1103 rogavimus,
3516 1028 3591 1084 ut
3645 1042 3728 1085 ne
3785 1018 3942 1085 dare
3995 1019 4283 1084 Domino
4342 1020 4620 1104 gloriam
4683 1022 4753 1086 in

2796 1105 3165 1188 profitenda
3219 1106 3361 1171 eius
3398 1107 3682 1170 'veritate
3725 1114 4130 1190 gravaretur.
4223 1107 4528 1205 Aequum
4583 1127 4750 1185 esse,

2796 1200 2873 1255 ιιι
2914 1194 2983 1256 ιιι
3028 1193 3282 1258 actione
3326 1199 3465 1255 tam
3508 1201 3735 1258 sancta
3778 1192 4014 1275 populo
4060 1214 4176 1257 suo
4219 1193 4584 1274 praeirent,
4643 1194 4752 1257 cui

2796 1299 2865 1342 se
2921 1279 3132 1342 omnis
3176 1278 3448 1343 virtutis
3501 1277 3842 1363 exemplar
3897 1299 4040 1344 esse
4097 1286 4395 1361 oportere
4448 1287 4748 1344 noverat.

2795 1362 2983 1444 Quae
3040 1371 3183 1428 erat
3255 1363 3564 1447 postulati
3638 1365 3847 1429 nostri
3899 1364 4222 1448 aequitas,
4284 1364 4473 1464 facile
4537 1365 4751 1447 impe-

2793 1451 3144 1528 travimus,
3191 1459 3269 1513 ut
3255 1386 3493 1548 I'plebs
3537 1448 3921 1514 decuriatim
3966 1457 4322 1515 convocata
4367 1451 4439 1515 in
4493 1451 4750 1549 confes-

2794 1536 3040 1600 sionem
3097 1537 3293 1600 istam
3353 1529 3617 1600 iuraret.
3724 1535 3933 1601 Cuius
3994 1537 4059 1599 ιιι
4119 1535 4512 1618 praestando
4568 1537 4751 1602 iura-

2792 1631 3015 1686 mento
3059 1642 3190 1686 non
3247 1622 3461 1685 minor
3514 1622 3640 1685 fuit
3686 1622 4018 1699 alacritas,
4062 1642 4257 1705 quam
4304 1623 4375 1686 in
4431 1620 4751 1688 edicendo

2792 1715 3058 1772 senatus
3109 1706 3463 1791 diligentia.
3558 1709 3776 1790 Atque
3824 1705 4087 1772 divinae
4128 1707 4295 1792 legis
4347 1706 4748 1773 observatio—

2790 1814 2941 1857 nem
2984 1792 3405 1857 iureiurando
3457 1792 3748 1874 polliceri
3792 1793 3953 1858 iussi
3996 1800 4183 1872 sunt,
4237 1793 4305 1858 id
4349 1814 4504 1859 vero
4546 1815 4748 1860 excu-

2790 1880 2922 1943 sari
2967 1878 3150 1943 nullo
3193 1879 3385 1943 modo
3423 1887 3655 1960 potest.
3739 1877 3873 1959 Qui
3930 1889 4062 1944 tam
4109 1879 4589 1945 inconsiderate
4633 1881 4750 1946 ob·

2790 1972 3081 2048 strepere
3147 1963 3419 2043 audent,
3516 1986 3646 2029 non
3744 1967 4284 2030 animadvertunt
4356 1966 4749 2050 quibuscum

2788 2059 3121 2116 certamen
3168 2050 3547 2132 suscipiant.
3639 2051 3851 2132 Quale
3896 2051 4072 2117 enim
4116 2059 4218 2117 est
4260 2051 4515 2131 foedus,
4564 2052 4745 2135 quod

2789 2136 3015 2217 Iosias,
3074 2137 3476 2219 approbante
3522 2138 3837 2214 Domin0,
3903 2158 4018 2203 suo
4064 2138 4412 2222 populique
4473 2140 4749 2205 nomine

2789 2223 3151 2305 percussit?
3200 2222 3451 2305 Nempe
3470 2232 3543 2287 ut
3573 2245 3790 2288 coram
3814 2225 4101 2288 Domino
4144 2224 4529 2303 ambularet,
4555 2245 4751 2307 prae-

2790 2317 2979 2392 cepta
3023 2317 3092 2373 et
3134 2308 3507 2373 testimonia
3550 2318 3617 2373 et
3659 2310 4152 2375 iustificationes
4197 2311 4365 2374 ειιιε
4385 2309 4750 2376 custodiret

2791 2397 2861 2459 in
2907 2403 3045 2459 toto
3089 2392 3282 2460 corde
3326 2416 3442 2460 suo
3486 2403 3552 2460 et
3594 2405 3732 2461 tota
3770 2396 4013 2460 anima:
4071 2396 4308 2478 quibus
4352 2395 4748 2462 conditioni·

2790 2480 2912 2545 bus
2969 2481 3258 2546 universi
3304 2480 3530 2547 Iudaei
3583 2481 3780 2547 fidem
3837 2503 4023 2546 suam
4038 2534 4054 2560 ,
4117 2503 4243 2547 non
4302 2483 4443 2547 sine
4496 2484 4747 2548 iureiu-

2790 2566 3015 2645 rando,
3062 2564 3573 2631 obstrinxerunt.
3666 2565 3807 2633 Sub
3853 2569 3990 2632 Asa
4033 2565 4265 2633 iisdem
4312 2566 4564 2652 legibus
4611 2570 4747 2634 foe·

2791 2652 2912 2718 dus
2953 2652 3275 2718 sancitum
3334 2653 3489 2730 fuit,
3543 2654 3961 2737 iuratumque
4018 2654 4089 2717 in
4145 2661 4285 2717 toto
4339 2653 4533 2720 corde
4590 2677 4747 2720 cum

2789 2738 3022 2814 iubilo,
3070 2759 3217 2803 cum
3264 2759 3421 2804 voce
3465 2760 3736 2822 magna,
3779 2740 4086 2824 clangore
4131 2738 4356 2816 tubae,
4414 2747 4481 2803 et
4520 2743 4747 2806 sonitu

731 2832 1026 2890 nostram
1071 2824 1230 2888 adeo
1276 2825 1532 2908 exiguis
1567 2825 1812 2889 finibus
1854 2826 2269 2889 terminatam
2318 2847 2448 2890 non
2494 2835 2739 2930 puta-
2790 2824 3229 2890 buccinarum.
3299 2824 3483 2889 Idem
3519 2835 4026 2925 sacramentum,
4071 2824 4537 2908 stipulantibus
4571 2827 4746 2892 Esra

731 2932 897 2990 mus,
946 2920 1019 2974 ut
1061 2912 1373 2976 concione
1417 2910 1669 2988 habita,
1715 2932 1834 2975 ceu
1875 2911 2202 2992 persoluto
2246 2932 2482 2993 penso,
2528 2931 2681 2976 con-

730 2997 1061 3081 quiescere
1095 2996 1301 3062 liceat.
1368 2995 1651 3079 Propius
1684 2996 1890 3062 multo
1925 3016 1999 3063 ac
2033 2997 2452 3082 vigilantiore
2485 3018 2685 3082 opera

731 3083 1006 3149 curandi
1049 3092 1224 3162 sunt,
1269 3103 1547 3165 quorum
1590 3084 1880 3167 sanguis,
1926 3084 1982 3148 si
2029 3082 2278 3148 desidia
2310 3092 2534 3150 nostra

731 3171 948 3247 rierit,
1008 3190 1048 3232 a
1098 3169 1288 3234 nobis
1343 3178 1733 3251 reposcetur.
1824 3168 1900 3234 Si
1943 3167 2201 3252 quando
2246 3179 2465 3234 autem
2612 3191 2683 3234 as

730 3277 850 3321 nos
887 3257 1120 3320 anxios
1156 3254 1439 3320 habebat
1474 3255 1634 3319 haec
1680 3253 2073 3332 sollicitudo,
2121 3264 2260 3319 tum
2305 3276 2460 3320 vero
2506 3278 2684 3320 acer·

731 3343 897 3405 rime
927 3342 1159 3406 urebat
1181 3362 1254 3406 ac
1279 3339 1729 3417 discruciabat,
1766 3341 2019 3422 quoties
2058 3340 2506 3406 distribuenda
2540 3342 2739 3406 erat

729 3427 1004 3491 Domini
1048 3446 1268 3491 coena.
1362 3418 1594 3506 Quum
1631 3428 1805 3491 enim
1850 3426 2210 3491 multorum
2257 3427 2455 3494 dubia
2495 3427 2683 3492 nobis

731 3512 916 3589 foret,
964 3522 1030 3576 et
1068 3513 1354 3577 maxime
1399 3512 1598 3577 etiam
1634 3519 1937 3594 suspecta
1970 3512 2152 3590 fides,
2198 3534 2426 3578 omnes
2460 3524 2682 3578 tamen

732 3599 1101 3681 promiscue
1157 3597 1630 3680 irrumpebant.
1723 3598 1812 3662 Et
1867 3598 1964 3663 illi
2018 3598 2282 3682 quidem
2337 3601 2506 3664 iram
2552 3598 2680 3663 Dei

731 3684 1053 3749 vorabant
1110 3685 1324 3766 potius
1339 3734 1357 3761 ,
1414 3704 1610 3766 quam
1657 3684 1833 3747 vitae
1877 3691 2361 3750 sacramentum
2415 3686 2680 3768 partici-

731 3770 992 3852 pabant.
1084 3769 1291 3852 Atqui
1342 3790 1427 3834 an
1483 3791 1617 3834 non
1667 3771 1807 3852 ipse
1857 3776 2111 3854 quoque
2155 3779 2377 3853 pastor
2421 3780 2677 3836 tantum

730 3856 1121 3940 mysterium
1176 3855 1526 3938 profanare
1587 3854 1948 3921 credendus
2008 3867 2110 3922 εει
2127 3909 2142 3935 ,
2201 3858 2309 3941 qui
2357 3855 2682 3923 delectum

732 3942 805 4005 in
841 3962 916 4005 eo
947 3941 1488 4006 communicando
1521 3941 1782 4005 nullum
1814 3942 2052 4008 habet?
2123 3940 2348 4022 Quare
2381 3965 2512 4008 non
2550 3943 2682 4008 alia

732 4026 876 4109 lege
920 4046 1148 4125 pacem
1192 4046 1267 4092 ac
1313 4028 1602 4125 quietem
1656 4025 1948 4093 obtinere
2005 4049 2155 4094 cum
2212 4032 2454 4095 nostris
2504 4031 2679 4112 ipso-

732 4134 882 4180 rum
926 4114 1337 4178 conscientiis
1380 4114 1733 4197 potuimus,
1780 4135 1980 4196 quam
2018 4124 2094 4179 ut
2138 4114 2392 4179 solenni
2435 4116 2679 4198 profes·

734 4199 913 4263 sione
947 4219 1187 4262 nomen
1224 4197 1494 4264 Christo
1532 4198 1782 4278 darent,
1820 4200 1933 4282 qui
1967 4201 2039 4264 ιιι
2077 4201 2218 4265 ειιιε
2252 4202 2492 4284 populo
2528 4223 2681 4268 cen-

734 4285 881 4363 seri,
929 4289 1123 4367 atque
1167 4283 1249 4347 ad
1293 4284 1633 4368 spirituale
1675 4294 2288 4369 sacrosanctumque
2321 4287 2488 4353 illud
2523 4309 2681 4370 epu-

736 4369 874 4435 lum
919 4368 1175 4433 admitti
1221 4369 1653 4436 vellent.1d
1701 4371 1771 4435 in
1814 4373 2156 4456 baptism0,
2211 4373 2531 4455 inquiunt,
2581 4395 2680 4439 se·

734 4455 863 4521 mel
909 4454 1154 4520 factum
1197 4455 1429 4520 fuerat.
1500 4454 1635 4521 Sed
1679 4477 1870 4523 nemo
1913 4480 2047 4523 non
2091 4457 2415 4524 defecerat
2450 4481 2489 4524 a
2522 4460 2682 4541 bap-

732 4541 914 4607 tismi
956 4540 1373 4623 professione.
1455 4539 1530 4606 Si
1575 4543 1847 4609 militiae
1890 4542 2212 4609 desertori
2252 4546 2542 4629 primum
2578 4567 2681 4610 sa-

735 4633 1163 4705 cramentum,
1209 4626 1381 4709 quod
1424 4626 1698 4709 perfidia
1740 4650 1858 4694 sua
1893 4630 2183 4708 violavit,
2229 4632 2528 4697 sufficere
2566 4652 2679 4695 au·

734 4724 1028 4792 tumant,
1076 4712 1354 4779 verbum
1393 4733 1513 4796 pro
1558 4734 1792 4779 causae
1836 4722 2098 4782 nostrae
2141 4717 2503 4816 patrocinio
2548 4738 2680 4781 non

735 4799 1064 4866 faciemus.
1156 4796 1281 4864 Sin
1325 4800 1465 4882 ipse
1509 4820 1759 4882 quoque
1816 4823 2048 4867 sensus
2091 4804 2455 4868 communis
2500 4802 2681 4868 aliud

738 4883 970 4965 dictat,
1027 4885 1205 4950 omni
1256 4884 1586 4950 calumnia
1640 4885 2010 4953 liberamur.
2100 4887 2328 4972 Neque
2371 4909 2527 4954 vero
2571 4897 2685 4954 aut

739 4937 1100 5037 illustribus
1144 4970 1491 5055 exemplis,
1548 4978 1663 5035 aut
1712 4972 2072 5055 scripturae
2123 4974 2323 5039 etiam
2368 4976 2681 5059 suffiagio

741 5054 1176 5121 destituimur.
1258 5056 1790 5124 Circumcisionis
1835 5059 2064 5125 foedus
2107 5060 2446 5126 habebat'
2428 5084 2501 5126 ιιι
2542 5083 2683 5127 cor-

739 5161 899 5223 pore
942 5164 1058 5207 suo
1101 5143 1495 5227 impressum
1537 5142 1850 5225 populus,
1898 5166 2091 5227 quem
2135 5145 2220 5210 ad
2260 5168 2509 5212 novum
2552 5148 2684 5213 foe-

743 5225 863 5290 dus
905 5229 1364 5310 paciscendum
1400 5231 1618 5295 Moses
1655 5228 2040 5296 exhortatus
2075 5243 2192 5297 est.
2263 5232 2514 5298 Eadem
2550 5236 2683 5299 foe·

744 5310 917 5377 deris
961 5317 1297 5381 renovatio
1343 5338 1382 5381 a
1425 5317 1669 5381 sanctis
1725 5315 1991 5400 regibus
2034 5317 2208 5383 Iosia
2259 5327 2327 5382 et
2367 5321 2503 5385 Asa
2546 5322 2684 5385 exi-

2736 2945 2737 2952 1
2734 2843 2855 2975 ει
2898 2910 3238 2987 Nehemia,
3284 2911 3675 2993 praestitum
3719 2913 3872 2976 fuit:
3920 2913 3988 2976 in
4025 2932 4153 2995 quo
4194 2913 4392 2975 etiam
4428 2925 4746 2995 parentes

2785 3017 2906 3080 pro
2951 2995 3209 3061 tenellis
3251 2995 3505 3075 liberis,
3569 3008 3635 3063 et
3690 2999 3927 3063 fratres
3986 3006 4143 3064 natu
4198 2996 4581 3083 grandiores
4628 3021 4747 3083 pro

2789 3082 3081 3148 nondum
3137 3082 3378 3146 adultis
3420 3083 3842 3166 spondebant.
3931 3083 4272 3151 Eiusmodi
4333 3086 4742 3166 iuramentis,

2786 3170 3019 3253 quibus
3075 3168 3158 3232 ad
3214 3167 3604 3234 servandam
3648 3169 3777 3234 Dei
3830 3170 4044 3254 legem
4100 3170 4400 3235 homines
4454 3171 4745 3238 obstrin-

2787 3254 3142 3340 gebantur,
3201 3255 3560 3338 praefuisse
3603 3256 3995 3333 Dominum,
4055 3256 4384 3339 scriptura
4438 3263 4741 3323 testatur.

2789 3342 3015 3424 Neque
3059 3341 3319 3418 mirum,
3365 3343 3569 3424 quum
3614 3341 3738 3406 sub
3760 3351 4027 3406 aeterno
4070 3342 4187 3406 illo
4231 3341 4488 3407 foedere
4532 3344 4745 3408 conti-

2788 3434 3138 3504 nerentur,
3186 3392 3356 3510 quod
3401 3427 3631 3506 semel,
3678 3429 3817 3511 ipso
3862 3427 4191 3511 praeside,
4236 3429 4498 3510 auspice
4544 3437 4745 3512 atque

2789 3524 3047 3589 autore,
3106 3514 3327 3576 statim
3380 3522 3526 3595 post
3583 3513 3795 3596 legem
3841 3513 4353 3597 promulgatam,
4412 3515 4745 3581 sancitum

2786 3601 3016 3664 fuerat.
3107 3598 3277 3663 Cum
3332 3606 3427 3663 tot
3485 3619 3640 3683 ergo
3708 3600 4018 3666 ecclesiae
4086 3600 4517 3682 primoribus,
4584 3623 4741 3667 cum

2785 3686 3079 3769 principe
3121 3685 3415 3748 omnium
3459 3685 3932 3785 prophetarum
3974 3686 4180 3765 Mose,
4228 3707 4379 3751 cum
4411 3685 4560 3750 Deo
4596 3688 4742 3771 ipso

2784 3771 3166 3854 disceptent,
3212 3772 3323 3853 qui
3368 3771 3569 3835 talem
3603 3772 4052 3854 promissionis
4083 3772 4361 3836 formam
4393 3772 4742 3840 licentiosa

2784 3855 3240 3923 maledicentia
3274 3857 3583 3922 insectari
3617 3858 3738 3923 sibi
3774 3859 4182 3941 permittunt.
4251 3856 4389 3923 Sed
4424 3879 4552 3941 quo
4589 3859 4742 3925 iure

2783 3936 3111 4008 Dominus
3154 3943 3225 4006 in
3269 3942 3605 4024 peierandi
3661 3943 3960 4008 fraudem
4018 3966 4168 4010 suos
4212 3942 4550 4009 induxisse
4615 3967 4743 4043 pu-

2783 4029 3047 4106 tabitur,
3087 4029 3200 4111 qui
3235 4027 3400 4128 legis
3437 4048 3593 4093 suae
3629 4029 4150 4095 observationem
4184 4028 4572 4128 stipulando,
4614 4033 4743 4097 mi-

2785 4115 3203 4180 sericordiam
3249 4113 3538 4180 vicissim
3582 4122 3649 4180 et
3691 4122 4106 4197 peccatorum
4146 4117 4408 4181 veniam
4462 4118 4744 4198 promit-

2785 4200 3008 4266 tebat?
3099 4200 3240 4266 Cur
3294 4201 3565 4281 periurii
3618 4202 3897 4285 populus
3953 4208 4266 4286 arguetur
4319 4202 4428 4285 qui
4491 4224 4563 4267 se
4626 4203 4743 4283 ab·

2786 4284 3186 4371 stringendo,
3232 4288 3514 4369 gratiam
3549 4287 3673 4351 sibi
3716 4288 4000 4353 oblatam
4043 4287 4241 4352 simul
4283 4280 4742 4387 apprehende-

2784 4372 2937 4437 bat?
3006 4370 3201 4453 Quod
3244 4372 3301 4436 si
3344 4380 3567 4436 tamen
3607 4371 3796 4452 hanc,
3842 4395 4040 4456 quam
4082 4374 4588 4457 conscripsimus
4634 4390 4742 4440 sar·

2785 4457 3105 4525 eramenti
3146 4457 3522 4536 formulam,
3578 4478 3727 4522 cum
3772 4424 3888 4524 illa
3941 4460 4221 4528 mosaica
4267 4462 4742 4544 compararint,

2787 4552 2885 4609 tot
2924 4543 3168 4608 sanctis
3213 4543 3372 4608 viris
3417 4541 3768 4622 damnatis,
3827 4544 4164 4611 absolvere
4219 4566 4338 4610 nos
4396 4554 4741 4630 cogentur.

2783 4631 2921 4696 Nos
2966 4630 3142 4693 enim
3189 4649 3414 4694 sumus
3458 4629 3861 4696 internuncii
3914 4629 4223 4710 foederis,
4282 4630 4454 4713 quod
4499 4632 4741 4698 Domi-
4768 4630 4771 4631 ⁷

2786 4739 2913 4782 nus
2968 4714 3122 4780 dum
3179 4736 3297 4798 per
3337 4715 3687 4780 Ieremiam
3730 4716 4075 4801 pollicetur
4131 4717 4288 4801 (Ier.
4331 4719 4432 4795 31,
4474 4721 4550 4781 31
4595 4719 4738 4803 εε.),

2785 4802 3158 4867 inviolabile
3212 4802 3348 4865 fore
3404 4804 3814 4885 pronunciat.
3905 4801 4245 4885 Siquidem
4301 4802 4489 4868 nobis
4543 4825 4739 4870 man-

2787 4888 3014 4954 datum
3071 4895 3171 4954 est
3223 4887 3497 4952 verbum
3554 4889 4097 4955 reconciliationis
4155 4889 4223 4971 (2
4274 4888 4544 4968 Con-5,
4604 4892 4739 4971 19),

2786 4975 2975 5041 cuius
3019 4994 3276 5039 summa
3318 4980 3445 5038 est:
3494 4972 3855 5052 Christum,
3903 4976 4017 5056 qui
4059 4983 4399 5058 peccatum
4436 4996 4568 5040 ιιοιι
4616 4996 4743 5040 ιιο-

2786 5068 3001 5140 verat,
3062 5081 3179 5143 pro
3233 5058 3421 5125 nobis
3474 5062 3721 5142 peccati
3778 5061 4236 5145 purgationem
4279 5081 4422 5127 esse
4466 5061 4742 5142 factum,

2787 5155 2863 5213 ut
2905 5146 3153 5212 iustitia
3194 5144 3380 5211 Dei
3361 5168 3432 5210 ιιι
3476 5145 3586 5212 illo
3631 5148 3851 5213 simus.
3940 5147 4072 5213 Hic
4129 5167 4264 5211 non
4315 5146 4607 5232 exigitur
4655 5149 4742 5215 ab

2787 5230 3192 5331 hominibus,
3253 5239 3330 5297 ut
3370 5231 3533 5316 legis
3592 5233 3910 5299 iustitiam
3968 5239 4449 5298 consectentur:
4500 5253 4741 5299 verum

2787 5328 2862 5384 ιιι
2902 5318 3167 5404 propria
3212 5320 3458 5384 iustitia
3502 5318 3818 5397 destituti,
3865 5317 4119 5384 Christi
4159 5318 4415 5384 iustitia
4448 5317 4741 5384 induan-
