5100 6061
728 433 800 494 11
1380 400 1384 404 ’
1512 520 1517 527 ,
2374 433 2599 497 VITA
2643 429 3085 496 SENECAE.
3634 390 3642 407 ’
4665 433 4740 493 12

722 632 894 688 stum
953 634 1150 699 esset,
1208 622 1383 688 servi
1440 623 1679 688 vulnus
1743 623 2145 707 obligarunt,
2205 622 2532 688 incertum
2590 640 2677 685 an
2726 624 2730 685 t
2783 620 3035 683 veneni.
3109 618 3428 684 'Demum
3485 620 3715 686 balneo
3767 620 4020 696 illatus,
4092 628 4158 683 et
4218 641 4456 702 vapore
4512 623 4739 687 exani-

722 708 1071 786 nesoienti‚
1136 731 1222 773 an
1275 710 1452 774 vitae
1509 706 1810 791 cupidine
1867 709 2116 774 evictae
2131 761 2146 786 ,
2204 729 2412 790 quum
2456 707 2677 770 mitior
2725 696 2997 795 ff'matus
3014 757 3028 783 ‚
3090 706 3232 771 sine
3278 706 3411 770 ullo
3457 708 3704 771 funeris
3749 706 4004 771 solenni
4050 713 4376 771 crematus
4432 718 4549 772 est¹
4636 709 4742 773 Ita

723 815 872 877 spes
937 816 977 858 a
1039 795 1299 859 Nerone
1365 795 1727 860 offerretur.
1841 794 2094 859 Seneca
2163 801 2384 858 autem
2443 792 2676 856 mortis
2726 798 2731 905 ἰ
2783 790 3092 857 codicillis
3137 793 3634 875 perscripserat,
3695 813 3901 875 quum
3961 793 4158 857 etiam
4217 801 4356 855 tum
4401 793 4740 875 praedives

721 879 1190 945 lentitudinem
1234 888 1599 963 pertaesus,
1647 881 1797 962 quia
1839 880 2044 945 senile
2089 900 2325 961 corpus
2371 878 2673 962 sanguini
2725 912 2731 979 4
2781 885 2846 941 et
2911 886 3303 961 praepotens
3358 881 3679 961 supremis
3737 879 3877 943 suis
3941 877 4327 944 consuleret.
4434 880 4739 945 Mortuus

723 966 1041 1049 effugium
1095 988 1228 1030 non
1284 966 1509 1045 dabat,
1580 987 1844 1030 crurum
1904 987 2157 1049 quoque
2215 973 2284 1029 et
2350 964 2676 1047 poplitum
2727 990 2730 1025 ι
2783 972 2881 1028 est
2924 984 3096 1027 anno
3141 966 3374 1029 aetatis
3428 966 3780 1031 centesimo
3827 963 4075 1029 decimo
4116 965 4346 1045 quinto
4392 976 4506 1031 aut
4550 970 4735 1033 circi-

720 1072 929 1116 venas
973 1051 1096 1117 sibi
1140 1052 1418 1135 abrupit.
1509 1052 1659 1132 Qua
1702 1053 1809 1116 via
1851 1073 2052 1135 quum
2099 1072 2232 1115 non
2279 1051 2489 1134 magis
2525 1071 2674 1132 pro-
2724 1034 2730 1167 ι
2780 1057 2912 1127 ter,
2975 1069 3150 1114 anno
3207 1051 3466 1134 imperii
3513 1051 3795 1116 Neronis
3856 1049 4230 1128 undecimo,
4286 1070 4369 1114 ex
4414 1073 4538 1134 quo
4583 1073 4738 1117 vero

722 1139 973 1215 ficeret,
1037 1159 1367 1204 venenum
1422 1137 1674 1221 pridem
1735 1140 1801 1202 in
1858 1159 2008 1201 eum
2054 1157 2278 1201 casum
2337 1136 2677 1219 provisum
2781 1136 2920 1200 eius
2977 1136 3294 1218 pueritiae
3349 1136 3743 1201 erudiendae
3808 1135 4109 1200 admotus
4177 1136 4418 1214 fuerat,
4491 1138 4738 1204 decimo

723 1222 976 1299 hausit,
1031 1225 1301 1301 frustra,
1369 1226 1499 1289 iam
1558 1223 1775 1290 clauso
1842 1231 2102 1306 pectore
2158 1220 2472 1289 adversus
2538 1223 2672 1287 vim
2781 1221 3079 1305 septimo.
4028 1224 4031 1229 ’
