5100 6061
2025 420 2762 491 PRoLEeoifflNA.
2869 510 2872 515 .
4214 428 4436 494 xxv

385 633 707 679 oceanum
751 619 818 678 et
858 618 1154 678 monstra
1196 581 1514 691 natantia,
1559 612 1702 678 sine
1745 610 2117 696 epigraphe.
2205 572 2495 676 Praeter·
2528 611 2795 678 titulum
2850 615 3052 679 etiam
3109 615 3421 682 ultimum
3474 614 3768 682 eiusdem
3813 616 4137 684 ternionis
4189 617 4424 684 folium

395 724 611 790 denuo
655 724 832 811 typis
877 730 1219 790 exaratum
1263 729 1367 788 est
1409 729 1478 789 et
1520 723 1785 808 quidem
1826 723 2191 788 minoribus
2235 742 2433 806 quam
2472 722 2742 806 reliqua.

703 835 1061 921 Appendix
1105 834 1429 903 Senecam
1472 838 1812 902 continens
1854 836 1926 901 in
1968 834 2273 900 omnibus
2315 833 2801 918 exemplaribus
2845 834 3072 902 eodem
3114 837 3312 903 titulo
3357 846 3651 918 ornatur,
3698 838 3833 907 scil.
3872 838 4223 907 Stoeriano
4268 859 4427 907 cum

396 955 556 1014 nota
596 949 757 1014 anni
803 953 987 1015 1611.

1813 1160 1910 1215 111.
1978 1159 2233 1216 EDITIO
2266 1158 2996 1215 AMSTELODAMENSIS.

704 1300 811 1367 De
856 1299 1141 1366 editione
1193 1320 1466 1385 operum
1512 1298 1777 1366 calvini
1831 1298 2403 1365 amstelodamensi
2461 1298 2716 1382 egimus
2759 1299 2839 1384 ‘in
2881 1298 3378 1385 Prolegomenis
3418 1301 3799 1369 Voluminis
3853 1303 4066 1370 nostri
4116 1303 4314 1388 primi
4357 1323 4423 1386 p.

393 1410 558 1477 XII.
649 1412 859 1478 Cuius
904 1413 1187 1477 'l'omum
1228 1411 1425 1478 VIII.
1472 1410 1724 1477 obtinet
1765 1411 2058 1478 collectio
2101 1417 2508 1479 tractatuum
2552 1409 3068 1494 theologicorum
3111 1411 3414 1479 omnibus
3469 1415 3765 1480 numeris
3809 1414 3896 1480 ad
3937 1416 4155 1481 Bezae
4197 1436 4424 1480 exem-

394 1524 543 1608 plar
596 1524 1002 1590 conformata
1016 1575 1032 1604 ,
1100 1530 1356 1588 textum
1418 1530 1643 1588 tamen
1706 1522 2191 1606 castigatiorem
2246 1522 2584 1588 exhibens.
2674 1522 3036 1588 Terniones
3091 1530 3252 1622 sunt
3303 1524 3648 1608 sexaginta
3703 1525 3868 1605 duo,
3934 1526 4218 1610 paginae
4274 1530 4422 1591 744.

394 1635 622 1702 Etiam
665 1635 775 1702 hic
817 1633 970 1700 libri
1011 1634 1303 1703 Senecae
1351 1635 1710 1718 separatim
1753 1635 1979 1701 excusi
2023 1634 2430 1700 ternionibus
2474 1634 2781 1718 quinque,
2828 1634 3091 1719 paginis
3138 1639 3220 1701 59
3267 1641 3549 1702 exstant.

2342 1960 2463 2027 vi

1777 2130 2104 2197 sumo
2152 2129 2532 2198 smoERn
2577 2099 3014 2198 GALLICA.

701 2304 888 2370 Idem
944 2305 1054 2371 ille
1110 2296 1386 2371 Iacobus
1430 2302 1625 2370 Stoer
1678 2305 2131 2388 typographus
2187 2305 2579 2389 genevensis
2592 2356 2608 2383 ,
2676 2305 2788 2388 qui
2829 2305 3044 2371 Bezae
3097 2303 3373 2369 latinam
3414 2304 3849 2380 Tractatum
3902 2304 4425 2372 calvinianorum

389 2416 843 2484 collectionem
885 2417 1101 2482 denuo
1145 2418 1323 2500 typis
1366 2415 1737 2496 mandavit,
1798 2416 2027 2482 eodem
2071 2437 2241 2481 anno
2293 2420 2452 2479 1611
2503 2416 2706 2481 etiam
2749 2416 3051 2501 gallicam
3097 2438 3182 2481 ex
3225 2417 3486 2483 officina
3527 2436 3649 2483 sua
3688 2418 3933 2482 iterum
3975 2413 4243 2502 prodire
4285 2416 4426 2481 ius-

388 2529 498 2594 sit.
570 2529 655 2593 In
689 2550 819 2612 qua
852 2527 1292 2606 describenda,
1330 2548 1705 2611 quanquam
1738 2528 1993 2611 prioris,
2036 2527 2210 2611 quod
2251 2527 2335 2593 ad
2380 2534 2641 2593 textum
2676 2529 2930 2608 attinet,
2976 2549 3219 2611 purum
3248 2536 3483 2611 putum
3524 2529 3949 2613 apographon
3987 2538 4107 2610 est,
4153 2535 4427 2621 propter

385 2639 839 2707 additamenta
882 2638 1203 2724 quaedam
1247 2648 1384 2704 tam
1430 2642 1505 2703 in
1547 2640 1762 2705 fronte
1805 2660 2003 2723 quam
2044 2640 2118 2703 in
2161 2640 2335 2709 calce
2378 2638 2530 2704 libri
2574 2640 2767 2707 obvia
2809 2640 3176 2724 paullulum
3220 2639 3574 2705 subsistere
3618 2661 3750 2706 non
3794 2642 3910 2708 abs
3955 2662 4028 2707 re
4071 2645 4216 2712 erit.
4306 2646 4423 2711 'Pi-

394 2752 578 2819 tulus
619 2752 727 2818 hic
772 2760 898 2817 est:

701 2863 1119 2935 naevum
1171 2864 1181 2947 ι
1231 2849 1467 2933 DES
1533 2848 2240 2934 OPVSOVLES
2298 2850 2308 2953 Ι
2368 2861 2524 2929 cest
2567 2863 2610 2926 ει
2653 2862 2807 2941 aire,
2867 2857 2876 2939 ι
2953 2849 3197 2932 Petis
3295 2849 3681 2933 'Praiotez
3786 2852 3891 2935 de
3989 2856 4109 2939 M.
4205 2858 4417 2942 Iean

392 2963 725 3048 Galujn.
798 2963 809 3067 Ι
881 2974 1062 3040 LEs
1116 2973 1316 3041 wVNS
1362 2973 1632 3040 REVE
1643 2973 1756 3040 Vs
1808 2972 1940 3040 ET
1989 2974 2526 3058 σοΒΒΙΘΕΖι
2575 2995 2693 3041 sur
2747 2974 2804 3040 ze
2853 2970 3080 3054 Lanu,-
3134 2972 3225 3038 zes
3276 2978 3490 3039 autres
3551 2975 3889 3043 translatez
3943 2980 4020 3046 ae
4076 2980 4274 3047 Latin
4336 3002 4414 3050 en

384 3081 691 3171 franceis.
714 3092 755 3169 Ἰ
806 3086 1364 3154 DEVXIESMZE
1417 3085 1827 3167 EDI'HON,
1883 3088 1892 3173 Ι
1942 3087 2489 3172 Soigneusement
2532 3087 2781 3165 releue,
2840 3092 2907 3151 et
2961 3084 3251 3151 enrichie
3296 3084 3410 3150 des
3470 3089 3957 3175 tesmoignages
4003 3090 4084 3158 de
4136 3093 4416 3162 l’Escri-

389 3208 542 3265 ture
586 3198 877 3278 saincte,
925 3199 1039 3265 des
1090 3199 1100 3282 Ι
1149 3198 1480 3264 Docteurs
1524 3200 1820 3277 anciens,
1880 3207 1948 3264 et
2005 3200 2085 3265 de
2140 3221 2486 3284 remarque
2531 3199 2613 3265 de
2664 3198 2900 3265 l’ordre
2956 3196 3070 3262 des
3126 3196 3435 3262 matieres
3484 3196 3494 3281 1
3544 3200 3806 3266 traitees
3859 3224 3981 3286 par
4022 3203 4361 3272 l'Auteur.
4400 3206 4419 3294 Ι

396 3309 800 3366 PBEFAGE
840 3298 980 3364 DE*
1012 3310 1095 3364 M.
1150 3308 1617 3364 THEODORE
1657 3310 1787 3364 DE
1826 3310 2102 3365 BESZE
2130 3312 2184 3365 A
2224 3311 2601 3366 MADAME
2635 3315 2645 3381 Ι
2685 3310 2934 3366 RENEE
2979 3308 3080 3362 DE
3128 3306 3437 3377 FRANCE,
3484 3307 3764 3366 Duchesae
3809 3312 3877 3367 de
3924 3313 4202 3372 Ferrum.-
4247 3321 4419 3388 auec!

392 3405 780 3488 QVATRE
838 3403 1240 3485 INDICES,
1306 3406 1314 3488 Ι
1373 3405 1426 3471 I.
1486 3407 1624 3472 Des
1670 3407 1981 3473 Traictez.
2096 3408 2187 3472 H.
2235 3407 2373 3474 Des
2425 3427 2738 3492 passages
2795 3406 2884 3471 du
2940 3404 3118 3469 Vieil
3173 3411 3239 3469 et
3284 3402 3372 3468 du
3416 3403 3482 3469 N
3482 3427 3735 3472 ouueau
3781 3409 4193 3493 Testament‚
4252 3413 4423 3480 alle-

394 3541 563 3604 guez
625 3527 693 3584 et
736 3518 746 3601 Ι
787 3518 1145 3603 expliquez.
1234 3516 1362 3581 III.
1423 3515 1564 3582 Des
1618 3525 1959 3584 sentences
2015 3518 2131 3584 des
2175 3516 2520 3586 Docteurs.
2610 3518 2775 3584 IIII.
2837 3519 2975 3584 Des
3026 3515 3339 3581 matieres
3390 3514 3400 3601 Ι
3447 3519 3745 3586 notables
3799 3522 4066 3589 traitees
4124 3545 4209 3589 en
4260 3531 4409 3593 tous

394 3630 496 3697 les
555 3629 945 3714 Opuscules.
1002 3631 1012 3713 Ι
1063 3637 1418 3704 (ΕΜόῙθηῑα.)
1461 3631 1492 3713 ΙΙ
1535 3629 1603 3693 A
1654 3630 2069 3710 GENEVE,
2121 3631 2131 3713 Ι
2182 3620 2317 3701 De
2379 3619 2968 3730 l’Imprimerie
3035 3617 3141 3701 de
3201 3613 3456 3703 Iacob
3522 3617 3794 3702 Smer.
3864 3627 3875 3732 Ι
3944 3635 4037 3700 Μ.
4062 3634 4321 3702 DOXI.

424 3783 434 3793 ·
706 3743 809 3808 De
854 3743 1151 3808 officinae
1195 3739 1581 3808 Stoerianae
1626 3741 2013 3807 emblemate
2057 3764 2258 3826 supra
2302 3742 2605 3809 diximus.
2698 3744 2938 3808 'Pernio
2981 3743 3464 3827 praeliminaris
3508 3742 3672 3808 haec
3716 3742 3944 3809 habet:
3993 3745 4136 3811 Fol.
4185 3751 4243 3811 2.
4293 3768 4422 3812 ex·-

394 3854 662 3919 hibetur
704 3855 954 3939 effigies
998 3853 1262 3921 Calvini
1305 3852 1777 3938 xylographice
1821 3876 2131 3938 expressa
2146 3907 2162 3936 ,
2218 3863 2285 3920 et
2327 3856 2648 3921 hactenus
2694 3854 2959 3922 diversa
3000 3857 3081 3921 ab
3127 3877 3204 3921 ea
3246 3875 3412 3940 quae
3463 3856 3532 3920 in
3589 3854 3807 3938 priore
3848 3855 4130 3922 editione
4173 3858 4415 3939 fuerat,

392 3965 513 4032 sed
556 3963 787 4031 eodem
828 3966 1061 4051 adagio
1104 3971 1350 4030 ornata.
1442 3963 1663 4049 Supra
1705 3987 1851 4031 eam
1891 3966 2166 4050 legitur:
2215 3965 2578 4031 Powrtraict
2615 3968 2691 4032 de
2737 3965 2831 4032 M.
2878 3966 3138 4032 IEAN
3172 3965 3351 4034 GAL
3367 3966 3553 4048 VIN,
3594 3967 3672 4032 de
3718 3967 3940 4051 Noyon
3982 3988 4058 4033 en
4095 3966 4420 4052 Picardie‚

398 4076 676 4143 ,Pa-staur
730 4079 807 4142 de
860 4077 1120 4161 Z’Eylise
1176 4078 1251 4141 de
1301 4077 1563 4157 Geneve,
1620 4097 1762 4143 avec
1805 4099 1891 4143 un
1943 4079 2275 4144 sommaire
2317 4079 2391 4144 de
2433 4099 2510 4142 sa
2552 4079 2649 4142 vie
2692 4083 2746 4143 et
2787 4084 2973 4159 mort,
3020 4101 3154 4162 par
3204 4078 3318 4145 Th.
3374 4080 3448 4144 de
3503 4077 3718 4144 Besae.
3819 4077 3969 4145 Hoc
4011 4080 4415 4147 curriculum

389 4188 593 4266 vitae,
640 4188 927 4272 adeoque
962 4190 1174 4272 ipsam
1215 4189 1500 4274 effigiem
1545 4190 1886 4273 descripsit
1928 4191 2139 4256 editor
2181 4213 2266 4256 ex
2308 4191 2524 4255 Bezae
2568 4191 2909 4256 notissimo
2951 4191 3119 4257 libro
3164 4192 3277 4275 qui
3319 4190 3588 4256 titulum
3630 4190 3856 4256 habet:
3900 4190 3986 4257 Ic
4003 4212 4227 4273 ones,
4273 4193 4316 4259 i.
4364 4216 4422 4260 e.

390 4321 649 4366 verae
702 4300 1108 4384 imagines
1167 4299 1535 4367 virorum
1590 4301 2052 4367 illustrium
2096 4312 2284 4369 caett.
2341 4302 2633 4385 primum
2678 4324 2850 4368 anno
2902 4307 3066 4368 1580
3116 4303 3353 4382 latine,
3412 4310 3558 4367 tum
3605 4322 3777 4367 anno
3822 4311 4134 4386 sequente
4179 4305 4414 4390 gallice

386 4411 591 4477 edito.
682 4411 816 4494 Qui
870 4434 1070 4496 quum
1129 4410 1325 4478 hodie
1389 4414 1719 4478 rarissime
1759 4425 2059 4480 occurrat
2114 4417 2333 4497 ipsum
2378 4421 2640 4479 textum
2681 4415 2807 4480 hoc
2861 4414 3001 4480 loco
3056 4437 3382 4499 apponere
3424 4414 3635 4480 lubet:
3690 4413 4002 4481 D’autant
4043 4436 4159 4497 que
4203 4418 4259 4483 le
4300 4422 4416 4483 tes—

391 4526 722 4610 moiynaye
775 4525 863 4589 du
913 4524 1022 4605 fils
1064 4545 1238 4607 pour
1290 4543 1405 4589 son
1444 4545 1601 4605 pere
1654 4547 1731 4590 ne
1762 4532 1915 4607 peut
1956 4547 2088 4607 pas
2129 4531 2287 4591 estre
2330 4527 2420 4592 du
2462 4533 2607 4591 tout·
2631 4527 2779 4592 hors
2821 4526 2896 4592 de
2936 4548 3240 4610 souppon:
3289 4532 3473 4609 qu’on
3520 4526 3834 4610 coynoisse
3874 4527 4048 4610 donc,
4092 4530 4127 4594 ὃ
4173 4527 4420 4609 Calvia,

374 4658 522 4720 par
563 4641 656 4701 tes
696 4639 1145 4720 deportem,
1200 4657 1316 4717 que
1371 4642 1438 4702 tu
1491 4657 1569 4703 as
1610 4638 1733 4702 este
1774 4658 1863 4702 wn
1905 4638 2197 4704 excellent
2251 4639 2626 4704 instrument
2677 4659 2753 4703 en
2808 4640 2874 4705 la
2930 4639 3108 4705 main
3150 4640 3228 4705 de
3270 4638 3442 4703 Dieu
3499 4643 3630 4705 tout
3670 4640 3975 4722 puis-sant
4016 4645 4072 4705 et
4112 4644 4240 4704 tout
4279 4638 4423 4720 bon,

388 4749 511 4831 qui
542 4769 676 4831 par
715 4754 817 4813 ton
859 4749 1180 4814 ministere
1231 4769 1274 4813 a
1320 4749 1678 4831 paracheve
1730 4750 1795 4814 la
1838 4750 2263 4814 restauration
2319 4749 2394 4813 de
2438 4751 2505 4815 la
2558 4770 2745 4833 vraye
2798 4750 3063 4834 reliyion
3076 4801 3090 4830 ‚
3145 4747 3609 4817 keureuser'nent
3650 4751 4088 4817 enconmwnoee
4119 4772 4254 4832 pao·
4296 4771 4427 4818 cer-

387 4862 568 4926 tains
596 4866 821 4925 omres
872 4861 1162 4943 quelques
1205 4861 1431 4925 απηὲεε
1474 4867 1891 4945 anparavant.
1984 4860 2111 4927 Car
2154 4865 2297 4928 c’est
2336 4867 2435 4942 toy
2474 4861 2928 4943 specialem&
2985 4862 3028 4925 ὰ
3069 4861 3137 4926 la
3189 4862 3461 4929 doctrine
3477 4913 3493 4944 ‚
3549 4863 3853 4947 diligaenoe
3908 4869 3968 4928 et
4017 4862 4142 4928 sele
4192 4862 4426 4929 ardum

394 4972 630 5054 auquel
664 4973 729 5037 la
765 4972 1010 5037 France
1045 4978 1102 5037 et
1145 4971 1453 5039 PEscosse
1487 4994 1553 5039 se
1593 4975 1848 5069 rendent
1887 4974 2234 5039 redevables
2278 4975 2365 5038 du
2404 4974 2924 5040 restablissement
2963 4975 3053 5039 du
3094 4995 3389 5058 royaume
3431 4976 3506 5041 de
3545 4973 3757 5041 Christ
3792 4996 3879 5040 au
3913 4975 4133 5039 milieu
4175 4976 4392 5043 d’elles
4406 5002 4426 5041 .-

390 5084 491 5149 les
532 5089 743 5150 ames
787 5084 1054 5168 Eylises,
1100 5104 1386 5166 &sparse-5
1428 5106 1503 5151 en
1547 5087 1797 5153 nmnbre
1840 5087 2025 5169 infini
2066 5106 2202 5167 par
2243 5091 2369 5151 tout
2410 5087 2466 5152 le
2508 5086 2751 5164 monde,
2797 5085 3134 5167 confes-sent
3174 5091 3375 5154 t’estre
3412 5088 3815 5173 yrandement
3856 5085 4117 5170 obliqbes
4147 5108 4320 5170 pour
4362 5110 4427 5156 ce

392 5196 644 5279 reyard.
732 5196 834 5261 De
887 5197 1017 5262 cela
1069 5203 1287 5279 soyent
1340 5198 1662 5276 ιεεηιοίηε,
1708 5199 2189 5279 premier-emeat
2245 5203 2333 5264 tes
2386 5200 2577 5264 livre-s
2617 5198 2728 5279 qui
2771 5198 3017 5263 vim-ont
3056 5200 3099 5264 ὰ
3152 5202 3420 5281 iamais,
3469 5205 3526 5265 et
3568 5220 3685 5282 que
3725 5204 3863 5263 tous
3906 5198 4180 5268 homones
4222 5200 4424 5268 dodes

386 5312 461 5373 d
501 5308 840 5461 croignum
882 5308 1085 5390 Diem,
1131 5309 1577 5393 reooynoissent
1617 5314 1772 5374 estre
1814 5311 2062 5377 dressez
2103 5331 2247 5377 avec
2289 5310 2367 5375 tel
2408 5312 2738 5393 ingemeret,
2793 5309 2869 5375 de
2909 5310 2971 5375 si
3013 5312 3208 5379 solide
3248 5312 3590 5392 emdition,
3637 5316 3692 5375 et
3733 5310 3886 5376 d’un
3925 5312 4069 5378 stile
4123 5313 4185 5378 si
4213 5312 4416 5392 'haam

664 5410 841 5466 alvini
872 5429 1052 5481 opera.
1136 5412 1247 5468 Vol.
1297 5413 1356 5467 V.
3961 5415 4013 5469 D
