5100 6061
321 432 452 520 493

328 618 533 683 habet
590 619 962 683 animarum
1014 620 1380 696 carnifices,
1438 620 1607 702 quod
1634 622 1683 700 ¹)
1742 643 1858 685 suo
1915 620 2288 686 charactere

331 705 645 770 satellites
697 713 910 782 notat,
970 704 1140 786 quod
1193 727 1327 769 non
1381 707 1572 770 modo
1630 707 1709 771 de
1755 705 1938 773 verbi
1992 707 2123 771 Dei
2166 708 2289 770 mi-

330 792 604 856 nisterio
648 790 818 854 nihil
862 797 1018 855 sunt
1061 790 1340 870 solliciti,
1387 791 1503 857 sed
1546 793 1757 875 quoad
1801 803 2076 876 possunt
2118 795 2289 857 ferro

330 888 396 942 et
451 878 591 962 igni
647 871 1158 960 persequuntur,
1219 878 1391 960 quod
1440 878 1596 942 dum
1644 880 2018 962 coniugium
2066 900 2288 962 asper-

331 973 594 1041 nantur,
641 975 716 1027 ut
751 984 821 1026 se
865 965 1105 1046 impuri
1141 964 1496 1029 caelibatus
1531 966 1718 1031 larva
1753 965 2111 1041 venditent,
2159 987 2289 1030 non

332 1057 594 1115 tantum
651 1051 947 1116 omnium
1005 1055 1121 1130 [fol.
1163 1056 1270 1129 33]
1317 1052 1475 1115 toris
1515 1051 1942 1128 insidiantur,
1996 1050 2110 1116 sed
2155 1061 2287 1115 ter-

331 1158 475 1201 ram
532 1136 744 1218 ipsam
811 1136 1145 1201 obscoenis
1214 1136 1595 1202 libidinibus
1666 1139 2141 1214 contaminant,
2223 1136 2290 1200 id

329 1222 596 1287 videtur
638 1243 954 1304 perquam
1001 1221 1351 1287 tolerabile.
1440 1224 1818 1289 Monstrum
1864 1224 2007 1297 erit,
2056 1225 2110 1288 si
2157 1224 2288 1287 dis-

329 1308 643 1391 ciplinam
698 1309 956 1392 erigant
1008 1309 1357 1386 Germani,
1419 1309 1627 1391 qualis
1682 1320 1747 1373 et
1791 1333 1830 1374 a
1875 1308 2140 1374 Christo
2186 1331 2289 1373 re-

329 1395 616 1477 quiritur
660 1403 725 1458 et
768 1396 838 1459 in
882 1396 1092 1459 veteri
1130 1394 1402 1460 ecclesia
1444 1396 1583 1473 fuit,
1632 1406 1706 1460 ut
1738 1396 2017 1478 populus
2053 1396 2288 1477 quibus

1813 429 2334 498 OONSILIUM
2378 432 2669 500 PAULI
2711 434 2836 499 III.

2338 1407 2344 1511 Ι
2394 1417 2590 1493 quam

4219 444 4347 503 494

2392 622 2804 702 observatus,
2853 635 2929 688 ut
2971 626 3026 690 si
3072 625 3257 708 quid,
3305 626 3408 689 vel
3452 628 3522 688 in
3569 624 3861 690 doctrina
3928 627 4196 704 erroris,
4228 611 4351 693 'vel

2392 709 2461 771 in
2488 712 2603 786 [sol.
2634 715 2742 788 34]
2768 710 3113 793 disciplina
3136 712 3281 776 vitii
3313 720 3619 775 exortum
3643 722 3830 790 esset,
3868 714 4086 777 statim
4129 722 4349 780 coacto

2392 794 2499 875 pio
2544 796 2834 874 concili0,
2879 818 3090 879 neque
3135 798 3424 881 generali
3472 819 3759 880 semper,
3807 798 3921 863 sed
3965 799 4351 882 provinciali

2393 880 2613 960 potius
2653 882 2759 945 vel
2811 883 3150 958 nationali,
3209 885 3675 948 correctionem
3718 884 4019 949 idoneam
4074 906 4348 966 quaere-

2395 973 2560 1029 rent.
2652 967 2790 1032 Nec
2844 968 3036 1033 hodie
3080 969 3311 1033 melior
3355 971 3575 1034 futura
3619 981 3760 1033 erat
3805 972 3996 1048 rati0,
4057 972 4112 1033 si
4155 992 4347 1036 suum

2396 1051 2683 1116 ecclesiis
2748 1053 2852 1118 ius
2917 1055 3428 1137 permitteretur.
3533 1057 3627 1119 At
3690 1058 3834 1138 quis
3899 1067 4097 1140 neget
4151 1057 4348 1123 unius

2394 1139 2654 1201 romani
2692 1141 3015 1220 pontificis
3060 1153 3199 1206 arte
3245 1155 3310 1206 et
3351 1143 3419 1206 vi
3461 1143 3705 1206 factum
3753 1163 3928 1220 esse,
3973 1151 4046 1207 ut
4089 1143 4350 1209 nullum

2395 1225 2525 1287 iam
2549 1225 2730 1288 intra
2762 1244 2967 1290 annos
2992 1227 3507 1310 quadringentos
3555 1248 3708 1290 vere
3749 1229 3932 1311 pium
3955 1242 4020 1293 et
4062 1228 4347 1295 liberum

2395 1309 2741 1374 concilium
2779 1311 2850 1374 in
2874 1312 3383 1378 occidentalibus
3419 1313 3707 1378 ecclesiis
3742 1324 4101 1397 cogeretur,
4139 1337 4346 1397 quan-

2633 1396 3021 1461 innumerae
3063 1399 3328 1463 interim
3373 1400 3551 1464 labes
3587 1407 3653 1464 et
3687 1400 3850 1465 aliae
3885 1400 4164 1465 subinde
4200 1401 4347 1466 aliis

324 1480 593 1564 expedit
658 1477 1047 1544 rudimentis
1117 1482 1190 1544 in
1258 1481 1486 1545 ordine
1543 1483 1936 1557 retineatur,
1997 1495 2071 1545 ut
2116 1482 2287 1565 pigri
2338 1519 2343 1582 9
2392 1483 2899 1563 importuniores
2942 1484 3013 1546 in
3055 1483 3444 1562 doctrinam,
3499 1488 3569 1548 111
3609 1507 3831 1551 mores
3873 1497 4203 1569 totamque
4244 1508 4347 1551 re-

330 1567 869 1646 exstimulentur,
915 1574 1307 1632 moneantur
1351 1567 1665 1650 imperiti,
1713 1566 2289 1650 reprehendantur
2337 1597 2342 1646 ς
2390 1566 2656 1650 ligionis
2701 1567 3332 1635 administrationem
3376 1571 3779 1636 invaserint?
3842 1571 4347 1638 constantiense

327 1654 439 1735 qui
496 1652 922 1734 deliquerint,
979 1652 1172 1735 idque
1239 1674 1355 1735 pro
1400 1653 1593 1718 modo
1653 1653 1874 1719 delicti
1915 1656 2059 1732 fiat,
2107 1675 2284 1719 coer-

325 1748 603 1806 ceantur
646 1749 1080 1815 contumaces,
1128 1738 1198 1802 in
1246 1740 1423 1805 hunc
1467 1762 1658 1805 usum
1696 1741 2030 1804 ministros
2075 1751 2141 1803 et
2183 1762 2284 1805 se-

326 1826 546 1891 niores
590 1825 828 1891 habeat
870 1825 1158 1902 ecclesia,
1219 1827 1329 1907 qui
1386 1825 1741 1891 censuram'
1778 1839 2159 1903 exerceant,
2218 1835 2285 1889 et

331 1913 755 1978 severitatem
807 1933 1062 1994 quoque
1119 1933 1158 1975 a
1202 1911 1469 1976 Christo
1509 1912 1911 1990 institutam,
1959 1912 2068 1976 ubi
2119 1933 2282 1996 opus

329 2000 481 2075 erit,
541 1996 911 2062 adhibeant.
1002 1998 1095 2061 At
1151 1997 1321 2081 quod
1386 2020 1565 2062 nunc
1623 1997 2157 2081 pseudoepiscopi
2201 1998 2282 2062 de

321 2093 648 2167 potestate
683 2083 1118 2148 ecclesiastica
1156 2083 1577 2165 impudenter
1613 2084 2085 2160 nundinantur,
2111 2084 2281 2166 quod
2332 2101 2337 2120 ⁴

324 2171 911 2235 excommunicatio
956 2191 1061 2234 res
1097 2169 1530 2234 saluberrima
1566 2171 1637 2233 in
1672 2178 2057 2235 extraneum
2094 2191 2282 2251 pror-

322 2278 433 2322 sus
479 2277 673 2321 usum
718 2253 1158 2339 degeneravit,
1204 2256 1372 2339 quod
1416 2257 1689 2338 impune
1724 2256 1943 2339 palam
1980 2257 2282 2320 feruntur

321 2342 534 2408 multa
601 2362 735 2405 11011
805 2341 1142 2407 toleranda
1208 2344 1484 2425 flagitia,
1553 2342 1723 2424 quod
1790 2342 2070 2426 populus
2139 2343 2279 2407 sine

322 2428 726 2493 correctione
772 2449 981 2510 vagus
1021 2428 1282 2505 diffluit,
1328 2450 1449 2493 nec
1496 2428 1673 2493 aliud
1719 2437 2003 2506 curatur,
2030 2429 2165 2491 nisi
2205 2437 2281 2493 ut

320 2516 551 2581 bestiis
614 2514 760 2578 istis
803 2514 1061 2579 salvum
1138 2529 1403 2579 maneat
1469 2536 1663 2578 suum
1718 2537 2025 2598 regnum3
2082 2516 2153 2578 in
2204 2535 2278 2579 eo

320 2611 481 2666 sunt
537 2621 757 2664 merae
802 2600 1113 2664 deliciae?
1204 2601 1578 2665 Monstrum
1636 2600 2039 2666 horrendum
2084 2600 2280 2666 edent

319 2685 676 2764 Germani,
743 2686 798 2750 si
866 2686 946 2750 de
1004 2686 1420 2751 facultatibus
1466 2687 1776 2752 ecclesiae
1829 2687 1955 2751 rite
2013 2685 2276 2768 dispen-

317 2772 547 2838 sandis
605 2771 855 2836 hiscere
914 2774 1164 2849 ausint,
1231 2772 1472 2837 nedum
1533 2773 1591 2838 si
1636 2772 2002 2837 deliberent
2046 2772 2125 2837 de
2170 2794 2272 2836 re-

310 2858 662 2941 primenda
703 2859 979 2923 istorum
1023 2859 1353 2923 latronum
1398 2858 1780 2941 direptione,
1827 2871 1902 2923 ut
1936 2880 2093 2940 opes
2128 2860 2272 2923 Deo

2392 1654 2584 1734 quale
2628 1654 2792 1719 fuit?
2882 1654 2965 1719 In
3014 1676 3173 1737 quo,
3221 1667 3293 1720 ut
3329 1656 3579 1738 reliqua
3624 1667 3901 1734 taceam,
3952 1680 4117 1741 quae
4163 1680 4344 1723 sum-

2387 1760 2562 1802 mam
2588 1741 3066 1824 ignorationem
3092 1763 3239 1805 cum
3264 1743 3633 1806 temeritate
3658 1745 4074 1810 coniunctam
4118 1751 4338 1808 osten-

2390 1824 2582 1902 dunt,
2642 1825 2809 1890 nihil
2860 1825 3093 1908 puduit
3153 1839 3412 1894 sanctos
3475 1829 3957 1908 Romanenses‚
4011 1829 4343 1894 hominem

2387 1911 2820 1989 innocentem,
2866 1912 2994 1976 fide
3039 1913 3300 1994 publica
3342 1923 3641 1980 vocatum
3662 1966 3676 1990 ‚
3722 1936 3852 1978 non
3895 1917 4149 1980 minore
4192 1937 4343 1999 per-

2386 1996 2541 2061 fidia
2586 2019 2782 2079 quam
2838 1998 3111 2062 saevitia
3168 1999 3512 2065 trucidare.
3602 2001 3774 2064 Nam
3830 2001 4000 2083 quod
4053 2022 4342 2066 commu-

2386 2083 2585 2147 nione
2629 2083 2847 2150 calicis
2891 2085 2961 2148 in
3004 2105 3207 2149 coena
3249 2087 3487 2167 populo
3542 2086 4054 2164 interdixerunt,
4111 2088 4170 2152 si
4212 2110 4344 2169 qua

2386 2168 2493 2234 vel
2550 2170 2865 2236 scientiae
2922 2170 3026 2235 vel
3081 2169 3352 2251 pudoris
3409 2171 3693 2237 scintilla
3759 2174 3823 2236 in
3881 2173 4040 2255 ipsis
4095 2174 4340 2252 fuisset,

2386 2276 2470 2318 an
2514 2278 2805 2338 unquam
2849 2256 3060 2321 facere
3106 2266 3324 2320 essent
3367 2258 3552 2321 ausi?
3644 2257 3778 2322 Sed
3825 2280 3944 2341 per
3986 2258 4343 2323 tumultum

2385 2350 2451 2405 et
2488 2343 2796 2408 ferociam
2818 2341 3079 2423 quidvis
3116 2341 3462 2407 decernere
3499 2351 3874 2426 promptum
3897 2355 4015 2422 est,
4059 2345 4173 2408 ubi
4209 2366 4342 2408 non

2383 2426 2562 2491 aliud
2586 2429 2805 2511 agitur
2841 2448 3038 2509 quam
3066 2437 3139 2491 ut
3174 2437 3426 2492 armata
3460 2450 3662 2493 manu
3699 2449 4136 2512 exsequamur
4171 2430 4343 2512 quod

2382 2513 2663 2578 libuerit.
2732 2514 2824 2578 Et
2867 2525 3086 2578 tamen
3141 2514 3295 2590 illic,
3340 2536 3424 2579 ne
3469 2516 3688 2578 omnia
3750 2537 4059 2597 perversa
4102 2524 4340 2596 essent,

2382 2599 2717 2664 decretum
2761 2600 2885 2664 fuit
2920 2612 2996 2663 ut
3038 2598 3286 2664 decimo
3329 2622 3580 2682 quoque
3625 2622 3797 2664 611110
3841 2601 4187 2666 concilium
4224 2603 4343 2668 ha-

2379 2686 2660 2750 beretur.
2753 2684 3033 2765 Quando
3100 2706 3183 2750 ex
3226 2685 3348 2751 hoc
3406 2686 3666 2751 decreto
3732 2685 4074 2751 habitum?
4164 2689 4339 2753 Nam

2381 2771 2749 2836 Basiliense
2795 2794 2914 2837 nec
2952 2793 3068 2835 suo
3116 2782 3406 2854 tempore
3451 2772 3770 2836 indictum
3817 2773 3961 2849 fuit,
4006 2781 4072 2836 et
4115 2781 4339 2839 tamen

2380 2865 2457 2920 ut
2482 2859 2998 2940 interciperetur,
3030 2869 3295 2922 strenue
3322 2860 3607 2923 romanis
3621 2856 3870 2923 artibus
3893 2865 4193 2923 curatum
4221 2869 4338 2924 est.

317 2944 655 3010 dedicatae
714 2945 782 3007 in
837 2966 1020 3022 eum,
1078 2946 1185 3008 6111
1231 2945 1615 3010 destinatae
1643 2955 1828 3024 sunt,
1876 2967 2074 3010 usum
2118 2967 2272 3010 con·
2324 2943 2327 2992 ἓ
2379 2944 2683 3007 Primum
2741 2939 3179 3008 transferendi
3225 2944 3363 3009 eius
3426 2953 3772 3026 praetextu
3827 2943 3926 3008 bis
3983 2943 4339 3010 dissolvere

312 3034 627 3097 serantur.
731 3033 825 3096 At
880 3030 1053 3113 quod
1109 3055 1285 3097 nunc
1331 3055 1413 3096 ex
1459 3033 1690 3108 tantis,
1751 3054 1917 3115 quae
1962 3032 2271 3097 ecclesiae
2322 2999 2328 3117 1
2379 3028 2729 3094 6(11110111116
2790 3038 2890 3095 661
2931 3029 3290 3113 Eugenius.
3383 3029 3607 3111 Quum
3649 3029 3813 3094 nihil
3873 3030 3995 3095 hac
4038 3032 4148 3096 via
4190 3053 4338 3113 pro-

310 3118 577 3184 relictae
623 3125 811 3196 sunt,
856 3118 1299 3195 facultatibus,
1344 3118 1540 3197 nihil,
1589 3118 1762 3183 unde
1808 3118 2069 3183 alantur
2110 3119 2271 3183 fide-

310 3204 405 3269 les
448 3203 754 3281 ministri,
800 3206 878 3280 fit
920 3203 1262 3287 reliquum,
1308 3205 1472 3268 nihil
1518 3205 1775 3283 scholis,
1823 3204 1990 3269 nihil
2027 3225 2272 3288 paupe-

314 3291 497 3355 ribus
555 3290 890 3355 residuum
937 3300 1066 3366 est,
1129 3311 1409 3372 quorum
1453 3313 1682 3356 revera
1727 3312 1868 3356 esse
1916 3289 2276 3355 debuerant

311 3377 562 3455 omnia,
621 3384 736 3440 aut
792 3375 1140 3441 absorbent
1208 3375 1638 3458 inexplebiles
1694 3376 1791 3441 illi
1834 3376 2159 3461 gurgites,
2207 3385 2274 3441 et

310 3461 603 3548 indignis
648 3460 856 3526 modis
903 3462 1290 3545 dilapidant,
1339 3463 1450 3527 alii
1494 3463 1565 3525 in
1611 3463 2102 3539 scortationem,
2162 3463 2271 3526 alii

310 3551 383 3614 in
421 3550 653 3625 aleam,
693 3548 806 3612 alii
840 3550 909 3612 in
945 3549 1266 3614 veneficia
1310 3560 1427 3613 aut
1461 3549 1707 3626 caedes,
1746 3570 1973 3612 omnes
2012 3547 2086 3612 111
2120 3570 2270 3630 pro·

310 3636 497 3700 fanos
564 3644 632 3699 et
693 3635 967 3699 minime
1042 3645 1510 3700 consentaneos
1576 3632 1787 3698 ordini
1855 3656 1974 3699 suo
2041 3635 2269 3698 luxus:

313 3721 433 3787 1106
500 3720 726 3803 procul
792 3719 979 3785 abest
1040 3743 1079 3785 a
1134 3729 1444 3785 monstro.
1547 3719 1724 3802 Quid
1778 3720 1971 3804 plura
2015 3718 2267 3785 dicam?
2322 3684 2327 3845 ἶ
2375 3813 2665 3886 reputet,
2722 3811 3050 3886 spectrum
3097 3803 3228 3867 illie
3265 3805 3518 3869 concilii
3566 3806 3688 3869 fust
3730 3806 3942 3888 magis
3987 3824 4179 3886 quam
4223 3827 4334 3869 ve-

313 3807 497 3873 Nihil
560 3805 751 3870 hodie
808 3809 1084 3871 monstri
1143 3815 1243 3871 est
1297 3808 1366 3871 in
1418 3806 1694 3882 mundo,
1752 3808 1861 3872 ubi
1909 3808 2127 3871 omnia
2169 3808 2271 3869 in-

313 3895 687 3976 composita,
731 3893 976 3971 luxata,
1023 3893 1357 3971 dissoluta,
1394 3894 1674 3970 inversa,
1714 3893 2089 3970 deformata,
2138 3892 2270 3956 dis-

2378 3118 2684 3181 ficeretur
2721 3116 3128 3181 Ludovicum
3169 3125 3326 3181 tunc
3364 3116 3622 3182 Galliae
3656 3116 4064 3199 Delphinum
4101 3115 4183 3181 ad
4220 3116 4338 3181 ho-

2378 3202 2637 3268 ribilem
2681 3203 2974 3267 Alsatiae
3025 3202 3457 3284 direptionem
3517 3200 4076 3285 vastationemque
4120 3224 4334 3267 arma-

2378 3291 2490 3353 vit.
2583 3289 2721 3353 Nec
2789 3289 2994 3352 ullum
3053 3286 3456 3353 crudelitatis
3514 3310 3724 3372 genus
3775 3299 3875 3353 est
3917 3290 4334 3371 praetermis-

2377 3396 2542 3452 sum,
2570 3396 2698 3457 quo
2724 3375 2807 3439 ad
2829 3373 3290 3440 discessionem
3322 3375 3761 3458 adigerentur,
3800 3376 3912 3458 qui
3935 3383 4335 3441 conventum

2379 3459 2722 3525 habebant.
2772 3458 2994 3539 Quum
3024 3460 3122 3524 illi
3156 3461 3262 3526 vel
3304 3464 3672 3527 constantia
3697 3462 3800 3526 vel
3824 3463 4185 3545 pertinacia
4225 3484 4334 3526 su-

2376 3546 2664 3629 periores
2689 3547 3115 3623 exstitissent,
3163 3568 3296 3611 non
3342 3549 3714 3630 conquievit
3759 3547 3966 3613 bonus
4020 3549 4334 3630 pontifex,

2377 3632 2580 3696 donec
2625 3651 2938 3697 concussa
2978 3631 3112 3696 fere
3149 3640 3289 3697 tota
3322 3634 3588 3716 Europa
3631 3633 3900 3698 tandem
3936 3635 4226 3709 extorsit,
4267 3644 4340 3697 ut

2377 3727 2520 3782 acta
2565 3719 2785 3781 omnia
2828 3718 3374 3782 rescinderentur.
3464 3721 3556 3783 Et
3613 3728 3833 3783 tamen
3882 3720 3940 3783 si
3995 3721 4138 3801 quis
4185 3742 4337 3783 vere

2376 3912 2520 3989 rum
2574 3889 2938 3955 concilium.
3032 3888 3206 3969 Quid
3266 3891 3468 3973 igitur
3512 3895 3839 3955 facturum
3882 3900 4220 3971 putemus,
4280 3892 4335 3955 si

311 3993 501 4058 torta,
548 3980 836 4056 confusa,
886 3979 1217 4061 dissipata,
1270 3978 1555 4056 disiecta,
1602 3980 1835 4043 mutila
1876 4000 2017 4044 esse
2062 3979 2270 4043 notis·
2323 4030 2326 4065 ,
2376 3999 2444 4039 111
2492 3997 2633 4040 rem
2678 3975 2878 4040 semel
2927 3988 3192 4041 ventum
3229 3976 3469 4039 fuerit?
3545 3976 3678 4041 Sed
3724 3977 3846 4039 hoc
3887 3994 3986 4038 est
4023 3977 4336 4041 nimirum

312 4067 554 4131 simum
614 4074 727 4129 est.
831 4065 1210 4130 Monstrum
1270 4065 1423 4143 erit,
1481 4066 1534 4130 si
1601 4067 1745 4146 quis
1801 4065 1971 4131 hanc
2017 4066 2271 4129 lernam
2322 4074 2327 4113 ²
2376 4061 2546 4143 quod
2590 4063 2723 4127 iam
2770 4061 3110 4143 aliquoties
3157 4061 3321 4126 dixi:
3371 4064 3540 4127 sicut
3575 4061 3944 4144 apostolicis
3991 4063 4148 4125 viris
4193 4084 4337 4126 mos

311 4150 714 4235 repurgandi
771 4153 988 4215 animo
1046 4160 1378 4229 attrectet,
1437 4151 1568 4215 imo
1629 4154 1683 4217 si
1742 4152 1886 4234 quis
1933 4151 2014 4215 ad
2060 4172 2270 4215 reme·
2323 4148 2326 4193 1
2378 4158 2506 4221 est,
2554 4148 2776 4213 statim
2822 4160 2896 4211 ut
2939 4146 3159 4211 vitiari
3203 4148 3446 4229 aliquid
3493 4149 3560 4211 in
3608 4146 3922 4231 religione
3967 4149 4334 4232 eontigerit,

309 4238 490 4302 dium
539 4237 739 4301 tantis
783 4238 973 4302 malis
1018 4237 1425 4303 afferendum
1462 4238 1565 4303 vel
1608 4238 1957 4302 minimum
1992 4237 2272 4320 digitum

310 4324 676 4389 admoveat.

309 4410 489 4476 hunc
534 4410 874 4486 duntaxat,
924 4410 1035 4474 sed
1081 4418 1281 4474 totam
1320 4431 1773 4475 romanensem
1820 4420 2181 4475 catervam:
2231 4430 2269 4473 o

307 4506 642 4579 portenta,
696 4518 825 4560 non
884 4496 1093 4560 dicam
1147 4497 1216 4561 in
1281 4497 1543 4561 ultimas
1586 4505 1798 4563 terras
1842 4494 2266 4578 exportanda,

308 4583 423 4648 sed
470 4582 655 4649 culeo
701 4582 1053 4657 insuenda,
1117 4583 1376 4664 quando
1421 4604 1644 4648 omnes
1689 4592 1941 4648 scortea
1986 4584 2265 4664 sapiunt,

302 4671 417 4751 qui
467 4678 626 4733 sunt
669 4689 752 4732 ex
796 4668 910 4731 illa
950 4668 1143 4732 faece.

482 4805 639 4869 Fuit
685 4807 872 4869 etiam
918 4826 1052 4868 mos
1096 4807 1396 4887 antiquus
1439 4812 1494 4871 et
1537 4805 1615 4870 ab
1649 4806 1949 4886 apostolis
1992 4805 2268 4869 traditus

307 4890 394 4956 ad
437 4891 587 4957 haee
633 4912 827 4972 usque
863 4897 1136 4970 tempora
1183 4898 1595 4968 conservatae,
1632 4898 1699 4955 ut
1729 4888 1803 4955 ’iu
1840 4892 2270 4956 controversiis

297 4979 453 5058 fidei
489 4977 816 5044 concilium
852 4975 1260 5054 adhiberetur,
1297 4998 1415 5059 quo
1448 4983 1755 5059 sequestre
1807 4982 1862 5042 et
1893 4977 2094 5041 medio
2129 4997 2264 5041 eou—

293 5064 640 5129 troversiae
680 5082 890 5147 omnes
928 5062 1266 5142 finirentur
1305 5068 1360 5127 et
1390 5085 1530 5144 pax
1572 5065 2013 5129 restitueretur.
2218 5076 2221 5079 '

474 5184 637 5247 Fuit
689 5192 862 5247 certe
920 5202 1063 5247 mos
1115 5182 1227 5247 ille
1283 5182 1394 5247 diu
1453 5204 1581 5246 non
1629 5183 1959 5247 immerito
2025 5184 2264 5246 sanctis

296 5308 541 5316 ——1-‘7

443 5373 501 5438 1)
544 5371 637 5426 Sic
672 5373 811 5425 male
845 5373 1178 5443 archetypon
1207 5387 1342 5439 pro.-
1379 5378 1526 5447 quot.

2377 4242 2451 4299 ut
2495 4234 2758 4299 obviam
2805 4243 3008 4311 eatur,
3053 4241 3276 4298 sancta
3319 4233 3589 4298 concilia
3634 4254 4052 4317 congregare,
4096 4235 4189 4299 616
4233 4256 4338 4297 ro-

791 4324 921 4388 Hjc
988 4325 1356 4389 exclamare
1421 4323 1607 4402 libet,
1681 4346 1811 4391 non
1869 4325 1939 4387 in
1995 4344 2270 4406 puerum
2373 4323 2588 4385 manis
2632 4321 3066 4395 antichristis,
3113 4321 3280 4402 vquia
3348 4341 3477 4383 non
3549 4321 3676 4383 nisi
3736 4342 3817 4383 ex
3873 4320 4104 4384 vitiata
4162 4341 4335 4384 mer-

2374 4409 2529 4471 cede
2576 4408 3049 4489 voluptuantur
3098 4417 3162 4469 et
3206 4419 3514 4488 regnant,
3573 4426 3831 4489 semper
3887 4406 4154 4471 solenne
4209 4407 4337 4469 fuit

2322 4532 2325 4553 ,
2374 4503 2440 4556 61
2464 4493 2657 4557 hodie
2694 4505 2812 4572 est,
2836 4493 3200 4576 legitimum
3226 4512 3416 4555 omne
3441 4492 3786 4557 concilium
3829 4515 3900 4556 re
3931 4513 4090 4556 vera
4125 4502 4333 4556 morte

2370 4581 2559 4661 peius
2595 4579 2826 4655 odisse,
2865 4580 3181 4659 refugere,
3221 4587 3533 4655 avertere,
3572 4579 3735 4643 falsa
3755 4588 3970 4643 autem
4011 4580 4147 4642 eius
4185 4600 4332 4660 pro-

2372 4666 2719 4741 missione,
2778 4665 3028 4747 quoties
3088 4664 3567 4729 reformationis
3612 4673 3827 4729 metus
3874 4663 4136 4728 aliunde
4181 4664 4332 4728 inii-

2372 4753 2559 4828 citur,
2606 4751 2828 4815 orbem
2848 4751 3109 4827 lactare,
3158 4758 3230 4813 ut
3272 4750 3615 4815 concilium
3653 4752 3987 4834 effugiant.
4047 4748 4239 4829 Quod
4278 4751 4334 4816 si

2372 4845 2704 4902 extortum
2740 4837 2869 4901 illis
2906 4836 3104 4901 semel
3143 4837 3341 4900 fuerit
3377 4845 3450 4900 ut
3485 4846 3758 4921 cogatur
3800 4836 4179 4900 Acheronta
4215 4857 4330 4918 po-

2371 4926 2501 4989 tius
2557 4934 2623 4988 et
2669 4925 2908 4987 inferos
2953 4930 3121 4986 totos
3186 4922 3546 4988 movebunt
3582 4944 3775 5005 quam
3819 4921 3900 4985 ad
3945 4920 4329 4987 umbilicum

2373 5011 2600 5077 venire
2646 5011 2882 5075 sinant.
2986 5007 3179 5089 Quod
3234 5010 3359 5074 nisi
3417 5012 3583 5075 serio
3641 5017 3944 5090 coeptum
4013 5016 4182 5072 esset
4248 5007 4330 5073 de

2373 5095 2645 5161 concilio
2690 5095 3009 5160 nationali
3041 5106 3239 5177 prout
3271 5096 3578 5161 ecclesiae
3613 5094 3966 5160 necessitas
3991 5093 4332 5178 flagitabat

2372 5181 2670 5247 habendo
2721 5181 3099 5258 deliberari,
3172 5182 3489 5264 pontificii
3547 5180 3669 5247 hac
3725 5189 3910 5263 parte
3964 5181 4120 5244 satis
4174 5201 4328 5245 con-

2371 5270 2801 5350 quiescerent,
2853 5273 2970 5347 [fol.
3012 5270 3120 5346 35]
3158 5288 3278 5331 nec
3325 5266 3446 5331 sibi
3494 5267 3652 5349 ipsis
3689 5267 3822 5331 ulla
3857 5274 3989 5329 tam
4028 5266 4327 5350 ingratae

2372 5356 2468 5418 rei
2503 5356 2836 5418 mentione
2880 5354 3137 5418 molesti
3187 5361 3423 5417 essent.
4223 5371 4230 5376 ·
