5100 6061
3348 152 3368 185 Ι

686 468 694 478 -
749 432 874 496 383
1749 425 1926 492 IAC.
1974 422 2446 490 SADOLETI
2490 421 2958 491 EPISTULA
2999 425 3127 490 AD
3175 421 3751 536 GENEVATJPS.
4642 425 4753 486 384

747 622 843 696 tet,
887 623 942 682 et
983 619 1068 682 ad
1105 617 1376 700 ,qloriam
1414 616 1652 697 patris,
1716 634 1904 694 quam
1947 614 2219 676 maxime
2262 612 2601 693 expetebat,
2649 616 2702 675 et
2750 627 2753 640 ¹
2808 615 2881 696 fit
2922 613 3208 692 obtusior,
3266 618 3499 679 vestros
3540 613 3610 678 id
3652 615 3897 679 animos
3948 618 4213 691 moveat,
4270 615 4383 677 aut
4442 613 4511 676 in
4564 612 4755 678 diver-

747 706 833 767 acl
873 704 1138 769 salutem
1181 707 1484 780 nostram,
1530 722 1655 781 pro
1700 721 1828 781 qua
1873 703 2006 762 erat
2059 700 2432 762 moriturus:
2486 700 2548 761 si
2592 719 2700 761 nos
2750 705 2755 762 ἱ
2811 720 2952 763 sam
2985 705 3039 764 et
3072 701 3455 764 contrariam
3490 699 3699 764 trahat
3722 705 3987 780 partem.
4063 698 4285 764 Odisse
4318 698 4591 780 forsitan
4612 718 4752 777 per-

747 790 911 854 inter
950 811 1079 868 noS,
1126 794 1181 853 et
1225 790 1294 853 in
1337 789 1474 870 ipso
1513 788 1826 869 fuerimus
1867 806 2078 854 unum,
2147 784 2351 866 Atqui
2394 784 2501 848 hoc
2544 805 2702 848 sem·
2749 781 2755 834 ἲ
2811 806 3001 850 sonas
3055 792 3306 850 nostras
3349 786 3636 865 potestis,
3694 788 3757 850 si
3801 787 3870 850 id
3914 786 3991 851 ab
4035 784 4348 867 evanyelio
4401 784 4751 863 conceditur,

733 897 860 957 per
904 881 1051 954 [pag.
1093 878 1199 953 29]
1247 875 1510 952 laborat,
1568 873 1676 937 lioc
1719 872 2031 935 adnititur
2075 870 2324 935 ecelesia
2380 869 2697 948 catholiea,
2749 843 2754 926 Ι
2809 872 3154 936 doctrinam
3175 877 3331 935 certe
3367 877 3422 936 et
3452 872 3638 951 fidem
3673 871 3892 935 habere
3928 871 4066 936 odio
4101 891 4224 935 non
4253 870 4495 935 debetis.
4556 868 4755 950 Scrip-

746 967 816 1026 ut
844 963 931 1026 sit
966 962 1282 1026 consensio
1317 958 1505 1035 nobis,
1543 964 1598 1022 et
1633 960 1701 1021 in
1738 958 1940 1020 eodem
1975 957 2211 1038 spiritu
2243 957 2484 1019 unitas.-
2518 976 2698 1036 quos·
2748 977 2753 1048 ς
2811 963 2942 1020 tum
2999 963 3091 1019 est
3143 958 3336 1022 enim:
3402 959 3573 1039 Quae
3622 958 3837 1021 dieunt
3884 958 4087 1039 facite.
4183 955 4401 1037 Neque
4456 975 4597 1020 vero
4650 975 4754 1019 nos

744 1068 865 1128 que
918 1047 1196 1113 homines
1238 1050 1345 1109 aut
1387 1045 1599 1126 spatia
1641 1045 2013 1124 disiunqunt
2056 1049 2397 1119 terrarum,
2456 1047 2568 1104 aut
2603 1042 2697 1104 in-
2748 1055 2753 1120 }
2810 1044 2994 1107 aliud
3036 1045 3320 1119 dicimuS,
3364 1065 3553 1123 quam
3595 1045 3757 1125 quod
3798 1049 4075 1108 nostram
4118 1047 4353 1107 vestrae
4396 1041 4625 1106 salutis
4655 1061 4752 1105 cu—

745 1133 1014 1198 tervalla
1058 1138 1414 1213 temporum,
1439 1131 1623 1211 'quod
1666 1131 1826 1193 coire
1869 1130 1940 1191 in
1982 1148 2176 1191 unum
2220 1148 2444 1206 corpus
2488 1148 2698 1192 omnes
2746 1141 2751 1190 ι
2801 1131 3137 1209 piditatem
3180 1129 3349 1192 vobis
3395 1130 3761 1193 indicamus.
3859 1131 4030 1210 Quae
4071 1130 4131 1192 si
4180 1150 4223 1192 a
4265 1127 4464 1205 vobis,
4528 1126 4750 1192 Geben-

745 1238 868 1283 non
900 1223 1183 1300 possunt,
1225 1238 1327 1281 eos
1361 1238 1528 1280 unus
1563 1221 1766 1278 tamen
1802 1216 2082 1295 spiritus,
2130 1215 2240 1292 qui
2276 1214 2499 1294 ubique
2532 1214 2696 1277 idem
2806 1236 3021 1280 nenses
3063 1216 3416 1292 carissimi,
3470 1216 3541 1278 in
3588 1217 3809 1280 bonam
3840 1221 4091 1295 partem
4129 1215 4323 1294 fuerit
4364 1219 4639 1294 accepta,
4694 1213 4752 1276 si

744 1325 987 1384 semper
1023 1309 1139 1383 est,
1199 1308 1256 1367 et
1305 1304 1511 1384 foveat
1561 1307 1615 1364 et
1668 1307 1859 1383 reqat.
1955 1297 2074 1362 Oui
2119 1300 2365 1378 quidem
2411 1299 2695 1363 eeclesiae
2744 1367 2747 1386 <
2806 1322 2901 1365 me
2935 1303 3442 1365 amantissimum
3476 1303 3667 1366 vestri
3695 1303 3903 1384 qratis
3935 1301 4173 1365 animis
4206 1300 4607 1364 audiverit-is.-
4640 1319 4752 1363 non

744 1390 1076 1455 catholicae
1119 1395 1174 1454 et
1213 1389 1472 1469 spiritui
1513 1393 1720 1452 saneto
1754 1387 1820 1449 hi
1855 1405 1921 1449 se
1957 1385 2354 1449 adversarios
2389 1406 2420 1450 e
2452 1386 2697 1466 reqione
2796 1387 3126 1468 poenitebit
3170 1407 3274 1451 vos
3306 1387 3600 1469 profecto,
3647 1392 3702 1450 et
3743 1388 3918 1467 apud
3952 1386 4162 1451 Deum
4197 1391 4597 1465 recuperatae
4623 1384 4749 1466 pri-

734 1475 1125 1560 profitentur,
1169 1475 1278 1555 qui
1320 1475 1621 1538 unitatem
1661 1474 1972 1553 franyere‚
2019 1472 2129 1550 qui
2172 1471 2382 1535 varios
2427 1471 2696 1549 spiritus
2742 1463 2747 1478 ⁸
2805 1475 3010 1537 stinae
3052 1474 3294 1555 ‚qratiae
3332 1478 3593 1550 vestrae,
3652 1479 3707 1536 et
3747 1473 3921 1552 apud
3963 1472 4240 1551 homines
4282 1472 4512 1548 laudis,
4605 1470 4749 1553 EyO,

745 1562 1092 1639 immittere,
1136 1562 1248 1641 qui
1283 1560 1735 1624 consensionem
1778 1558 2021 1624 solvere,
2070 1558 2180 1637 qui
2219 1557 2425 1620 tollere
2462 1576 2697 1620 coneor-
2744 1565 2748 1618 ὲ
2800 1581 2960 1639 quae
3014 1579 3185 1623 meae
3229 1565 3449 1640 partes
3491 1565 3666 1636 sunt,
3709 1565 3764 1621 et
3808 1560 3972 1638 quod
4011 1558 4417 1623 benevolentia
4460 1578 4609 1639 erqa
4650 1576 4749 1621 vos

745 1648 923 1712 diam
963 1648 1038 1711 cie
1095 1647 1443 1710 christiana
1502 1646 1796 1726 reliqione
1852 1648 2173 1720 conant-ur,
2229 1648 2402 1705 tanta
2455 1643 2699 1721 cupidi-
2744 1621 2748 1660 Ι
2799 1666 2935 1708 mea
2978 1643 3135 1707 milii
3172 1645 3577 1725 praeseribit,
3623 1645 3926 1709 assiduus
3969 1664 4072 1708 ero
4114 1645 4199 1708 ad
4242 1643 4453 1708 Deum
4488 1665 4614 1722 pro
4656 1662 4742 1706 vo-

743 1738 885 1810 tate,
931 1738 1098 1796 tanto
1138 1732 1375 1808 studia,
1434 1735 1514 1793 tot
1568 1727 2132 1792 machinationibus
2187 1733 2240 1792 et
2296 1729 2570 1805 artibus,
2631 1734 2698 1792 ut
2744 1731 2749 1752 ⁴
2799 1731 2897 1794 bis
2939 1732 3309 1811 deprecator,
3370 1751 3499 1794 meo
3557 1731 3805 1810 quidem
3861 1731 3995 1811 ipse
4049 1730 4350 1812 indiqnus
4401 1731 4585 1806 vitia,
4641 1728 4744 1796 sed

744 1839 954 1883 eornm
997 1818 1472 1883 sollicitudinem
1525 1821 1578 1879 et
1634 1815 2014 1878 anxietatem
2065 1814 2244 1879 nulla
2298 1816 2458 1878 satis
2515 1814 2697 1895 cliqne
2796 1817 3067 1898 forsitan
3112 1817 3346 1880 caritas
3388 1816 3607 1897 efficiet
3649 1837 3744 1880 me
3787 1817 4064 1898 diqnum.
4139 1817 4303 1880 Tum
4334 1819 4538 1879 autem
4574 1814 4744 1896 quid-

744 1906 1096 1985 exprimere
1138 1904 1336 1967 oratio
1369 1901 1590 1981 possit.
1683 1899 1762 1962 In
1815 1920 1965 1979 quos
2020 1920 2129 1981 eqo
2172 1901 2420 1980 quidem
2463 1900 2531 1964 id
2576 1920 2698 1963 non
2799 1903 2954 1981 quid
2997 1901 3163 1965 valeo
3195 1922 3601 1982 possumque,
3660 1902 3773 1966 etsi
3815 1902 3885 1966 id
3927 1923 4165 1983 quoque
4209 1922 4485 1983 parvum
4543 1901 4746 1965 admo-

743 1989 1140 2072 impreeabor,
1204 1993 1272 2051 ut
1314 1988 1637 2067 disperdat
1683 1986 1998 2050 Dominus
2040 1986 2334 2049 universa
2383 1987 2554 2050 labia
2597 1986 2699 2049 do-
2800 1989 2952 2052 dum
2995 1994 3108 2066 est,
3166 1989 3273 2050 sed
3316 1990 3377 2052 si
3420 1988 3576 2070 quid
3617 1993 3706 2052 est
3748 1989 3819 2051 in
3859 2009 3955 2051 me
3997 1989 4261 2072 inqenii,
4318 1987 4597 2064 consilii,
4641 2007 4745 2049 au-

744 2076 910 2155 losa,
956 2081 1011 2140 et
1049 2076 1332 2157 linquam
1374 2073 1861 2155 maqniloquam:
1918 2091 2116 2151 neque
2161 2073 2332 2149 item,
2392 2078 2458 2136 ut
2502 2072 2699 2136 addat
2744 2035 2750 2106 ¹
2799 2075 3100 2152 toritatis,
3159 2073 3542 2157 diliqentiae,
3598 2074 3668 2137 id
3710 2074 3804 2137 ita
3845 2074 4016 2138 vobis
4054 2079 4243 2139 totum
4286 2079 4341 2137 et
4385 2073 4610 2137 vestris
4647 2093 4745 2152 op·

743 2162 1139 2243 iniquitatem
1180 2179 1372 2239 super
1415 2179 1625 2223 eorum
1669 2158 2086 2238 iniquitatem:
2130 2158 2237 2221 sed
2281 2164 2349 2220 ut
2390 2162 2700 2223 convertat
2746 2163 2749 2294 Ι
2789 2159 3287 2239 portunitatibus
3331 2161 3553 2241 defero,
3597 2165 3669 2223 ut
3698 2180 3823 2240 pro
3867 2181 4091 2243 maqno
4134 2180 4265 2224 meo
4302 2158 4611 2224 commodo
4643 2157 4746 2221 Iza-

745 2267 878 2326 eoS,
941 2252 997 2310 et
1041 2246 1125 2310 acl
1165 2245 1464 2326 spiritum
1508 2244 1730 2309 bonum
1783 2242 2069 2321 deducat,
2124 2245 2447 2307 dominum
2487 2242 2699 2307 Deum
2800 2244 3045 2309 biturus
3103 2247 3254 2324 sim,
3315 2249 3373 2309 si
3433 2265 3538 2310 vos
3592 2246 3850 2326 aliquod
3908 2267 3983 2308 ex
4026 2267 4121 2309 me
4164 2245 4549 2311 commodum
4590 2244 4745 2322 fruc-

747 2352 952 2397 meum
1018 2331 1284 2412 supplex
1352 2330 1600 2411 roqabo,
1674 2330 1860 2393 sicuti
1929 2350 2088 2410 roqo.
2185 2329 2422 2409 Vosque
2485 2335 2541 2392 et
2594 2349 2697 2392 oro
2799 2336 3047 2412 tumque
3090 2352 3259 2395 meae
3303 2353 3523 2411 operae
3566 2337 3619 2394 et
3667 2332 3919 2408 laboris,
3965 2337 4020 2394 et
4061 2334 4128 2395 in
4172 2331 4409 2395 divinis
4451 2330 4653 2407 rebus,
4695 2334 4747 2392 et

747 2423 803 2483 et
844 2417 1068 2495 hortor,
1123 2418 1358 2497 fratres
1399 2416 1521 2479 mei
1572 2415 2019 2492 Gebennenses,
2079 2420 2174 2492 ut,
2229 2415 2534 2480 discussis
2581 2415 2699 2479 ali-
2801 2419 2871 2480 in
2929 2417 3239 2495 humanis,
3286 2420 3614 2499 percipere
3646 2419 3999 2498 potueritis.
4086 2417 4458 2481 Extremum
4502 2420 4622 2494 est,
4682 2420 4744 2479 ut

746 2503 997 2586 quando
1052 2502 1129 2566 ab
1184 2501 1380 2567 oculis
1435 2503 1658 2564 mentis
1722 2505 1962 2564 vestrae
2018 2501 2255 2565 erroris
2312 2500 2586 2579 nebulis,
2643 2504 2699 2562 et
2746 2515 2750 2620 '
2800 2523 2907 2567 vos
2950 2524 3143 2581 orem,
3174 2507 3268 2566 ,αι
3324 2525 3464 2567 eum
3506 2505 3807 2568 ‚nuncium
3849 2524 4030 2584 quem
4072 2504 4158 2568 ad
4198 2524 4305 2567 vos
4346 2522 4486 2567 cum
4530 2501 4635 2564 liis
4677 2501 4746 2565 ln>

734 2589 1056 2670 patefacta
1091 2589 1249 2667 luce,
1294 2588 1380 2650 atl
1412 2587 1643 2651 coelum
1677 2586 1840 2651 illud
1875 2586 2078 2650 oculos
2127 2587 2490 2665 attollentes,
2536 2586 2699 2667 quod
2746 2631 2750 2674 ,
2800 2590 2952 2652 teris
2994 2590 3164 2664 misi,
3211 2612 3284 2652 ea
3327 2592 3602 2653 comitate
3645 2611 3718 2653 ac
3760 2590 4129 2672 beniqnitate
4172 2589 4515 2669 accipiatis,
4563 2607 4745 2668 quam

733 2679 1108 2757 perpetuam
1132 2675 1419 2755 patriam
1453 2679 1740 2751 vestram,
1776 2673 1928 2736 siin
1951 2674 2186 2735 unitate
2221 2672 2503 2736 ecclesiae
2523 2692 2690 2736 man·
2746 2687 2750 2706 ’
2802 2680 2856 2737 et
2899 2674 3263 2740 humanitas
3317 2681 3546 2755 vestra,
3606 2681 3753 2754 [pag.
3794 2681 3900 2752 311
3960 2681 4016 2740 et
4070 2677 4174 2739 ius
4224 2676 4529 2756 qentium,
4589 2678 4643 2737 et
4681 2675 4746 2735 in

745 2761 976 2838 seritis,
1011 2759 1343 2841 proposuit
1377 2759 1545 2824 vobis
1581 2757 1778 2836 Deus,
1822 2758 2025 2823 redire
2060 2760 2131 2822 in
2161 2759 2554 2847 ¹concordiam
2591 2779 2698 2822 no-
2791 2760 3030 2840 primis
3056 2761 3401 2825 christiana
3422 2761 3827 2826 mansuetudo
3850 2761 4133 2843 postulat
4165 2767 4221 2824 et
4256 2761 4560 2840 requirit:
4595 2757 4746 2840 quod

745 2846 997 2925 bisc-um,
1041 2851 1094 2909 et
1132 2845 1314 2924 fidele
1356 2845 1714 2926 obsequium
1743 2849 2065 2924 praestare
2098 2844 2291 2908 matri
2328 2850 2575 2908 nostrae
2608 2863 2697 2908 ec·
2802 2845 2972 2910 vobis
3026 2846 3343 2911 honestum
3360 2897 3374 2925 ‚
3421 2847 3577 2910 milii
3641 2853 3846 2911 autem
3900 2847 4273 2911 vehementer
4323 2848 4615 2928 futurum
4666 2847 4748 2908 est

744 2932 994 3011 etesiae,
1049 2931 1353 3011 colereque
1396 2931 1606 2995 Deum
1650 2932 1720 2995 in
1758 2951 1887 2995 uno
1931 2931 2245 2994 nobiscum
2287 2931 2522 3010 spiritu
2567 2930 2699 2992 iam
2797 2936 3066 3014 qratum.
3155 2933 3334 2996 Deus
3392 2953 3498 2998 vos
3552 2933 3793 3015 dirigat
3842 2937 3897 2997 et
3926 2934 4241 3014 propitius
4296 2937 4563 3008 tueatur,
4624 2929 4750 3011 fra-

744 3018 967 3084 velitis.
1062 3017 1193 3083 Nec
1245 3017 1306 3081 si
1349 3039 1546 3082 mores
1591 3017 1790 3081 nostri
1815 3056 1818 3061 <
1839 3017 2002 3082 vobis
2041 3019 2310 3097 fortasse
2352 3016 2697 3097 displicent,
2803 3023 2923 3082 tres
2965 3020 3301 3085 car-issimi.
3396 3034 3407 3043 '

746 3104 1879 3272 rumen,
1906 3102 2697 3268 mm
2895 3153 3356 3236 camum
3390 3155 3459 3219 x
3474 3156 3541 3221 ν.
3572 3155 3822 3222 cazena-
4160 3114 4250 3219 M.
4275 3154 4359 3220 12-
4395 3152 4751 3220 xxm-
