5100 6061
706 382 821 485 1¹91

2219 411 3171 481 PSYOHOPANNYCHIA.

4578 417 4700 480 192

699 610 855 676 dum
900 617 1124 675 tamen
1156 608 1361 690 plena
1404 617 1471 672 et
1515 609 1797 690 perfecta
1840 606 2038 688 quies,
2113 602 2190 668 Si
2230 602 2494 684 quidem
2539 623 2643 667 re·
2693 608 2699 661 2
2747 604 2999 681 Deum,
3057 603 3170 685 qui
3212 602 3498 669 dedisset
3540 602 3742 668 talem
3785 609 4174 686 potestatem
4227 603 4616 668 hominibus.
4645 605 4700 688 ι>

743 697 1028 761 uiescere
1072 693 1327 771 dicitur,
1373 694 1484 776 qui
1528 701 1627 757 est
1669 692 1780 756 ubi
1825 711 1967 755 6666
2013 691 2291 773 appetit:
2340 710 2461 754 nec
2504 710 2643 754 mo-

699 717 823 847 dus
878 779 1183 846 desiderii
1235 781 1435 844 finem
1487 777 1710 855 habet,
1767 775 1894 842 nisi
1951 796 2026 839 eo
2082 775 2461 857 pervenerit
2514 795 2644 857 quo

699 867 1024 933 tendebat.
1115 863 1193 931 Si
1237 873 1457 929 autem
1510 862 1681 929 oculi
1736 863 2092 927 electorum
2137 859 2221 926 ad
2264 881 2643 943 supremam

696 953 828 1018 Dei
871 952 1161 1038 gloriam,
1205 950 1390 1015 velut
1424 949 1513 1014 ad·
1540 969 1828 1031 scopum,
1875 946 2231 1024 collimant,
2278 967 2538 1029 semper
2572 948 2643 1010 in

699 1060 899 1104 cursu
954 1046 1052 1104 est
1104 1057 1333 1100 eorum
1384 1034 1806 1111 desiderium,
1866 1031 2072 1097 donec
2124 1032 2397 1116 impleta
2444 1032 2646 1096 fuerit

699 1124 829 1189 Dei
863 1126 1095 1210 gloria:
1129 1122 1235 1187 cui
1256 1122 1349 1184 im
1393 1121 1751 1184 lementum
1776 1119 1969 1183 affert
1993 1118 2131 1182 dies
2154 1116 2397 1182 iudicii.
2458 1119 2644 1183 Tunc

701 1232 932 1275 verum
954 1210 1080 1275 erit
1099 1206 1288 1271 illud:
1381 1206 1650 1283 atiabor‚
1687 1225 1889 1288 quum
1921 1204 2338 1287 evigilavero,
2378 1210 2644 1286 aspectu

701 1296 924 1361 vultus
968 1295 1061 1360 tui
1107 1292 1312 1375 (Psal.
1365 1297 1454 1371 17,
1502 1291 1628 1374 15).

870 1467 963 1533 Ut
1006 1474 1225 1543 autem
1267 1464 1572 1545 reprobos
1599 1463 2014 1539 -omittamuS,
2061 1461 2295 1542 quibus
2335 1454 2491 1541 quid
2536 1480 2641 1523 66-

699 1553 876 1621 cidat
906 1573 1035 1616 non
1068 1570 1347 1634 magnae
1380 1569 1575 1614 curae
1606 1547 1793 1612 nobis
1826 1567 1970 1610 esse
2008 1543 2216 1623 debet,
2242 1546 2443 1611 velim
2476 1545 2646 1609 mihi

698 1639 868 1704 bona
910 1638 1037 1702 fide
1069 1633 1528 1718 respondeant,
1575 1632 1751 1698 unde
1784 1632 1915 1696 illis
1949 1651 2097 1714 spes
2128 1631 2641 1709 resurrectioniS,
2695 1648 2696 1673 ³

2747 689 2896 753 Hoc
2939 689 3230 771 profecto
3273 688 3439 753 vidit
3479 688 3799 773 Cyrillus,
3846 689 3959 771 qui
4004 687 4342 754 nobiscum
4387 689 4460 753 in
4503 690 4700 755 huius

2747 774 2872 841 loci
2929 775 3360 857 explicatione
3414 775 3756 839 consentit.
3860 774 4088 853 Quum
4147 782 4363 839 autem
4421 773 4700 841 dicimus

2748 860 3122 937 Christum,
3169 870 3492 941 quatenus
3537 860 3730 924 homo
3775 868 3904 935 est,
3952 859 4193 923 habere
4233 861 4436 926 vitam
4480 863 4553 925 in
4596 883 4700 926 se-

2748 946 3044 1027 metipso,
3087 967 3218 1009 non
3261 946 3478 1027 ipsum
3520 945 3643 1009 sibi
3686 965 3951 1010 causam
3994 965 4139 1010 esse
4181 947 4356 1011 vitae
4391 945 4696 1013 dicimus:

2748 1030 2864 1096 sed
2902 1031 3026 1096 hoc
3071 1040 3331 1095 tantum
3346 1081 3362 1109 ,
3418 1051 3681 1095 omnem
3724 1031 3902 1095 vitae
3945 1030 4428 1113 plenitudinem
4473 1054 4512 1097 a
4552 1033 4700 1097 Deo

2748 1123 2936 1199 patre
2992 1116 3271 1181 effusam
3326 1137 3469 1181 esse
3523 1117 3595 1180 in
3653 1115 3998 1181 Christum
4050 1117 4399 1182 hominem.
4504 1117 4701 1199 Quod

2746 1202 3050 1266 familiari
3101 1199 3527 1267 similitudine
3569 1202 3841 1284 planum
3885 1203 4029 1267 fieri
4071 1210 4303 1285 potest.
4372 1204 4573 1283 Fons,
4612 1227 4700 1269 ex

2747 1308 2876 1370 quo
2919 1308 3145 1353 omnes
3188 1287 3534 1365 hauriunt,
3580 1309 3663 1351 ex
3708 1309 3836 1369 quo
3880 1287 4079 1352 rivuli
4124 1286 4432 1354 defluunt
4471 1300 4539 1355 et
4582 1290 4698 1355 (16-

2747 1375 3066 1449 rivantur,
3106 1393 3343 1455 aquam
3381 1373 3450 1435 in
3484 1372 3834 1456 semetipso
3866 1373 4110 1438 habere
4146 1373 4409 1439 dicitur:
4435 1396 4557 1440 nec
4593 1384 4697 1441 ta-

2746 1480 2902 1524 men
2926 1481 3010 1523 ex
3054 1460 3422 1540 semetipse,
3457 1457 3568 1523 sed
3609 1479 3692 1523 ex
3736 1459 4155 1542 scaturigine,
4203 1480 4369 1543 quae
4412 1462 4508 1526 illi
4534 1464 4699 1527 assi-

2748 1544 2877 1609 due
2920 1544 3378 1609 subministrat
3419 1544 3597 1624 quod
3640 1554 3708 1609 et
3749 1547 3910 1609 rivis
3953 1545 4353 1624 labentibus,
4410 1556 4478 1611 et
4533 1548 4699 1613 hau-

2747 1631 3068 1696 rientibus
3114 1630 3491 1695 hominibus
3535 1630 3837 1696 sufficere
3879 1630 4103 1714 possit.
4171 1633 4352 1715 Ergo
4390 1632 4699 1699 Christus

698 1726 828 1791 nisi
871 1725 1025 1807 quia
1047 1721 1357 1788 Christus
1401 1718 1808 1785 resurrexit?
1864 1718 2019 1800 Ipse
2064 1724 2165 1781 est
2191 1718 2370 1781 enim
2397 1716 2642 1799 primo-
2692 1724 2699 1807 ff
2747 1716 2947 1781 habet
2989 1717 3195 1782 vitam
3236 1717 3306 1780 in
3353 1717 3731 1797 semetipso,
3790 1715 3914 1781 1106
3953 1725 4080 1794 est,
4130 1718 4299 1781 vitae
4344 1719 4698 1800 plenitudi-

698 1812 962 1896 genitus
1003 1816 1431 1881 mortuorum,
1478 1815 1545 1869 et
1582 1804 1909 1888 primitiae
1941 1804 2426 1886 resurgentium
2472 1802 2640 1883 (Col.
2693 1820 2698 1867 z
2747 1823 2931 1879 nem,
2991 1822 3119 1884 qua
3160 1811 3227 1865 et
3268 1802 3407 1882 ipse
3453 1802 3664 1879 vivat,
3722 1811 3790 1866 et
3833 1823 3985 1866 suos
4029 1803 4343 1869 vivificet:
4416 1826 4550 1869 non
4594 1814 4698 1871 ta-

706 1904 759 1975 l,
803 1900 909 1975 18;
948 1897 1147 1978 Apoc.
1198 1898 1249 1970 l,
1291 1893 1376 1975 5).
1447 1886 2015 1971 Quemadmodum
2056 1889 2168 1953 1116
2201 1898 2505 1953 mortuus
2541 1896 2643 1952 est
2693 1874 2698 1955 Ι
2746 1910 2898 1952 111611
2940 1888 3137 1953 habet
3179 1908 3262 1951 ex
3317 1888 3696 1969 semetipso,
3753 1886 4299 1970 quemadmodum
4352 1891 4494 1972 ipse
4538 1891 4700 1957 alibi

698 1992 766 2047 et
808 1980 1187 2057 resurrexit,
1233 1979 1326 2041 ita
1367 1998 1486 2043 nos
1530 1978 1602 2040 in
1646 1996 1721 2041 60
1760 1977 2078 2039 morimur
2111 1995 2186 2039 ac
2218 1995 2407 2040 resur
2457 1975 2468 1987 '
2545 1996 2640 2038 us.

698 2068 777 2134 Si
821 2068 996 2132 enim
1038 2086 1236 2142 mors,
1282 2063 1388 2126 cui
1425 2062 1691 2127 obnoxii
1723 2082 2002 2139 eramus,
2040 2058 2362 2126 vincenda
2393 1995 2645 2123 ffiuit

2693 1966 2701 2083 ἲ
2750 1982 3054 2050 testatur,
3101 1971 3273 2072 quod
3317 1973 3484 2038 vivit
3524 1981 3797 2056 propter
3838 1980 4098 2056 patrem
4143 1974 4398 2051 (Ioann.
4452 1982 4509 2053 6,
4560 1981 4638 2039 57
4647 1979 4693 2060 ).

2750 2061 2844 2124 Et
2885 2081 3091 2141 quum
3134 2081 3205 2123 111
3249 2080 3336 2136 66,
3384 2070 3459 2122 ut
3502 2059 3704 2136 Deus,
3750 2059 3956 2123 vitam
3998 2058 4286 2138 haberet,
4334 2063 4448 2126 ubi
4487 2062 4698 2126 homi-

697 2174 816 2238 per
837 2160 1134 2227 mortem,
1180 2148 1358 2212 haud
1390 2147 1585 2214 dubie
1616 2156 1894 2215 mortem
1930 2146 2206 2211 eandem
2227 2145 2429 2211 subiit
2449 2166 2645 2229 quam
2696 2178 2701 2243 Ι
2751 2166 2901 2210 116111
2949 2143 3334 2227 assumpsit,
3382 2142 3626 2209 donum
3666 2147 3916 2227 accepit
3957 2144 4079 2210 hoc
4124 2168 4180 2210 a.
4205 2156 4422 2230 patre,
4481 2156 4556 2212 ut
4599 2150 4701 2213 vi‘-

699 2248 769 2304 et
810 2260 962 2314 nos,
1022 2243 1216 2318 atque
1268 2233 1444 2299 idem
1498 2234 1567 2298 in
1625 2240 1835 2298 morte
1887 2253 2120 2316 passus
2172 2239 2273 2296 est
2311 2230 2482 2313 quod
2525 2253 2645 2295 nos
2697 2270 2701 2313 1
2751 2240 2888 2295 tam
2934 2252 3010 2295 66
3054 2231 3252 2295 etiam
3288 2239 3475 2311 parte
3511 2230 3785 2295 haberet
3817 2232 3889 2294 in
3926 2233 4292 2313 semetipso,
4362 2234 4548 2299 Haec
4580 2256 4700 2299 no-

698 2325 1005 2408 patimur.
1094 2320 1173 2385 Id
1216 2321 1489 2403 planum
1532 2319 1689 2384 facit
1730 2319 1993 2397 veritas,
2041 2338 2247 2400 quum
2283 2326 2474 2382 vocat
2507 2318 2645 2400 pri-
2697 2322 2701 2377 1
2750 2318 2850 2383 1116
2896 2318 3326 2381 certissimam
3382 2314 3577 2380 fidem
3629 2317 3904 2395 faciunt,
3964 2315 4304 2382 Christum
4362 2320 4702 2404 exstingui

698 2409 1106 2494 mogenitum
1128 2408 1531 2470 mortuoru‘rn
1557 2414 1626 2469 et
1644 2405 1964 2487 primitias
1984 2404 2486 2488 resurgentium.
2522 2404 2645 2467 At—
2696 2388 2702 2481 Ξ
2750 2410 2962 2467 morte
3005 2423 3141 2466 non
3185 2402 3505 2484 potuisse,
3561 2402 3763 2466 etiam
3807 2402 4166 2468 secundum
4213 2404 4574 2483 hominem,
4632 2413 4703 2471 et

698 2517 825 2644 gne
867 2497 961 2559 ita
1004 2491 1240 2571 docuit,
1289 2500 1362 2556 ut
1401 2490 1627 2556 fideles
1672 2491 1744 2554 in
1782 2488 1998 2554 media
2028 2497 2239 2570 morte
2269 2491 2487 2571 ipsum
2521 2490 2646 2554 sibi
2697 2492 2702 2533 ¹

746 2600 932 2646 ucem
965 2586 1354 2663 agnoscant:
1395 2585 1461 2642 et
1482 2575 1638 2640 dum
1660 2584 1943 2641 mortem
1979 2596 2170 2639 suam
2199 2576 2402 2657 ipsius
2435 2583 2646 2639 morte

700 2667 1169 2732 sanctificatam
1215 2664 1570 2746 aspiciunt,
1629 2662 1882 2726 nullam
1938 2662 2078 2725 eius
2118 2655 2645 2726 maledictionem

699 2752 1069 2817 formident.
1129 2748 1323 2829 Quod
1364 2748 1688 2848 significat
1723 2746 1989 2825 Paulus,
2036 2746 2193 2846 dum
2237 2749 2345 2824 ait,
2391 2748 2646 2812 confor-
2696 2780 2702 2853 ἰ

701 2859 878 2903 1116111
922 2857 992 2902 66
1037 2836 1179 2900 fieri
1224 2843 1417 2899 morti
1463 2856 1620 2911 eme,
1669 2833 1871 2898 donec
1915 2840 2256 2916 pervemat
2299 2832 2383 2897 ad
2427 2854 2646 2897 resur·
2697 2856 2700 2865 ·

700 2925 1059 2989 rectionem
1090 2928 1496 2986 mortuorum
1531 2919 1733 2999 (Phil.
1774 2924 1831 2997 3,
1864 2919 1989 3002 11).
2056 2919 2252 2983 Hanc
2285 2919 2463 2982 enim
2493 2938 2646 2983 con-

700 3011 1097 3075 formitatem
1130 3008 1235 3072 hic
1266 3027 1385 3089 per
1419 3026 1677 3072 crucem
1712 3005 2089 3072 inchoatam
2118 3005 2646 3087 prosequebatur,

702 3094 907 3161 donec
930 3116 1075 3160 eam
1099 3101 1309 3159 morte
1333 3092 1738 3175 adimpleret.
1796 3092 1991 3157 Nunc
2023 3090 2378 3174 paulisper,
2416 3111 2454 3154 o
2475 3112 2646 3155 som-

701 3184 1005 3260 niatores,
1049 3179 1327 3244 redeatis
1361 3178 1443 3242 ad
1474 3198 1584 3241 cor
1606 3185 1672 3241 et
1693 3176 2030 3242 vobiscum
2063 3177 2377 3259 cogitetis,
2422 3197 2648 3258 quem-

703 3265 1055 3332 admodum
1099 3265 1406 3330 Christus
1450 3274 1749 3327 mortuus
1801 3269 1917 3327 est.
2006 3262 2186 3325 Num
2240 3271 2397 3328 tunc
2451 3262 2649 3327 etiam

704 3353 1085 3428 dormiebat,
1120 3372 1319 3433 quum
1343 3348 1650 3432 vigilaret
1681 3348 1755 3411 in
1790 3347 2073 3412 salutem
2098 3348 2427 3414 vestram?
2497 3348 2648 3412 Non

705 3438 798 3503 sic
842 3438 983 3520 ipse
1027 3436 1109 3500 de
1152 3457 1222 3501 se
1264 3435 1579 3517 loquitur:
1642 3432 1860 3512 Sicut,
1917 3433 2133 3514 inquit
2149 3485 2162 3511 ,
2220 3441 2409 3516 pater
2451 3433 2651 3499 habet

2752 2508 3128 2572 quanquam
3173 2508 3330 2553 vere
3388 2508 3462 2553 ac
3515 2487 3902 2553 naturaliter
3943 2490 4017 2552 in
4075 2499 4355 2555 mortem
4412 2490 4700 2557 traditus

2752 2583 2868 2653 est,
2915 2595 3112 2657 quam
3156 2594 3380 2638 omnes
3424 2574 3745 2652 subimus,
3801 2573 4047 2638 donum
4098 2584 4323 2640 tamen
4375 2576 4540 2641 illud
4583 2598 4700 2661 pa-

2751 2662 2872 2726 tris
2917 2681 3174 2741 semper
3217 2660 3579 2724 retinuisse.
3651 2659 3830 2724 Vera
3873 2681 4048 2725 mors
4091 2661 4241 2740 fuit,
4304 2664 4590 2746 corporis
4633 2671 4704 2727 et

2753 2749 3008 2811 animae
3052 2745 3304 2811 solutio.
3375 2744 3744 2823 Caeterum,
3792 2746 4011 2810 anima
4046 2746 4252 2812 vitam
4296 2769 4482 2813 suam
4526 2771 4701 2813 nun-

2751 2854 2948 2915 quam
2991 2830 3292 2914 perdidit,
3338 2852 3504 2913 quae
3548 2832 3722 2913 patri
3768 2832 4221 2897 commendata
4265 2855 4394 2898 non
4439 2842 4702 2917 poterat

2751 2940 2885 2983 non
2930 2917 3112 2983 salva
3157 2938 3317 2982 esse.
3386 2916 3466 2981 Id
3503 2916 3737 2981 volunt
3783 2916 3983 2983 verba
4026 2940 4108 2982 ex
4151 2920 4458 2986 concione
4491 2921 4699 2998 Petri,

2750 3004 2985 3088 quibus
3007 3004 3293 3069 affirmat
3313 3002 3713 3087 impossibile
3731 3004 3930 3069 fuisse
3949 3006 4157 3070 teneri
4177 3006 4390 3089 ipsum
4411 3027 4451 3070 a
4466 3020 4702 3087 morte,

2751 3099 2829 3155 ut
2871 3092 3198 3174 scriptura
3237 3089 3654 3171 impleretur:
3717 3088 4046 3170 Quoniam
4100 3113 4230 3156 non
4285 3091 4702 3177 derelinquas

2753 3178 3038 3242 animam
3083 3196 3300 3240 meam
3342 3177 3413 3238 in
3458 3176 3731 3254 inferno,
3777 3197 3899 3242 nec
3945 3177 4128 3242 dabis
4172 3187 4473 3243 sanctum
4507 3186 4703 3243 tuum

2752 3260 2978 3327 videre
3034 3262 3517 3344 corruptionem
3570 3261 3746 3344 (Act.
3789 3266 3845 3341 2,
3887 3266 4017 3347 27).
4107 3263 4192 3327 In
4234 3285 4365 3347 qua
4418 3266 4701 3348 prophe-

2753 3349 2875 3427 tia,
2932 3356 3008 3412 ut
3050 3346 3479 3413 concedamus
3535 3348 3823 3412 animam
3868 3347 4076 3414 vitam
4128 3370 4302 3430 esse,
4358 3349 4486 3415 (1110
4537 3351 4705 3433 petit

2753 3443 2822 3500 et
2865 3442 3200 3516 exspectat
3241 3455 3280 3497 a
3335 3442 3521 3515 patre
3564 3432 3900 3498 Christus:
3956 3457 4040 3500 ne
4094 3444 4211 3499 aut
4252 3439 4458 3501 vitam
4512 3450 4703 3504 suam

703 3524 911 3588 vitam
953 3523 1027 3586 in
1068 3521 1445 3602 semetipsO,
1500 3521 1591 3584 sic
1636 3517 1812 3583 dedit
1853 3519 1991 3583 filio
2042 3518 2282 3584 habere
2324 3521 2532 3584 vitam
2580 3521 2650 3583 in
2700 3533 2706 3620 Ἰ
2751 3522 2823 3584 111
2867 3518 3297 3602 perditionem
3340 3518 3627 3597 deserat,
3673 3527 3789 3584 aut
3830 3541 3902 3585 se
3944 3522 4014 3585 in
4061 3521 4547 3605 corruptionem
4587 3543 4701 3588 ve·

705 3609 1052 3690 semetipso
1091 3607 1345 3689 (Ioann.
1372 3610 1429 3684 5,
1456 3610 1585 3687 26).
1659 3603 1793 3685 Qui
1834 3605 1905 3668 in
1947 3625 2019 3670 se
2053 3606 2186 3670 vim
2223 3606 2396 3670 vitae
2430 3600 2650 3685 habet,

707 3691 1026 3776 quomodo
1071 3714 1215 3757 cam
1260 3691 1601 3776 perderet?
1691 3690 1921 3773 Neque
1974 3691 2139 3755 mihi
2193 3690 2648 3774 respondeant,

706 3780 868 3845 haec
915 3778 999 3843 ad
1041 3777 1450 3844 divinitatem
1495 3784 1805 3858 spectare.
1838 3777 1885 3859 ¹)
1975 3775 2052 3840 Si
2107 3778 2281 3840 enim
2340 3779 2398 3841 ei
2456 3777 2651 3842 datur

704 3867 816 3948 qui
858 3886 991 3930 non
1034 3865 1263 3942 habet,
1309 3863 1559 3928 homini
1603 3863 1836 3946 igitur,
1883 3884 2016 3927 non
2060 3863 2235 3941 Deo,
2281 3861 2503 3927 datum
2552 3871 2654 3928 est

704 3952 775 4014 in
819 3971 889 4015 66
932 3951 1175 4016 habere
1207 3951 1430 4015 vitam.
1502 3947 1725 4028 Quum
1755 3949 1935 4012 enim
1966 3947 2156 4013 Iesus
2192 3947 2500 4014 Christus
2522 3950 2652 4014 Dei

705 4040 792 4101 sit
835 4036 1038 4113 filius,
1087 4045 1153 4100 et
1196 4035 1508 4099 hominis:
1556 4032 1730 4116 quod
1757 4041 1873 4105 -est
1913 4044 2155 4098 natura
2199 4041 2276 4098 ut
2316 4035 2531 4113 Deus,
2583 4033 2653 4098 id

704 4130 805 4188 est
849 4123 1060 4206 gratia
1103 4129 1181 4185 ut
1224 4123 1437 4186 homo.
1506 4120 1601 4185 Ut
1644 4119 1735 4185 sic
1779 4118 1860 4183 de
1891 4118 2298 4203 plenitudine
2335 4121 2476 4185 eius
2512 4142 2679 4186 0111-Δ

704 4229 819 4272 1166
864 4209 1273 4291 accipiamus,
1320 4215 1389 4271 et
1430 4206 1713 4289 gratiam
1748 4225 1866 4287 pro
1900 4206 2131 4288 gratia.
2198 4205 2398 4288 Apud
2428 4208 2650 4270 Deum

704 4295 908 4359 vitam
952 4315 1094 4359 esse
1139 4295 1194 4358 si
1238 4291 1509 4358 audiant
1551 4290 1882 4368 homines,
1940 4299 2258 4373 quantum
2313 4290 2465 4356 inde
2510 4294 2651 4375 spei

703 4380 1101 4461 concipiant:
1140 4400 1345 4461 quum
1378 4377 1577 4442 simul
1612 4378 1840 4454 sciant,
1889 4379 2007 4458 [fol.
2052 4382 2155 4459 14]
2200 4379 2479 4459 peccatis
2515 4379 2653 4443 suis

705 4465 949 4529 nubem
992 4466 1168 4527 inter
1210 4485 1280 4528 se
1323 4471 1390 4527 et
1432 4463 1648 4527 Deum
1703 4462 2108 4545 oppositam?
2198 4465 2292 4527 At
2334 4463 2497 4529 haec
2541 4462 2654 4527 de-

706 4571 892 4615 mum
934 4569 1092 4614 vere
1134 4569 1377 4632 magna
1428 4547 1781 4613 consolatio
1837 4557 1964 4627 est,
2022 4548 2198 4631 quod
2239 4547 2428 4613 Deus'
2468 4559 2656 4633 pater

707 4636 1050 4701 Christum
1073 4635 1342 4698 unxerit
1361 4634 1500 4697 oleo
1522 4634 1805 4699 laetitiae
1827 4654 1984 4715 prae
2008 4635 2415 4700 consortibus
2442 4636 2579 4701 suis
2596 4638 2654 4720 2)

708 4721 914 4803 (Ρ661.
955 4724 1057 4798 45,
1096 4718 1195 4800 8);
1253 4717 1427 4801 quod
1481 4719 1621 4802 ipse
1666 4719 1970 4785 Christus
2013 4719 2207 4785 homo
2253 4721 2575 4802 acceperit
2617 4743 2657 4784 a

707 4813 897 4890 patre
941 4805 1113 4870 dona
1154 4806 1227 4869 in
1271 4804 1644 4869 hominibus
1704 4806 1906 4887 (Psal.
1949 4808 2048 4882 68,
2092 4807 2233 4889 19),
2296 4813 2374 4869 ut
2416 4806 2490 4870 in
2537 4827 2655 4870 na-

708 4899 861 4957 tura
903 4900 1134 4957 nostra
1174 4891 1381 4957 vitam
1434 4890 1721 4971 reperire
1774 4892 2113 4973 possimus.
2204 4889 2355 4971 Qua
2403 4892 2657 4956 ratione

707 4977 987 5060 legimus
1032 4977 1295 5042 turbam
1334 4981 1486 5059 post
1528 4975 1913 5040 suscitatum
1946 4998 2223 5059 puerum
2260 4977 2658 5061 glorificasse

814 5259 817 5260 ⁷
853 5266 910 5334 1)
948 5269 1275 5337 Augustinus
1319 5270 1395 5323 616
1441 5266 1662 5334 accipit,
1713 5265 1809 5320 sed
1855 5267 2008 5321 nimis
2058 5269 2205 5324 dure.

2426 5270 2488 5336 2)
2527 5272 2654 5337 suis,

713 5350 813 5390 om‚
852 5335 985 5388 1552
1018 5352 1175 5407 seqq„
1209 5354 1319 5391 non
1354 5342 1533 5390 autem
1567 5333 1631 5388 G.

2755 3607 2899 3670 nire
2944 3608 3145 3671 sinat:
3204 3605 3377 3688 quod
3433 3605 3777 3688 impletum
3832 3614 3948 3671 est.
4049 3606 4221 3671 Nam
4279 3608 4499 3672 anima
4562 3609 4704 3673 eius

2756 3691 2983 3758 divina
3028 3692 3272 3756 virtute
3316 3691 3584 3756 suffulta
3627 3699 3756 3770 est,
3818 3713 3901 3756 ne
3955 3692 4027 3756 in
4069 3691 4507 3776 perditionem
4551 3715 4703 3758 rue-

2755 3786 2882 3843 ret:
2930 3785 2997 3842 et
3038 3799 3271 3859 corpus
3314 3778 3454 3843 eius
3497 3779 3565 3841 in
3612 3777 3907 3860 sepulcro
3951 3779 4285 3844 servatum
4329 3788 4430 3844 est
4470 3780 4554 3843 ad
4596 3793 4704 3845 16·Ἰ

2755 3864 3242 3929 surrectionem.
3307 3863 3494 3929 Haec
3538 3866 3756 3928 omnia
3789 3885 3922 3929 uno
3953 3866 4154 3930 verbo
4190 3865 4568 3948 complexus
4603 3874 4705 3930 est

2753 3950 3026 4026 Petrus,
3083 3970 3286 4031 quum
3346 3948 3544 4028 dixit,
3601 3971 3735 4014 non
3793 3951 4082 4032 potuisse
4139 3952 4346 4015 teneri
4399 3971 4438 4015 a
4490 3958 4704 4016 morte

2756 4034 3128 4112 Christum,
3179 4041 3573 4120 κρατεῖσθαι,
3629 4037 3753 4101 hoc
3796 4042 3922 4115 est,
3968 4037 4197 4101 mortis
4240 4037 4513 4119 imperio
4557 4056 4705 4104 Suo·-

2756 4123 3081 4199 cumbere,
3117 4129 3183 4185 et
3214 4123 3285 4185 in
3316 4123 3547 4187 mortis
3579 4128 3968 4204 potestatem
3991 4123 4235 4200 venire,
4274 4130 4391 4187 aut
4421 4144 4461 4187 a
4494 4131 4707 4188 morte

2756 4206 3240 4289 comprehendi.
3331 4206 3521 4288 Quod
3559 4215 3780 4272 autem
3815 4208 4056 4272 Petrus
4099 4207 4171 4271 in
4215 4208 4330 4273 illa
4374 4209 4703 4288 concione,

2757 4294 2995 4358 omissa
3030 4293 3471 4376 disputatione
3516 4292 3596 4356 de
3640 4294 3876 4371 anima,
3923 4294 4208 4376 corporis
4245 4291 4565 4359 duntaxat
4600 4295 4707 4359 in-

2758 4380 3243 4460 corruptionem
3288 4381 3725 4462 prosequitur:
3774 4377 3842 4441 id
3883 4379 4069 4457 facit,
4129 4392 4205 4443 ut
4254 4399 4372 4445 suo
4411 4381 4707 4463 ipsorum

2758 4465 3127 4529 testimonio
3172 4463 3450 4529 Iudaeos
3496 4466 3870 4542 convincat,
3918 4464 4088 4529 hanc
4124 4465 4536 4549 prophetiam
4570 4486 4707 4529 non

2758 4550 3092 4632 pertinere
3146 4549 3230 4613 ad
3271 4548 3627 4628 Davidem,
3688 4550 3874 4616 cuius
3929 4551 4308 4633 sepulcrum
4362 4550 4538 4633 apud
4594 4571 4704 4617 eos

2760 4635 3079 4714 exstabat,
3125 4637 3310 4701 cuius
3354 4635 3635 4701 cadaver
3664 4644 3990 4702 noverant
4019 4637 4091 4700 in
4122 4636 4539 4719 putredinem
4573 4637 4704 4702 col-

2759 4720 3036 4803 lapsum,
3083 4742 3285 4804 quum
3320 4721 3589 4787 Domini
3622 4723 3833 4786 nostri
3865 4723 4411 4788 resurrectionem
4447 4727 4564 4802 [fol.
4596 4726 4704 4802 15]

2762 4805 3085 4891 abnegare
3129 4829 3259 4872 non
3303 4815 3589 4890 possent.
3678 4806 3992 4872 Praebuit
4034 4817 4100 4873 et
4140 4808 4328 4874 nobis
4374 4808 4554 4872 aliud
4599 4829 4704 4872 ar-

2762 4901 3146 4976 gumentum
3177 4894 3687 4959 immortalitatis
3728 4894 3984 4958 animae
4018 4915 4191 4973 suae,
4237 4914 4440 4976 quum
4476 4894 4710 4962 Ionam

2761 4977 2979 5044 triduo
3023 4980 3404 5044 immersum
3448 4981 3518 5043 in
3553 4988 3781 5045 ventre
3825 4980 3953 5045 ceti
3994 4981 4221 5045 mortis
4272 5000 4426 5045 suae
4471 4987 4713 5063 typum

2762 5066 3128 5130 constituit:
3169 5065 3262 5130 sic
3297 5065 3474 5130 enim
3510 5086 3580 5131 se
3613 5067 3910 5131 futurum
3945 5065 4017 5129 in
4045 5073 4277 5131 ventre
4315 5074 4545 5146 terrae,
4587 5066 4712 5131 tri-

2903 5340 2960 5404 1)
3001 5341 3261 5395 lun-visco
3293 5340 3508 5395 videtur
3547 5339 3747 5395 Matth.
3785 5339 3834 5405 9,
3869 5337 3905 5392 8
3938 5346 3989 5393 ee
4023 5340 4160 5393 Luc.
4198 5338 4246 5405 7,
4284 5338 4364 5392 16.
