5100 6061
757 394 882 453 215

757 598 897 641 mas
942 597 1091 642 cum
1123 575 1267 640 Deo
1303 595 1464 649 esse,
1513 586 1578 637 et
1622 573 1689 636 in
1723 571 1869 636 Deo
1904 572 2142 647 vivere,
2190 581 2346 633 ante
2391 578 2710 633 eventum

759 663 966 728 illum.
1056 662 1264 725 Alibi:
1301 663 1348 743 ¹)
1398 659 1537 724 Cur
1580 679 1709 722 non
1756 658 2090 740 capiamus
2134 658 2355 719 sinum
2399 654 2709 719 Abrahae

760 749 903 825 dici,
951 747 1309 830 temporale
1354 744 1616 827 aliquod
1662 743 1953 808 fidelium
2001 743 2367 807 animarum
2413 748 2706 822 recepta-

758 835 1005 912 culum,
1065 835 1133 896 in
1192 854 1317 915 quo
1374 830 1738 895 delineetur
1781 828 1932 892 fidei
1986 829 2233 911 imago,
2297 848 2372 893 ac
2431 825 2708 891 candida

759 921 1097 1002 utriusque
1119 918 1339 984 iudicii
1410 913 1839 998 respiciatur?
1866 914 2181 979 Irenaeus
2200 934 2379 978 vero:
2399 914 2457 997 ⁴²)
2482 909 2709 991 Quum

759 1006 1089 1070 Dominus
1132 1006 1203 1068 in
1247 1024 1353 1067 me
1399 1003 1461 1066 io
1506 1000 1776 1066 umbrae
1820 1001 2049 1063 mortis
2093 999 2357 1077 abierit,
2413 997 2523 1063 ubi
2570 998 2711 1061 ani-

759 1113 906 1156 mae
946 1098 1354 1155 mortuorum
1396 1098 1610 1165 erant,
1669 1099 1815 1169 post
1860 1084 2095 1150 deinde
2138 1084 2564 1168 corporaliter
2606 1105 2709 1148 re-

761 1178 1064 1256 surrexit,
1111 1184 1178 1239 et
1214 1182 1363 1258 post
1405 1174 1949 1239 resurrectionem
1986 1180 2358 1253 assumptus
2394 1174 2520 1236 est:
2571 1191 2708 1233 ma-

757 1264 1069 1328 nifestum
1105 1269 1220 1339 cst,
1259 1261 1411 1344 quia
1446 1268 1512 1324 et
1546 1258 2014 1343 discipulorum
2053 1258 2212 1333 eius,
2250 1264 2513 1339 propter
2545 1276 2709 1337 quos

759 1348 917 1414 haec
962 1354 1264 1432 operatus
1323 1355 1424 1410 est
1465 1346 1826 1421 Dominus,
1875 1344 2129 1407 animae
2176 1342 2450 1408 abibunt
2490 1344 2560 1406 in
2605 1342 2708 1404 in-

761 1434 1086 1499 visibilem
1143 1433 1386 1509 locum,
1449 1431 1793 1496 definitum
1849 1428 1982 1492 illis
2032 1451 2071 1491 a
2112 1429 2425 1492 Domino:
2485 1435 2554 1491 et
2594 1426 2704 1505 ibi,

759 1542 965 1603 usque
1010 1519 1092 1584 ad
1137 1518 1684 1585 resurrectionem
1728 1513 2329 1592 commorabuntur,
2378 1515 2705 1579 sustinen-

760 1616 857 1671 tes
892 1607 1464 1670 resurrectionem:
1503 1609 1668 1686 post,
1708 1601 2094 1684 recipientes
2133 1605 2249 1677 [fol.
2291 1605 2399 1679 36]
2436 1620 2708 1682 corpora

759 1713 905 1771 sua,
964 1699 1032 1756 et
1074 1693 1356 1773 perfecte
1401 1696 1824 1772 resurgentes
1842 1738 1857 1764 ,
1914 1685 2038 1751 hoc
2083 1694 2211 1761 est,
2266 1686 2703 1767 corporaliter,

758 1776 1308 1861 quemadmodum
1366 1783 1432 1837 et
1475 1773 1805 1837 Dominus
1850 1774 2237 1847 resurrexit,
2299 1772 2391 1837 sic
2436 1773 2707 1836 venient

758 1865 831 1927 in
888 1871 1307 1945 conspectum
1364 1859 1510 1923 Dei.
1599 1859 1809 1922 Nemo
1863 1859 2040 1923 enim
2098 1858 2453 1941 discipulus
2506 1877 2708 1941 supra

760 1951 1150 2033 magistrum
1187 1944 1455 2030 (Matth.
1489 1950 1583 2021 10,
1611 1947 1742 2027 24),
1782 1953 1900 2009 etc.
1960 1943 2053 2008 Et
2086 1943 2623 2027 chrysostomus:
2647 1943 2702 2024 ⁸)

760 2035 1118 2118 Intelligite
1163 2031 1352 2116 quale
1410 2037 1477 2094 et
1529 2036 1846 2112 quantum
1891 2040 2017 2105 est,
2066 2028 2403 2093 Abraham
2459 2029 2702 2106 sedere,

762 2131 826 2186 et
869 2119 1235 2203 apostolum
1277 2117 1592 2195 Paulum,
1645 2115 1903 2197 quando
2003 2117 2367 2190 efficiatur,
2424 2124 2500 2178 ut
2555 2135 2705 2197 pos-

762 2208 895 2273 sint-
939 2216 1096 2268 tunc
1137 2202 1504 2268 mercedem
1550 2202 1854 2283 recipere.
2010 2201 2092 2265 isi
2147 2205 2322 2265 enim
2379 2223 2496 2265 nos
2553 2200 2706 2265 illuc

760 2292 1163 2365 venerimus,
1223 2300 1383 2354 tunc
1433 2287 1757 2371 praedixit
1809 2288 1905 2352 eis
1949 2297 2162 2371 pater,
2221 2308 2356 2350 non
2401 2308 2470 2352 sc
2515 2286 2706 2351 datu-

760 2398 910 2440 rum
928 2378 982 2457 ⁴)
1022 2375 1416 2440 mercedem:
1457 2375 1627 2438 sicut
1655 2373 1865 2438 bonus
1896 2381 2084 2455 pater
2117 2380 2370 2437 amator
2400 2374 2703 2449 filiorum,

762 2472 829 2527 et
872 2460 1310 2544 probabilibus
1352 2459 1506 2524 filiis
1550 2466 1617 2522 et
1660 2480 1821 2542 opus
1865 2460 2353 2542 perficientibus
2397 2459 2579 2535 dicit,
2639 2480 2707 2523 se
2759 2504 2762 2515 ·

2604 2546 2707 2609 Tu
2757 2544 2762 2627 1
2811 2551 2978 2607 tem:
3038 2545 3370 2626 quintum,
3428 2545 3996 2628 tranquillitatem:
4056 2553 4349 2624 sextum,
4409 2547 4762 2630 ingressio-

759 2569 894 2612 non
940 2547 1249 2610 daturum
1292 2545 1509 2611 cibum
1528 2596 1541 2621 ,
1588 2545 1711 2608 nisi
1759 2546 2060 2609 venerint
2102 2544 2214 2609 alii
2257 2545 2511 2609 fratres.

2278 376 3230 445 PSYOHOPANNYOHIA.

4633 384 4752 446 216

2814 568 2942 643 ille,
2988 568 3059 631 in
3105 589 3300 652 quem
3344 568 3696 632 mittentur
3739 570 3999 652 reprobi
4045 570 4112 632 in
4155 568 4262 634 die
4300 568 4558 649 iudicii,
4603 568 4757 635 dici-

2814 663 2925 718 tur
2978 661 3404 737 praeparatus
3460 653 3729 719 diabolo.
3819 654 4192 738 Utrumque
4247 654 4359 717 ille
4416 658 4753 736 expressit,

2814 742 2923 823 qui
2969 740 3232 823 scripsit
3273 747 3641 807 reservatos
3687 741 3810 805 sub
3856 742 4141 805 aeternis
4187 740 4464 806 vinculis
4482 793 4495 817 ,
4541 742 4612 804 in
4655 743 4754 805 iu-

2815 826 3059 891 dicium
3100 827 3328 910 magni
3368 825 3495 890 diei
3543 826 3714 911 (Iud.
3758 829 3842 907 6).
3907 826 4040 891 Ubi
4073 848 4193 909 per
4227 829 4754 907 reservationem,

2813 933 3091 995 poenam
3126 913 3542 995 significavit,
3577 932 3771 994 quam
3794 910 4090 976 nondum
4114 914 4438 977 sentiunt:
4476 934 4594 996 per
4614 915 4756 978 vin·-

2815 998 2988 1075 cula,
3046 1008 3486 1081 praesentem,
3534 1019 3732 1080 quam
3775 999 4117 1062 sustinent.
4208 999 4300 1063 Et
4343 1000 4757 1083 Augustinus

2814 1086 2836 1147 i
2882 1105 2953 1149 se
2989 1084 3115 1148 alio
3148 1084 3289 1150 loco
3317 1085 3365 1166 ¹)
3402 1106 3474 1149 se
3510 1085 3795 1166 exponit,
3842 1104 4045 1165 quum
4076 1086 4319 1166 inquit:
4364 1086 4550 1150 Tuus
4585 1094 4758 1151 certe

2857 1171 2950 1234 ies
2995 1170 3271 1234 ultimus
3314 1169 3507 1253 longe
3551 1169 3777 1234 abesse
3820 1191 3955 1233 non
3998 1178 4227 1253 potest.
4321 1171 4425 1235 Ad
4472 1171 4651 1237 hunc
4695 1180 4758 1237 te

2811 1276 3146 1338 praepara.
3252 1255 3483 1336 Qualis
3539 1257 3716 1319 enim
3773 1256 4010 1320 exieris
4067 1254 4145 1320 de
4202 1257 4327 1322 hac
4379 1258 4546 1332 vita,
4605 1258 4757 1323 talis

2812 1340 3103 1406 redderis
3137 1342 3237 1405 illi
3273 1343 3463 1406 vitae.
3532 1342 3696 1407 Post
3729 1343 3934 1405 vitam
3971 1342 4164 1405 istam
4200 1363 4330 1406 non
4368 1344 4593 1407 statim
4630 1344 4757 1409 eris

2812 1428 2924 1492 ubi
2968 1437 3163 1491 erunt
3207 1430 3443 1505 sancti,
3502 1427 3740 1509 quibus
3785 1428 4069 1493 dicetur:
4129 1429 4369 1505 Venite
4430 1429 4756 1495 benedicti

2811 1514 3018 1596 patris
3076 1514 3233 1589 mei,
3292 1514 3607 1598 percipite
3666 1535 3946 1597 regnum
4001 1512 4176 1595 quod
4221 1515 4403 1580 vobis
4456 1523 4788 1597 paratum·

2812 1607 2912 1663 est
2954 1599 3034 1664 ab
3075 1599 3262 1663 initio
3307 1599 3551 1664 mundi.
3643 1598 3951 1665 Nondum
3996 1598 4084 1664 ibi
4131 1601 4278 1677 eris,
4324 1602 4470 1682 quis
4505 1601 4757 1666 nescit?

2811 1684 2923 1749 sed
2969 1686 3099 1749 iam
3144 1686 3387 1768 poteris
3428 1688 3515 1750 ibi
3563 1707 3722 1761 esse,
3767 1684 3881 1749 ubi
3921 1685 4108 1750 illum
4145 1686 4473 1768 quondam
4509 1687 4760 1753 ulcero-

2811 1793 2958 1836 sum
3014 1792 3400 1854 pauperem,
3459 1771 3641 1837 dives
3699 1771 3810 1836 ille
3865 1772 4182 1854 superbus
4240 1780 4307 1835 et
4361 1774 4634 1852 sterilis,
4690 1774 4758 1839 in

2809 1856 3042 1921 mediis
3086 1858 3221 1922 suis
3265 1859 3639 1933 tormentis,
3682 1856 3849 1921 vidit
3892 1878 3932 1920 a
3973 1857 4164 1940 longe
4219 1860 4755 1939 requiescentem

2809 1942 2892 2006 In
2936 1943 3053 2006 illa
3097 1944 3320 2024 requie
3363 1945 3641 2026 positus,
3701 1950 3879 2008 certe
3933 1964 4221 2021 securus,
4271 1956 4613 2027 exspectas
4658 1947 4756 2011 iu-

2812 2028 2964 2093 dicii
3009 2029 3211 2107 diem,
3270 2029 3529 2112 quando
3575 2030 3851 2111 recipias
3896 2037 3963 2092 et
4005 2050 4270 2112 corpus,
4330 2031 4589 2112 quando
4634 2034 4758 2096 im-

2809 2115 3100 2192 muteris,
3146 2122 3225 2178 ut
3269 2115 3500 2199 angelo
3545 2117 3862 2197 aequeris.
3951 2115 4179 2197 Neque
4223 2116 4538 2198 displicet,
4584 2118 4757 2200 quod

2810 2200 3051 2264 alicubi
3098 2200 3366 2265 docendi
3410 2222 3606 2267 causa
3650 2201 3965 2265 traditum
4020 2212 4122 2265 cst
4176 2202 4258 2266 ab
4312 2201 4567 2280 eodem,
4588 2205 4650 2285 2)
4705 2206 4758 2269 si

2810 2293 3031 2351 tamen
3068 2307 3302 2351 sanum
3339 2298 3407 2352 et
3440 2287 3810 2352 modestum
3831 2286 4259 2369 interpretem
4282 2288 4558 2371 habeat3
4584 2291 4757 2354 mul-

2810 2379 2910 2436 tos
2956 2392 3096 2436 esse
3141 2372 3387 2457 gradus
3434 2375 3713 2438 animae:
3761 2375 4066 2456 primum,
4111 2374 4609 2439 animationem:
4662 2397 4758 2441 se-

2812 2457 3135 2536 cundum,
3183 2480 3476 2523 sensum:
3524 2461 3825 2535 tertium,
3873 2467 4110 2523 artem:
4158 2468 4498 2541 quartum,
4548 2462 4761 2525 virtu-

762 2642 978 2697 autem
1023 2633 1260 2697 anxius
1305 2653 1391 2711 es,
1439 2630 1593 2713 quia
1635 2630 1913 2695 necdum
1959 2631 2238 2712 accipis?
2286 2630 2442 2713 quid
2486 2638 2710 2696 autem
2759 2656 2763 2721 1
2815 2650 2994 2694 nem:
3044 2630 3415 2713 septimum,
3464 2630 4094 2713 contemplationem.
4165 2629 4302 2696 Seu
4346 2633 4494 2714 quis
4535 2633 4758 2698 malit:

761 2720 985 2866 faciet?
1004 2718 1230 2867 Abel,d
1258 2718 1369 2867 effi
1423 2724 1577 2865 311oe
1599 2717 1819 2865 aicit,
1877 2724 1945 2815 et
1994 2717 2215 2866 ’afhuc
2271 2717 2413 2781 sine
2467 2737 2711 2864 corona
2759 2734 2763 2805 Ι
2814 2717 3118 2814 primum,
3167 2716 3246 2816 de
3290 2736 3585 2799 corpore:
3631 2716 4009 2791 secundum,
4057 2720 4174 2865 [gil.
4212 2722 4320 2816 37]
4364 2717 4444 2781 ad
4490 2740 4760 2818 corpus:

760 2804 942 2971 ἓξὲξ
977 2803 2710 2989 θοορθωθξερὲἒωνξῖηηἕᾶθέῗῖᾘιοεοῗὲἓρὲῖέξῗῃῗώ
2759 2812 2767 2957 l
2814 2808 3103 2965 ffigiuilx,
3118 2809 4122 2970 sguggacogpptsfinquggtffihg:
4168 2824 4540 2988 aepffrsnallilm,
4569 2826 4761 2973 qgssd

758 2986 906 3078 post
950 2984 1014 3041 te
1056 2977 1262 3076 futuri
1306 2981 1480 3040 sunt.
1568 2974 1779 3040 Paulo
1824 2981 1971 3058 post
1984 2996 2007 3075 :-
2042 2975 2547 3076 Praevenerunt
2580 2996 2711 3075 -nos
2759 2962 2765 3068 l
2815 2974 3053 3073 Deum.
3146 2972 3333 3076 Quae
3379 2974 3580 3076 verba
3632 2974 3764 3039 huc
3815 2994 4146 3073 accersere
4191 2996 4410 3040 visum
4464 2983 4568 3042 est
4624 2997 4762 3042 ma—

758 3060 2712 3231 ffl‘tfflffl’023t¹1333U¹3¹331ffit³2330305533²‘34¹3
2760 3091 2766 3192 ἑ
2814 3080 3023 3228 {12⁶4AE
3020 3069 3564 3229 ¹22⁸2¹1¹1Zt131qli¹23n
3573 3083 3766 3211 ⁸⁰:¹3?
3770 3060 4143 3211 Ἐθὴέἕωίῗ
4157 3062 4763 3229 ἱζξηέῗᾝᾱίἷῧῗὲ

805 3236 1066 3300 ustinus
1113 3241 1332 3299 autem
1375 3233 1602 3298 multis
1637 3233 1707 3297 in
1743 3233 1899 3298 locis
1915 3234 1974 3315 ⁵)
2019 3243 2270 3298 secreta
2304 3233 2711 3315 receptacula
2760 3245 2764 3304 ε
2816 3230 3391 3297 distinctiunculae
3427 3200 3636 3316 lege’m
3671 3233 3950 3316 adigam.
4008 3231 4085 3295 Id
4125 3235 4299 3297 enim
4335 3200 4417 3297 n’e
4453 3235 4596 3316 ipse
4618 3237 4764 3318 qui-

760 3257 1085 3396 {escribit
1122 3318 1359 3401 quibus
1395 3320 1651 3401 piorum
1688 3319 1947 3382 animae
1982 3319 2457 3394 contineantur,
2508 3318 2710 3384 donec
2760 3311 2765 3380 l
2816 3317 2961 3382 dem
3009 3319 3446 3401 Augustinus,
3500 3321 3747 3402 opinor,
3794 3319 4077 3406 optavit:
4134 3317 4248 3383 sed
4291 3339 4486 3401 quam
4547 3323 4767 3403 potuit
4830 3391 4842 3403 ‚

760 3426 1063 3472 coronam
1102 3417 1169 3468 et
1204 3405 1478 3488 gloriam
1523 3405 1867 3504 recipiant:
1915 3425 2114 3485 quum
2137 3404 2416 3504 ‘interi-m
2450 3406 2709 3487 reprobi
2759 3411 2764 3484 ζ
2815 3404 3247 3482 crassissime,
3309 3425 3616 3503 enarrare
3661 3404 3873 3503 voluit
3928 3404 4253 3486 quendam
4307 3426 4450 3469 esse
4502 3407 4765 3508 animae

762 3490 2201 3659 &⁶2:12&Etn‘adssz‘sst‘ffinssuz‘ssaiss
2204 3489 2531 3640 *¹3:35
2534 3512 2710 3641 Ἓξ
2759 3617 2763 3622 .
2814 3490 3173 3658 32:532?
3190 3510 3377 3640 :13:¹0¹
3410 3491 3698 3642 fficfiad
3738 3490 4083 3641 &23:3¹0
4107 3499 4604 3643 Zffissffi-ri‘lerg}
4605 3503 4766 3644 ”1¹:22

762 3663 935 3745 quit,
993 3672 1142 3744 post
1196 3670 1474 3726 mortem
1534 3663 1822 3760 corporis
1876 3663 2171 3744 requiem
2207 3627 2326 3726 'est
2382 3629 2709 3763 habitura,
2759 3631 2763 3692 Ῑ
2812 3660 3032 3725 iudicii
3078 3661 3200 3740 die,
3247 3664 3350 3726 cui
3369 3664 3425 3745 ⁸)
3453 3628 3809 3762 ‘tantdpere
3854 3663 4271 3739 incumbunt,
4320 3629 4612 3728 errdrem
4662 3687 4766 3730 eo-

762 3754 1233 3898 3030‘81-3311?
1234 3747 1426 3916 ”5¹02ss
1468 3747 1909 3900 22:533&ss
1948 3747 2710 3899 ὃίθὲἒὲηεωωὲέἰιὲἓὲ
2759 3773 2763 3874 l
2814 3747 4767 3917 3¹13:{Ziissassessssfflte„liiufflmkssssffitssfflusstnqffimffl

760 3922 826 3984 in
864 3919 1114 3983 coelum
1150 3917 1516 3994 ascendere,
1557 3919 1787 4001 quibus
1810 3917 2116 3985 Christus
2138 3920 2247 3985 via
2283 3926 2398 3984 est.
2422 3922 2473 4001 ὅ)
2538 3920 2712 3984 Nam
2759 3879 2764 3992 l
2816 3917 2927 3983 sed
2975 3920 3192 3984 carnis
3237 3886 3807 3986 resurrectionem:
3867 3920 4095 4002 Neque
4129 3920 4255 3984 erit
4285 3920 4467 3986 locus
4502 3890 4766 4000 cavillo:

755 4027 956 4088 quum
1028 4013 1277 4070 certum
1352 4005 1467 4079 sit,
1556 4026 1732 4070 nunc
1802 4007 2089 4086 torqueri
2170 4005 2393 4105 malos·
2448 4005 2709 4071 daemo-
2760 4013 2765 4080 ξ
2818 4014 2893 4068 ut
2936 4003 3186 4083 dicant,
3244 4007 3461 4104 carnis
3516 4006 3812 4104 nomine,
3868 4014 4078 4070 totum
4136 4006 4494 4089 significari
4550 4008 4767 4107 homi-

758 4113 884 4154 nes
932 4095 1033 4172 (ut
1084 4091 1330 4156 Petrus
1376 4091 1663 4154 affirmat
1719 4097 1752 4152 2
1799 4091 1978 4156 Petr.
2020 4095 2077 4168 2,
2123 4092 2194 4176 4)
2257 4113 2433 4174 ignis
2488 4101 2708 4156 tamen
2760 4087 2768 4212 ἱ
2815 4111 3046 4240 {iambi
3050 4090 3267 4240 {2331
3269 4091 3583 4242 inffidaegin
3585 4091 3758 4241 ialin
3758 4091 4278 4242 ilatergqumelsise
4302 4093 4766 4244 gogloe‘ialfffis:

2818 4261 2973 4326 dum
3014 4264 3458 4346 significantia
3499 4271 3566 4328 et
3610 4230 3930 4345 simplicia
3973 4265 4174 4327 verba
4226 4198 4535 4345 egpgesga
4587 4202 4768 4331 suunt..

2043 4347 2105 4412 2)
2140 4347 2286 4402 Libr.
2319 4348 2413 4402 IX·
2450 4341 2711 4403 adversus
2818 4345 3015 4412 Certe
3051 4348 3412 4428 Pharisaei,
3459 4349 3700 4433 egregii
3741 4348 4232 4414 resurrectionis
4273 4358 4652 4429 assertores,
4703 4359 4770 4417 et

1825 4417 1885 4480 3)
1922 4415 2408 4551 Hgss·L2i{}g¹¹X¹1}·
2443 4418 2523 4540 Ἓξ
2548 4417 2712 4540 ἓξὲξ·
2818 4453 3076 4516 semper
3115 4435 3186 4497 in
3231 4455 3343 4499 ore
3387 4436 3728 4534 habente-s.
3759 4436 3897 4500 eius
3952 4455 4221 4510 nomen,
4278 4436 4473 4499 simul
4509 4445 4768 4502 'tamen

2396 4528 2407 4539 ‘
2701 4527 2713 4540 “
2817 4518 3167 4583 credebant
3210 4541 3342 4584 non
3388 4542 3530 4585 esse
3575 4528 3895 4602 spiritum.
3926 4520 3984 4602 ⁴)

896 4348 953 4410 1)
995 4346 1163 4411 Idem,
1212 4348 1337 4404 adv.
1377 4349 1556 4402 Marc.
1596 4349 1703 4403 IV.
1738 4347 1825 4400 34.

758 4418 972 4471 haeres.
1010 4417 1196 4478 (nobis
1230 4419 1319 4472 ἰῶ.
1368 4419 1424 4471 V.
1463 4434 1507 4472 c.
1542 4416 1671 4483 31).

756 4484 817 4552 4)
865 4503 922 4538 se
972 4501 1079 4537 non
1129 4484 1406 4553 daturum,
1459 4484 1594 4539 1552
1639 4502 1812 4556 seqq&

759 4573 804 4609 c.
842 4553 902 4620 93
952 4553 1043 4606 lib.
1078 4553 1224 4606 XIII.
1278 4572 1321 4608 c.
1358 4553 1407 4608 8.
1445 4563 1500 4609 et
1535 4555 1676 4608 alibi.
1887 4554 1945 4620 6)
1983 4554 2064 4608 De
2114 4555 2303 4608 eccles,
2353 4555 2708 4622 dogmatibus

761 4624 919 4676 Haec
954 4622 1147 4674 verba.-
1184 4623 1326 4677 Alibi
1366 4664 1378 4676 .
1415 4664 1427 4677 .
1464 4665 1475 4675 .
1518 4665 1530 4677 .
1564 4623 1651 4676 via
1686 4631 1787 4692 est,
1822 4623 2077 4692 loquutur
2103 4623 2163 4676 in
2185 4623 2303 4676 sola
2338 4623 2420 4676 ed.
2436 4624 2712 4691 principe.
2759 4631 2768 4766 Ι

764 4691 1020 4745 Caeterae
1069 4706 1253 4744 eorum
1303 4691 1416 4746 loeo
1462 4691 1660 4744 habent
1705 4692 1864 4745 haec.-
1922 4693 2225 4746 Bernartius
2269 4707 2425 4757 vero,
2477 4692 2710 4745 homiliis
2985 4690 3308 4756 Iniiciunt
3345 4699 3567 4755 tamen
3605 4691 3818 4755 adhuc
3842 4692 4028 4756 nobis
4057 4713 4305 4769 manus,
4345 4700 4413 4756 et
4449 4712 4572 4757 nos
4612 4694 4772 4759 hae-

760 4761 969 4815 duabus
1016 4761 1215 4813 habitis
1264 4761 1316 4813 in
1364 4759 1505 4814 festo
1556 4762 1786 4814 omnium
1833 4769 2167 4828 sanctorum,
2216 4761 2304 4814 ubi
2341 4776 2408 4814 ex
2456 4760 2708 4828 professo
2816 4797 2959 4841 rere
3004 4784 3252 4859 cogunt
3295 4775 3377 4841 ad
3412 4777 3591 4841 hunc
3628 4767 3981 4859 scopuhlm·
4051 4778 4272 4841 Verba
4312 4777 4509 4843 Pauli
4557 4779 4773 4845 citant

759 4831 898 4884 hanc
985 4830 1319 4883 uaestionem
1365 4837 1588 4897 tractat,
1636 4839 1943 4884 sanctolum
1979 4831 2181 4883 animas
2228 4829 2545 4896 corporibus
2582 4844 2710 4882 exu-
2909 4862 2921 4875 .
3962 4864 3974 4876 .
4307 4864 4319 4876 .
4378 4865 4390 4878 .
4648 4865 4661 4878 .

759 4907 861 4966 tas,
899 4915 931 4951 a
1008 4915 1073 4951 uc
1110 4898 1162 4951 in
1199 4898 1348 4952 atriis
1383 4896 1596 4951 Domini
1632 4906 1777 4952 stare
1814 4898 1998 4967 docet,
2048 4897 2116 4952 ad
2152 4898 2389 4966 requiem
2426 4896 2707 4962 admissaS,
2814 4863 3054 4943 qmbus
3110 4871 3389 4927 testatur
3444 4884 3561 4927 ΗΘΒ
3615 4884 3756 4928 3⁸⁸0
3800 4864 4100 4927 ommbUS
4146 4863 4519 4929 h⁰m¹mb¹¹⁸
4567 4887 4773 4930 mmo·

680 4967 688 4976 ’
760 4982 867 5019 non
904 4974 1081 5019 autem
1131 4966 1198 5019 ad
1245 4965 1485 5035 gloriam.
1555 4966 1618 5019 In
1654 4965 1825 5033 illam,
1862 4968 2057 5034 inquit,
2095 4966 2455 5019 beatissimam
2492 4965 2708 5018 domum
2759 4977 2763 5020 ὲ
2813 4948 3173 5026 rabiliffl‘eS,
3219 4949 3275 5012 Si
3319 4950 3559 5012 mortui
3607 4969 3742 5013 non
3786 4956 4144 5033 resurgunt
4189 4948 4428 5031 (1001.
4487 4955 4582 5026 15,
4640 4953 4768 5032 19).

761 5050 861 5088 nec
897 5035 1010 5088 sine
1046 5035 1205 5089 nobis
1239 5036 1531 5102 intrabunt,
1567 5051 1668 5088 nec
1704 5036 1815 5088 sine
1855 5035 2343 5103 corporibussuis:
2382 5034 2434 5087 id
2471 5041 2572 5103 est,
2609 5050 2708 5088 nec
2759 5023 2762 5086 l
2814 5031 3165 5113 Quorsum,
3233 5034 3556 5117 inquiunt,
3603 5036 4076 5100 resurreetione
4121 5056 4282 5117 opus
4326 5043 4456 5112 est,
4506 5037 4560 5099 gi
4612 5047 4771 5101 ante

765 5103 935 5157 sancti
981 5120 1093 5157 sine
1139 5104 1328 5172 plebe,
1374 5121 1475 5158 nec
1524 5105 1743 5171 spiritus
1793 5104 1905 5156 sine
1954 5120 2130 5156 carne.
2199 5102 2273 5155 Et
2307 5103 2477 5157 multa
2512 5102 2619 5156 alia
2655 5103 2707 5155 in
2757 5111 2762 5200 ί

762 5172 902 5224 hanc
949 5174 1281 5227 sententiam.
1362 5172 1465 5240 Qui
1510 5181 1689 5226 autem
1731 5173 1783 5223 in
1831 5171 1983 5224 coelo
2045 5188 2138 5225 eas
2188 5172 2485 5240 collocant,
2543 5171 2706 5225 modo

762 5255 873 5293 non
909 5238 1203 5294 attribuant
1248 5242 1354 5296 illis
1392 5241 1799 5295 resurrectionis
1835 5240 2086 5307 gloriam,
2122 5240 2251 5293 nihil
2288 5241 2356 5294 ab
2392 5256 2459 5294 ea
2495 5247 2706 5294 senten·
2754 5203 2762 5341 Ι

762 5309 840 5362 tia
876 5306 1157 5362 dissident:
1196 5310 1334 5364 sicut
1367 5309 1701 5378 Augustinus
1736 5310 1852 5375 ipse
1888 5309 2069 5361 facere
2105 5309 2296 5362 alicubi
2332 5309 2560 5363 videtur.

2952 5239 3010 5302 1)
3048 5240 3109 5292 In
3148 5240 3292 5294 Psal.
3328 5239 3412 5294 36.

3549 5240 3608 5304 2)
3648 5242 3794 5294 Idem
3831 5241 3896 5293 de
3933 5241 4155 5307 quantit.
4194 5243 4415 5294 animae.

2813 5306 2950 5361 1576
2987 5322 3125 5377 seqq.

3489 5311 3499 5321 .
3658 5311 3668 5321 .
3879 5309 3888 5318 .
4555 5241 4617 5307 3)
4660 5245 4769 5312 qui,

3329 5308 3391 5375 4)
3432 5308 3526 5363 Suc
3561 5312 3756 5379 leqztur
3792 5310 4002 5378 ubsque.
