5100 6061
729 451 907 520 XIV
1903 444 2447 514 TRAOTATUS
2492 444 3079 514 THEOLOGIOI
3121 445 3565 515 MINORES.

731 648 800 708 et
838 642 1005 707 duae
1046 637 1403 722 Epistolae.
1444 640 1476 720 ΙΙ
1530 634 1739 702 CVM
1777 632 2444 701 GOPIOSISSIMO
2481 636 2490 718 Ι
2526 634 2776 715 indice,
2829 642 2898 700 et
2945 657 3167 702 rerum
3210 643 3279 701 et
3319 635 3616 703 locorum
3674 658 3896 705 sacrae
3939 637 4122 705 Scri·
4147 640 4154 723 Ι
4180 644 4433 723 pturas·
4471 643 4554 709 ab
4596 644 4745 730 ipso

731 753 1033 820 Authore
1087 752 1290 815 inter-
1317 749 1325 831 Ι
1349 755 1771 832 pretatorum.
1814 747 1824 829 Ι
1865 754 2121 823 (lusique
2166 755 2670 824 typographorum.)
2759 748 3147 815 Excudebat
3200 750 3510 816 Nicolaus
3562 750 3909 816 Barbirius
3924 801 3942 828 ,
3998 758 4067 816 et
4107 751 4284 817 'Pho-
4311 752 4318 835 Ι
4344 774 4489 821 mas
4531 754 4746 822 Ocur-

729 872 900 933 teau.
942 864 952 947 Ι
992 862 1086 929 Μ
1130 862 1215 929 D.
1259 859 1541 926 LXIII.

1041 973 1473 1059 Singulorum
1516 976 1915 1036 tractatuum
1957 969 2136 1034 tituli
2180 969 2286 1035 hic
2329 969 2400 1033 in
2446 968 2697 1035 duabus
2740 970 3061 1037 columnis
3105 970 3402 1056 dispositi
3446 993 3556 1038 eos
3599 972 3893 1038 referunt
3934 994 4096 1057 quos
4147 976 4324 1060 apud
4369 976 4744 1045 Gallasium

730 1090 1025 1157 numeris
1068 1087 1122 1152 I.
1164 1086 1327 1152 XII.
1373 1091 1443 1150 et
1483 1082 1674 1149 XIV.
1720 1081 2201 1166 insignivimus.
2291 1081 2465 1146 Nam
2507 1103 2675 1165 quae
2731 1082 2840 1147 1110
2883 1082 3262 1149 inscribitur
3301 1082 3394 1149 de
3448 1084 4091 1151 immortalitate
4148 1088 4464 1154 animae
4518 1089 4744 1172 dispu-

730 1202 897 1268 tatio
939 1201 1085 1285 ipsa
1128 1205 1229 1264 est
1270 1193 1929 1281 Psychopannychia,
1976 1198 2044 1257 et
2081 1192 2193 1275 qui
2235 1191 2728 1260 Franciscus
2773 1191 3030 1289 dicitur2
3073 1193 3560 1262 Franciscanus
3593 1195 3706 1260 ille
3747 1202 3849 1260 est
3883 1196 4198 1263 adversus
4231 1219 4430 1281 quem
4465 1200 4744 1282 epistola

729 1312 995 1380 Calvini
1039 1311 1123 1377 ad
1166 1311 1680 1393 Rotomagenses
1721 1304 1939 1370 libello
1984 1312 2209 1369 contra
2249 1304 2629 1370 Libertinos
2672 1305 2982 1391 subiungi
3035 1307 3215 1372 solet.
3304 1307 3608 1391 Denique
3665 1307 3937 1374 consilia
3975 1309 4541 1391 Melanchthonis,
4599 1312 4746 1379 Bu-

732 1427 865 1493 ceri
907 1433 975 1491 et
1014 1423 1092 1489 P.
1138 1420 1459 1505 Martyris
1502 1418 1702 1484 etiam
1745 1414 1919 1497 apud
1964 1416 2331 1507 Gallasium
2376 1424 2643 1481 exstant
2682 1416 2753 1481 in
2799 1417 3153 1500 appendice
3198 1418 3283 1484 ad
3324 1418 3648 1485 diatriben
3693 1420 3773 1486 de
3815 1419 4108 1486 vitandis
4150 1423 4743 1505 superstitionibus.

1043 1536 1287 1599 'Potum
1329 1531 1638 1599 volumen
1681 1536 1937 1594 constat
1980 1528 2420 1611 quadraginta
2464 1537 2531 1592 et
2573 1528 2826 1594 duobus
2861 1530 3413 1612 quaternionibus,
3459 1552 3737 1615 quorum
3771 1533 4025 1615 primus
4070 1535 4405 1617 (asterisco
4437 1535 4744 1620 notatus)

732 1649 1000 1717 exhibet
1038 1652 1301 1730 praeter
1342 1641 1610 1707 titulum
1648 1640 2122 1722 praefationem
2167 1638 2444 1705 Gallasii
2488 1659 2647 1704 suae
2690 1639 2962 1705 editioni
3005 1642 3430 1725 praemissam
3445 1693 3461 1720 ‚
3521 1649 3588 1707 et
3632 1641 3961 1726 duplicem
4005 1643 4272 1710 Calvini
4316 1645 4400 1711 ad
4442 1646 4742 1731 Psycho-

730 1759 1190 1847 pannychiam.
1259 1754 1425 1820 Octo
1470 1760 1813 1835 sequentes
1856 1752 2155 1835 (A—H)
2202 1751 2543 1817 continent
2587 1752 2710 1817 hoc
2751 1752 2972 1834 ipsum
3014 1753 3400 1836 opusculum
3446 1754 3621 1839 (pag.
3674 1756 3956 1839 1—115)
4000 1776 4149 1821 cum
4193 1757 4406 1824 indice
4449 1758 4744 1824 locorum

729 1891 951 1940 sacrae
995 1870 1377 1951 scripturae,
1422 1865 1532 1947 qui
1577 1870 1679 1929 est
1721 1863 2026 1928 undecim
2069 1864 2461 1946 paginarum
2506 1864 2650 1928 sine
2689 1885 3110 1929 numerorum
3155 1865 3359 1944 notis,
3405 1865 3642 1948 quibus
3685 1866 3934 1934 accedit
3975 1867 4205 1933 folium
4247 1891 4457 1935 unum
4495 1870 4741 1936 album.

728 1983 995 2067 Reliqui
1030 1979 1305 2063 triginta
1338 1984 1406 2042 et
1439 1985 1572 2041 tres
1616 1977 1840 2056 (a—z;
1886 1974 2181 2058 aa—kk)
2225 1973 2472 2040 habent
2511 1983 2802 2042 caeteros
2842 1975 3097 2042 libellos
3143 1980 3317 2061 (pag.
3372 1977 3670 2063 1—489).
3759 1978 4002 2043 Finem
4043 1979 4295 2045 faciunt
4335 1984 4413 2046 37
4457 1981 4742 2067 paginae
4803 2000 4814 2009 ·

727 2117 861 2162 11011
914 2097 1296 2157 numeratae
1352 2109 1505 2154 cum
1560 2087 1776 2153 tribus
1827 2085 2179 2165 indicibus,
2238 2086 2449 2169 primo
2500 2086 2793 2152 locorum
2808 2139 2824 2166 ‚
2893 2087 3177 2154 secundo
3230 2110 3452 2154 rerum
3511 2087 3595 2153 ad
3647 2088 3908 2156 eosdem
3964 2091 4469 2175 pertinentium,
4541 2093 4738 2159 tertio

724 2225 950 2273 rerum
996 2222 1162 2287 quae
1204 2203 1275 2265 in
1315 2198 1959 2285 Psychopannychia
1998 2204 2384 2263 tractantur.
2455 2199 2628 2283 Typi
2671 2200 2952 2265 maiores
2995 2221 3195 2283 quam
3225 2222 3345 2284 pro
3377 2200 3731 2268 voluminis
3776 2202 3989 2268 forma
4017 2211 4444 2285 exspectares.
4532 2206 4740 2272 Prae-

721 2318 882 2385 fatio
925 2313 1204 2381 Galla-sii
1247 2321 1313 2377 et
1356 2311 1619 2378 Calvini
1661 2312 1841 2394 prior
1882 2311 2263 2377 charactere
2303 2310 2669 2376 minusculo
2720 2331 3010 2390 romano,
3053 2312 3378 2395 posterior
3418 2312 3641 2379 italico
3676 2312 3786 2378 vel
3817 2314 4074 2380 cursivo
4107 2335 4433 2397 expressa.
4489 2317 4738 2383 Exem-

724 2429 897 2515 plari
951 2425 1054 2492 usi
1112 2446 1339 2490 sumus
1384 2445 1421 2489 e
1465 2423 1860 2489 bibliotheca
1911 2422 2410 2507 guelferbytana
2450 2423 2655 2505 petito
2695 2432 2764 2487 et
2807 2423 3282 2490 humanissime
3324 2425 3513 2491 nobis
3554 2446 3872 2492 concesso.
4092 2468 4097 2472 -

1036 2536 1390 2621 Singulare
1433 2533 1677 2619 aliquid
1720 2533 2273 2617 deprehendimus
2316 2542 2382 2599 et
2424 2534 2756 2617 explicatu
2792 2534 3249 2601 difficillimum
3285 2536 3356 2601 in
3391 2538 3524 2602 fine
3556 2537 3978 2620 praefationis
4021 2538 4318 2618 Gallasii,
4370 2560 4541 2623 quae
4583 2538 4742 2605 olim

726 2652 881 2718 data
921 2651 1136 2715 fuerat
1180 2648 1493 2714 Genevae
1546 2645 1756 2730 pridie
1799 2645 1939 2712 Cal.
1985 2647 2182 2712 Mart.
2236 2650 2396 2710 1552
2415 2698 2430 2725 ‚
2478 2647 2587 2712 1110
2624 2667 2786 2713 vero
2839 2646 3050 2731 pridie
3092 2647 3232 2714 Gal.
3275 2648 3469 2714 Febr.
3523 2652 3687 2712 1547
3730 2648 3976 2732 scripta
4016 2649 4272 2716 dicitur.
4359 2649 4544 2717 Alibi
4586 2671 4740 2717 con-

726 2764 1010 2829 trarium
1051 2762 1297 2826 factum
1337 2758 1638 2824 videmus
1678 2780 1801 2825 nec
1843 2760 2064 2823 minus
2104 2757 2494 2824 mirandum.
2583 2758 2666 2823 In
2721 2760 2854 2825 fine
2909 2760 3158 2826 scilicet
3213 2760 3523 2844 epistolae
3568 2760 4001 2828 dedicatoriae
4042 2783 4243 2845 quam
4296 2760 4472 2829 idem
4524 2760 4737 2828 editor

726 2896 883 2943 suae
934 2874 1223 2942 versioni
1278 2871 1739 2956 opusculorum
1796 2893 1837 2936 a
1889 2869 2168 2937 Calvino
2223 2869 2545 2936 adversus
2599 2872 3067 2955 Anabaptistas
3134 2881 3201 2937 et
3250 2871 3631 2938 Libertinos
3686 2872 3920 2957 gallice
3975 2875 4494 2958 conscriptorum
4545 2892 4739 2957 prae-

726 2989 982 3067 fixerat,
1028 2985 1184 3051 olim
1228 2985 1369 3051 eius
1413 2982 1586 3049 diem
1629 2982 1914 3050 natalem
1956 2981 2117 3049 Idus
2159 2982 2390 3049 Martii
2430 3002 2485 3048 a.
2538 2986 2702 3048 1546
2747 2983 2946 3051 fuisse
2989 2984 3492 3069 significaverat,
3535 3006 3654 3068 pro
3697 3005 3824 3068 quo
3867 2984 3975 3053 1110
4013 2985 4197 3053 Idus·
4219 2985 4414 3054 Febr.
4461 3005 4518 3054 a.
4570 2988 4736 3053 1563

723 3098 1021 3185 legimus.

2657 3405 2785 3471 ΠΙ.

2147 3574 2471 3643 nomo
2516 3576 2821 3643 BEZAE
2867 3575 3303 3644 GALLICA.

1033 3769 1199 3835 Post
1252 3766 1513 3834 Calvini
1569 3787 1913 3832 excessum
1966 3767 2143 3832 Beza
2198 3765 2529 3850 duplicem
2584 3764 3070 3850 Opusculorum
3126 3765 3258 3831 viri
3320 3767 3665 3834 clarissimi
3720 3775 3787 3831 et
3840 3767 4219 3835 amicissimi
4282 3768 4734 3834 collectionem

724 3881 1078 3951 meditatus
1121 3886 1248 3959 est,
1295 3899 1574 3964 quarum
1615 3877 1890 3944 alteram
1932 3877 2169 3962 gallico
2221 3899 2524 3944 sermone
2580 3877 2824 3945 editam
2879 3878 3056 3943 intra
3107 3877 3389 3962 proximi
3442 3878 3691 3944 biennii
3743 3880 4027 3964 spatium
4080 3879 4393 3960 absolvit,
4451 3878 4736 3946 alteram

724 3994 1003 4060 latinam
1044 4001 1196 4077 post
1236 3993 1531 4076 integros
1573 3988 1799 4057 decem
1841 4010 2048 4056 annos
2089 3989 2357 4056 demum
2398 3990 2581 4073 prelo
2625 3989 2945 4056 submisit.
3035 3990 3254 4072 Atque
3295 3989 3533 4074 prioris
3576 3989 3850 4074 gallicae
3891 3991 4125 4058 titulus
4167 3991 4276 4058 1110
4319 3999 4446 4059 est:

1032 4112 1352 4170 Rscvnn.
1404 4105 1414 4186 Ι
1451 4088 1686 4173 DES
1751 4088 2484 4198 OPVSOVLES,
2540 4087 2554 4193 Ι
2612 4099 2683 4167 G’
2686 4106 2775 4167 est
2801 4101 3018 4179 odire,
3036 4089 3344 4184 {Petits
3388 4090 3735 4173 traictez
3778 4091 3883 4173 de
3927 4091 4047 4173 M.
4091 4091 4299 4174 Iean
4342 4090 4670 4175 Caluin.
4717 4087 4732 4204 Ι

650 4217 860 4288 ,Les
911 4237 1029 4283 vm
1083 4235 1311 4283 reueus
1362 4221 1419 4280 et
1474 4216 1746 4298 corriyez
1814 4234 1929 4279 sur
1979 4213 2035 4278 le
2086 4214 2310 4294 Latin,
2377 4212 2466 4279 les
2536 4219 2751 4280 autres
2814 4212 3240 4296 hans-llatez
3304 4213 3749 4278 nouuellement
3810 4213 3886 4279 de
3941 4213 4136 4279 Latin
4197 4236 4273 4279 en
4326 4213 4652 4296 Franpow.
4717 4213 4730 4298 Ι

731 4336 1038 4402 (Embleme
1073 4336 1140 4390 de
1176 4335 1588 4405 l’lmprimerie.)
1686 4327 1753 4392 A
1820 4324 2223 4404 GENEVE,
2266 4325 2275 4410 Ι
2311 4312 2716 4426 Ι111Ρ111110
2777 4342 2933 4425 par
2971 4314 3365 4428 Baptiste
3407 4312 3834 4396 Pinereul.
3893 4310 3904 4414 Ι
3957 4326 4050 4391 Μ
4096 4326 4181 4390 D.
4226 4324 4485 4391 LXVI.

1036 4437 1384 4508 Emblema
1422 4436 1588 4503 illud
1630 4438 1848 4521 ipsum
1893 4443 1995 4502 est
2035 4435 2209 4521 quod
2250 4438 2322 4501 in
2355 4436 2851 4523 Prolegomenis
2891 4438 3081 4503 Tomi
3124 4438 3323 4522 primi
3363 4459 3513 4523 pag.
3558 4437 3806 4503 XLIII
3847 4458 3930 4503 ex
3964 4434 4250 4503 editione
4283 4436 4733 4503 Institutionis

728 4548 1091 4637 genevensi
1134 4569 1189 4612 a.
1244 4553 1400 4612 1561
1452 4550 1534 4616 ab
1578 4550 1871 4615 Antonio
1913 4547 2171 4614 Reboul
2211 4557 2560 4633 procurata
2604 4550 3084 4633 descripsimus.
3172 4549 3364 4614 Folio
3408 4549 3582 4614 tituli
3618 4570 3808 4616 verso
3850 4549 4206 4632 conspicies
4249 4549 4533 4634 effigiem
4575 4547 4731 4614 001-

727 4663 871 4730 vini
925 4661 1061 4727 aeri
1115 4660 1420 4738 incisam,
1478 4681 1611 4725 non
1660 4660 1869 4746 ligno,
1928 4660 2202 4726 eandem
2254 4682 2454 4744 quam
2505 4661 2777 4770 exhibet
2833 4660 3034 4726 editio
3075 4660 3525 4726 Institutionis
3576 4660 3812 4745 gallica
3860 4659 4087 4726 eodem
4142 4682 4317 4727 anno
4374 4681 4413 4726 a
4453 4660 4735 4726 Peri-ino

730 4772 1072 4857 splendide
1104 4791 1362 4838 excusa.
1423 4770 1862 4838 Subiunctum
1895 4772 2095 4839 habet
2128 4772 2450 4839 emblema
2475 4773 2760 4854 Oalvini,
2796 4794 3067 4838 manum
3105 4793 3217 4838 cor
3251 4779 3587 4838 tenentem
3621 4792 3771 4838 cum
3814 4772 4077 4858 adagio:
4121 4772 4569 4840 PROMPTE
4609 4771 4734 4838 Etr

730 4881 1155 4952 SINOERE.
1247 4882 1617 4967 Sculptoris
1669 4885 1926 4969 insigne
1972 4884 2235 4950 additur
2277 4904 2442 4950 crux
2484 4885 2729 4968 duplex
2772 4904 2922 4950 cum
2967 4884 3177 4950 literis
3220 4884 3503 4950 PWDB
3547 4885 3620 4948 in
3660 4885 4243 4969 monogrammatis
4295 4884 4574 4950 formam
4625 4903 4735 4948 re-

732 4994 941 5061 dactis
973 4996 1340 5098 subscripto
1366 5015 1641 5060 numero
1673 5000 1772 5060 66.
1828 4997 2076 5062 Forma
2093 4997 2244 5063 libri
2279 5004 2380 5062 est
2410 4997 2714 5061 maxima.
2775 4997 3017 5061 'Pei-nio
3061 4997 3313 5079 primus
3347 4995 3441 5079 (ἢ
3474 5001 3736 5078 praeter
3767 4996 4035 5062 titulum
4060 4995 4353 5061 continet
4386 4993 4733 5078 epistolam

728 5107 947 5171 Bezae
986 5103 1446 5176 dedicatoriam
1490 5113 1560 5174 et
1600 5105 1882 5174 indicem
1924 5115 2340 5187 tractatuum,
2383 5107 2567 5173 illam
2611 5115 2881 5192 septem,
2926 5109 3104 5174 hunc
3143 5105 3354 5172 tribus
3394 5107 3657 5192 paginis
3691 5106 4083 5174 absolutum.
4148 5103 4480 5171 Volumen
4512 5107 4736 5189 ipsum

727 5224 1069 5302 praeterea
1109 5221 1561 5306 complectitur
1610 5223 1729 5283 125
1775 5221 2235 5302 quaterniones
2280 5219 2498 5304 (b—z;
2538 5239 2807 5300 aa—-zz3
2848 5240 3187 5298 aaa—zzz;
3224 5238 3636 5300 aaaa—zzzz3
3672 5239 4163 5295 aaaaa-zzzzz5
4201 5216 4740 5304 aaaaaa—llllll).

727 5329 1025 5415 Paginae
1071 5340 1503 5400 numerantur
1546 5335 1734 5413 2006,
1781 5331 1897 5398 sed
1940 5353 2173 5399 revera
2215 5340 2371 5399 sunt
2411 5335 2579 5399 2000
2624 5333 2681 5398 01
2723 5329 3122 5417 typographi
3163 5350 3416 5398 errores
3459 5333 3676 5406 varios
3717 5327 4188 5397 emendaveris.
