5100 6061
1491 1663 2130 1781 PRAEFATIO
2191 1697 2655 1780 ioANle
2715 1664 3180 1780 CALva

1801 1860 1930 1924 AD
1977 1858 2355 1927 AMICUM
2401 1858 2884 1942 QUENDAM.

641 2067 865 2150 Quum
916 2089 1176 2161 mecum
1230 2066 1489 2151 pridem
1541 2064 1844 2131 nonnulli
1897 2066 1987 2148 pii
2042 2067 2171 2133 viri
2227 2076 2501 2151 agerent
2514 2119 2529 2145 ,
2590 2078 2657 2132 et
2712 2065 2990 2155 subinde
3044 2068 3244 2132 etiam
3301 2069 3631 2135 instarent
3673 2080 3751 2135 ut
3803 2072 4061 2154 publice
4103 2074 4347 2159 aliquid

329 2169 619 2251 ederem,
678 2171 763 2237 ad
807 2192 1033 2237 eorum
1075 2171 1534 2252 intemperiem
1578 2168 2140 2252 compescendam,
2188 2170 2304 2253 qui
2347 2170 2428 2235 de
2474 2173 2850 2235 animarum
2893 2171 3003 2236 vel
3048 2170 3443 2238 dormitione
3457 2224 3473 2251 ,
3535 2172 3643 2239 vel
3684 2174 3959 2239 interitu
3972 2227 3988 2255 ,
4046 2178 4347 2259 imperite

328 2274 526 2339 simul
569 2296 645 2341 ac
682 2275 1092 2341 tumultuose
1145 2273 1340 2369 119ρᾑ
1394 2273 1761 2357 disputant:
1816 2270 2017 2337 nullis
2061 2285 2282 2336 tamen
2329 2273 2649 2339 hactenus
2696 2295 2817 2339 nec
2871 2273 3173 2357 precibus
3190 2326 3206 2353 ,
3266 2295 3388 2341 nec
3443 2276 3964 2360 flagitationibus
4007 2300 4346 2345 cesseram.

325 2376 511 2441 Adeo
555 2377 725 2463 mihi
769 2377 850 2443 ab
895 2378 1074 2444 omni
1117 2377 1555 2443 contentionis
1600 2395 1841 2459 genere
1886 2374 2279 2440 abhorrebat
2321 2376 2598 2440 animus.
2688 2376 2779 2441 Et
2824 2384 2968 2441 erat
3010 2384 3156 2441 tum
3202 2398 3361 2442 sane
3406 2378 3579 2460 quod
3624 2399 4039 2445 excusarem:
4086 2383 4348 2465 partim,

326 2481 479 2562 quia
523 2481 870 2563 sperabam
915 2482 1052 2546 fore
1091 2488 1169 2546 ut
1209 2483 1508 2563 ineptum
1547 2478 1728 2544 istud
1774 2477 2011 2561 dogma
2047 2478 2289 2557 statim,
2337 2477 2518 2543 nullo
2563 2477 3036 2562 subscriptore,
3084 2488 3532 2547 evanesceret:
3597 2490 3711 2546 aut
3751 2492 3927 2547 certe
3969 2484 4144 2548 inter
4186 2506 4348 2568 pau-

326 2582 507 2648 culos
544 2592 907 2668 nugatores
963 2581 1401 2650 delitesceret:
1462 2584 1705 2665 partim
1718 2634 1734 2659 ,
1791 2579 1961 2663 quod
2018 2581 2182 2644 mihi
2237 2582 2505 2645 minime
2550 2581 2934 2664 expeditum
2968 2595 3112 2647 erat
3164 2605 3315 2650 cum
3358 2583 3440 2649 iis
3496 2605 3768 2648 manum
3811 2605 4178 2667 conserere,
4234 2588 4349 2671 qui

329 2694 587 2750 starent
629 2684 709 2750 ab
753 2685 1044 2753 adversis
1090 2687 1415 2770 partibus:
1461 2705 1741 2768 quorum
1783 2705 1904 2749 nec
1948 2692 2181 2761 castra,
2229 2704 2351 2748 nec
2392 2683 2540 2762 tela,
2588 2705 2709 2749 nec
2753 2683 3157 2770 subterfugia
3203 2706 3531 2752 noveram.
3599 2687 3912 2753 Nondum
3956 2691 4132 2753 enim
4166 2691 4350 2773 quid·

323 2809 521 2871 quam
578 2789 663 2855 ad
714 2811 822 2854 me
876 2788 1208 2873 perlatum
1261 2800 1430 2867 erat,
1486 2798 1748 2871 praeter
1790 2808 2135 2852 murmura
2178 2795 2245 2851 et
2286 2807 2515 2852 raucos
2561 2788 2905 2869 strepitus:
2954 2796 3041 2852 ·ut
3088 2787 3407 2872 congredi
3459 2808 3612 2853 cum
3666 2790 3749 2856 iis
3791 2790 3907 2873 qui
3959 2792 4030 2855 in
4077 2813 4346 2858 arenam

326 2891 625 2957 nondum
666 2892 1078 2974 prodierant,
1134 2893 1303 2957 nihil
1347 2914 1614 2976 prorsus
1651 2890 1828 2956 aliud
1867 2890 2205 2956 videretur
2218 2942 2232 2968 ‚
2292 2910 2488 2972 quam
2530 2911 2751 2957 aerem
2797 2891 3036 2957 clausis
3080 2892 3282 2956 oculis
3326 2892 3688 2958 verberare.
3779 2893 3872 2957 At
3916 2892 3996 2958 de
4040 2915 4344 2960 successu

325 2994 522 3080 longe
569 2995 763 3061 aliter
806 2994 1044 3063 accidit
1085 3017 1282 3080 quam
1324 3016 1761 3081 speraveram.
1851 2992 2193 3077 Siquidem
2236 2991 2605 3059 blaterones
2652 2993 2748 3058 illi
2794 3001 2981 3059 tanta
3023 2994 3413 3060 strenuitate
3459 2996 3533 3060 in
3576 3002 3795 3078 partes
3839 3017 3991 3063 suas
4032 2995 4344 3064 incubue-

319 3107 500 3176 runt,
546 3106 624 3164 ut
667 3099 915 3182 aliquot
956 3097 1089 3163 iam
1131 3100 1476 3164 hominum
1520 3098 1727 3189 m—illja
1769 3100 1841 3162 in
1885 3095 2161 3162 eandem
2205 3118 2427 3163 secum
2466 3091 2796 3163 insaniam
2839 3098 3184 3163 traxerint.
3273 3100 3365 3163 Et
3415 3099 3634 3181 ipsum
3687 3099 3888 3164 etiam
3939 3101 4190 3165 malum
4236 3103 4341 3184 (ut

326 3201 549 3286 video)
592 3202 943 3267 incruduit.
1011 3202 1302 3283 Quidam
1345 3204 1520 3268 enim
1564 3202 1884 3287 principio
1928 3202 2193 3266 confuse
2237 3202 2636 3284 garriebant,
2682 3212 3091 3267 mortuorum
3136 3203 3391 3266 animas
3435 3202 3751 3267 dormire:
3806 3223 4017 3284 neque
4070 3204 4340 3269 definie-

325 3304 483 3370 bant
527 3305 685 3389 quid
728 3327 848 3388 per
892 3327 1193 3371 somnum
1238 3306 1489 3371 vellent
1528 3306 1824 3389 intelligi.
1915 3306 2352 3372 Emerserunt
2395 3312 2621 3386 postea
2664 3303 3014 3388 ψυχοκτόνοι
3057 3306 3186 3384 isti,
3234 3306 3347 3388 qui
3391 3325 3659 3387 prorsus
3703 3327 3814 3370 eas
3854 3306 4176 3389 iugulant,
4223 3307 4338 3372 sed

326 3409 462 3473 siue
508 3409 805 3474 vulnere.
910 3409 1187 3473 Illorum
1231 3409 1497 3491 quidem
1553 3429 1844 3474 errorem
1898 3428 2033 3471 non
2088 3406 2430 3472 ferendum
2448 3459 2463 3484 ,
2522 3407 2758 3470 horum
2803 3427 2962 3471 vero
3018 3407 3345 3473 insaniam
3399 3409 3690 3493 graviter
3733 3410 4158 3475 coercendam
4199 3411 4338 3476 exi-

324 3513 535 3577 011100.
625 3512 954 3594 Utrosque
998 3533 1119 3576 nec
1160 3513 1411 3576 ratione
1455 3532 1577 3577 nec
1620 3513 1858 3576 iudicio
1902 3512 2045 3574 niti.
2138 3510 2390 3573 Verum
2441 3508 2510 3573 id
2553 3509 2695 3574 aliis
2739 3511 3136 3592 persuadere
3182 3533 3312 3575 non
3354 3512 3447 3576 ita
3499 3512 3687 3576 facile
3732 3521 3856 3576 est:
3913 3515 4039 3579 nisi
4084 3515 4338 3580 vanita-

323 3623 455 3679 tem
495 3615 735 3697 palam,
782 3623 851 3680 et
894 3613 1098 3698 (quod
1144 3615 1411 3698 dicitur)
1465 3616 1534 3680 in
1588 3636 1661 3680 os
1717 3614 2041 3679 refellam:
2100 3633 2266 3694 quae
2311 3632 2445 3677 non
2498 3614 2628 3677 nisi
2682 3614 2754 3676 in
2800 3633 3027 3676 eorum
3081 3615 3343 3697 scriptis
3387 3613 3916 3698 deprehenditur.
4005 3618 4338 3683 Dicuntur

328 3726 550 3783 autem
611 3739 761 3783 suas
824 3739 1042 3803 nugas
1098 3719 1318 3784 nescio
1373 3719 1606 3800 quibus
1664 3715 1994 3784 schedulis
2051 3714 2372 3780 ventilare
2387 3766 2401 3794 ‚
2458 3736 2621 3797 quas
2671 3715 2835 3779 mihi
2899 3715 3180 3781 necdum
3236 3717 3460 3782 videre
3517 3719 3807 3802 contigit.
3910 3720 4197 3784 Tantum
4252 3721 4334 3786 ab

329 3823 535 3887 amico
577 3821 837 3886 notulas
892 3822 1206 3904 quasdam
1256 3823 1499 3904 accepi:
1569 3822 1802 3905 quibus
1853 3820 2325 3904 perscripserat
2367 3839 2532 3901 quae
2577 3819 2683 3884 vel
2727 3841 2810 3883 ex
2855 3840 2966 3883 ore
3009 3820 3417 3902 loquentium
3461 3823 3764 3904 excipere
3820 3822 3919 3886 illi
3970 3824 4211 3889 cursim
4254 3823 4335 3887 li-

328 3907 571 4002 ciffi‘rat,
616 3924 722 3989 vel
762 3923 1196 4007 undecunque
1240 3924 1560 4007 colligere.
1650 3924 1881 3989 Altera
1922 3923 2130 4007 igitur
2172 3924 2506 3989 excusatio
2547 3944 2919 4006 quanquam
2963 3943 3047 3988 ex
3084 3921 3355 3988 dimidia
3396 3934 3583 4006 parte
3619 3924 3876 4016 sublata
3919 3933 4045 4003 est,
4089 3925 4170 3990 ob
4214 3945 4333 3990 no-

328 4026 522 4092 tulas:
584 4048 666 4091 ex
712 4026 922 4092 altera
965 4037 1183 4093 tamen
1239 4028 1405 4092 mihi
1459 4049 1636 4094 nunc
1681 4047 1935 4110 quoque
1979 4036 2295 4109 superest.
2399 4027 2654 4090 Verum
2699 4046 2906 4107 quum
2958 4025 3090 4091 illis
3134 4027 3424 4092 susurris
3476 4039 3544 4092 et
3585 4048 3716 4109 qua
3759 4028 4044 4092 maxime
4085 4028 4339 4111 pollent

326 4129 713 4213 garrulitate
757 4129 1128 4196 clanculum
1183 4152 1253 4196 se
1304 4131 1716 4197 insinuantes
1761 4149 1897 4193 non
1939 4131 2279 4213 pauciores
2324 4149 2441 4194 suo
2486 4150 2706 4194 errore
2757 4128 3143 4212 illaqueent,
3199 4151 3397 4211 quam
3441 4130 3497 4193 si
3553 4130 3836 4224 QSZQ„
3849 4128 4037 4210 hjbris
4079 4130 4336 4215 publice

324 4234 749 4298 cursitarent:
810 4253 1074 4299 causam
1117 4233 1283 4298 mihi
1327 4233 1570 4299 habere
1614 4254 1748 4298 non
1804 4232 2029 4297 videor
2071 4234 2228 4315 quin
2263 4233 2560 4297 veritatis
2604 4230 2898 4315 proditor
2943 4233 3152 4309 dicar,
3210 4232 3263 4297 si
3308 4233 3380 4297 in
3425 4239 3610 4297 tanta
3648 4233 4038 4298 necessitate
4081 4242 4337 4299 taceam

325 4355 399 4400 ac
442 4335 867 4400 dissimulem.
958 4335 1154 4401 Certe
1221 4337 1481 4420 quando
1536 4356 1969 4420 permagnum
2026 4356 2262 4418 operae
2305 4354 2489 4399 meae
2540 4357 2736 4400 usum
2801 4335 3312 4418 imperitioribus
3367 4344 3434 4400 et
3487 4336 3709 4400 minus
3766 4336 4143 4404 exercitatis
4195 4339 4336 4404 fore

326 4438 609 4516 confidO,
668 4438 1061 4504 nonnullum
1120 4440 1316 4505 etiam
1360 4449 1425 4504 et
1459 4440 1871 4506 mediocriter
1917 4439 2191 4504 eruditis
2207 4490 2223 4517 ,
2284 4438 2396 4519 qui
2443 4437 2567 4502 hoc
2613 4449 3077 4521 argumentum
3133 4439 3343 4504 levius
3400 4437 3775 4521 attigerint:
3834 4459 3966 4504 non
4025 4439 4333 4506 'dubitabo
4457 4441 4460 4444 ’

324 4541 497 4625 apud
558 4543 762 4608 bonos
815 4564 1042 4608 omnes
1100 4543 1425 4626 deponere
1479 4542 1632 4608 fidei
1684 4564 1867 4608 meae
1924 4543 2277 4607 rationem:
2337 4562 2467 4605 non
2524 4541 2710 4605 illam
2754 4541 3016 4623 quidem
3059 4543 3350 4607 fortassis
3395 4543 3553 4607 satis
3596 4542 3986 4607 instructam
4029 4545 4333 4610 omnibus

324 4655 390 4708 et
421 4646 750 4712 machinis
792 4647 1029 4729 quibus
1074 4647 1394 4729 impetum
1435 4649 1508 4711 in
1552 4647 1810 4712 hostem
1864 4646 2059 4711 faeiat
2074 4698 2088 4725 ,
2142 4655 2210 4710 et
2251 4644 2592 4727 praesidiis
2607 4697 2621 4721 ,
2669 4646 2905 4728 quibus
2950 4652 3191 4710 arceat:
3251 4645 3367 4710 sed
3411 4666 3545 4710 nou
3600 4645 3864 4728 penitus
3909 4656 4330 4712 exarmatam.

323 4746 523 4830 Quod
565 4751 622 4815 si
663 4770 783 4832 per
826 4770 1052 4814 eorum
1096 4750 1658 4832 importunitatem
1696 4749 2004 4825 licuisset,
2050 4748 2161 4831 qui
2208 4748 2367 4813 haee
2411 4749 2666 4812 somnia
2709 4749 2780 4812 in
2815 4748 3057 4831 vulgus
3097 4757 3435 4833 spargunt,
3472 4748 3684 4814 libens
3720 4748 4180 4814 abstinuissem
4226 4770 4333 4815 me

321 4853 400 4917 ab
458 4853 588 4919 hoc
646 4874 888 4938 genere
944 4853 1347 4917 certaminis:
1408 4853 1580 4935 quod
1637 4871 1772 4917 non
1815 4859 2074 4915 tautum
2114 4852 2364 4918 fructus
2407 4836 2638 4930 refert,
2699 4833 3015 4935 quantu‘m
3056 4851 3336 4916 insumit
3377 4870 3640 4934 operae:
3700 4873 3901 4935 quum
3941 4929 3942 4932 *
3950 4854 4333 4934 praesertim

321 4954 446 5022 hac
490 4955 564 5020 in
603 4965 795 5039 parte
838 4955 1058 5022 valere
1123 4955 1573 5020 existimarem
1618 4954 1896 5039 apostoli
1951 4953 2504 5034 exhortationem,
2564 4956 2620 5019 si
2664 4954 2920 5037 quando
2966 4956 3115 5018 usui
3157 4954 3361 5033 foret,
3416 4962 3492 5018 ut
3533 4952 3617 5018 ad
3659 4955 4076 5020 sobrietatem
4120 4956 4332 5039 sapia-

320 5079 494 5124 mus.
580 5061 672 5125 Et
711 5080 1086 5142 quanquam
1130 5059 1240 5123 isti
1286 5078 1483 5141 quam
1527 5065 1830 5142 optamus
1875 5056 2294 5122 sobrietatem
2333 5060 2521 5124 nobis
2563 5078 2698 5122 non
2752 5058 3170 5139 permittunt,
3225 5049 3478 5122 modice
3521 5063 3776 5135 tamen,
3835 5066 3948 5121 aut
3991 5057 4185 5121 etiam
4229 5061 4332 5123 in-

320 5167 427 5226 tra
470 5162 740 5228 modum
798 5163 1132 5228 disseram.
1222 5162 1439 5244 Atque
1494 5160 1751 5226 utinam
1805 5162 2082 5225 inventa
2126 5170 2301 5226 esset
2345 5163 2473 5228 alia
2514 5161 2711 5238 ratio,
2768 5181 2933 5242 quae
2975 5159 3225 5224 malum
3270 5159 3396 5224 hoc
3450 5159 3599 5241 plus
3642 5158 3846 5223 nimio
3890 5161 4330 5242 pullulassens

318 5271 580 5332 mature
621 5266 967 5332 recideret:
1027 5286 1143 5344 ne,
1190 5264 1378 5330 velut
1428 5284 1690 5339 cancer,
1746 5265 1961 5348 magis
2007 5285 2082 5329 ac
2121 5266 2334 5349 magis
2378 5266 2449 5330 in
2493 5264 2631 5329 dies
2689 5270 2927 5345 serpat.
3015 5263 3246 5347 Neque
3301 5271 3521 5327 tamen
3567 5283 3742 5326 nunc
3785 5264 4074 5344 primum
4117 5267 4329 5330 nasci-

320 5373 448 5431 tur.
544 5366 880 5450 Siquidem
925 5367 1203 5452 legimus
1248 5366 1564 5482 Qes
1605 5366 1804 5431 fuisse
1848 5367 2161 5470 quosdam
2208 5368 2403 5433 huius
2447 5366 2772 5450 dogmatis
2817 5375 3105 5431 autores:
3153 5366 3260 5450 qui
3306 5367 3627 5431 iactarent
3671 5366 3962 5431 animam
4005 5389 4151 5432 cum
4189 5390 4330 5434 cor-
