5100 6061
737 418 863 479 119

737 601 1067 668 bibendus
1121 611 1237 667 est.
1326 602 1531 681 Nam,
1588 608 1666 666 ut
1719 599 1943 665 statim
1985 599 2160 664 idem
2205 599 2455 679 subdit,
2501 600 2696 665 casti-

738 686 941 773 gandi
975 686 1414 771 caedendique
1454 695 1598 766 [pag.
1630 691 1775 766 111]
1814 706 2071 769 semper
2107 686 2251 751 iure
2287 693 2445 752 sunt
2491 685 2694 752 servi:

739 796 951 858 neque
996 774 1089 837 ita
1132 773 1441 839 monendi
1488 784 1563 837 ut
1606 773 1812 850 liberi,
1858 793 1942 836 ne
1986 773 2314 836 molliores
2358 774 2548 850 fiant;
2600 770 2695 834 al-

737 860 1034 944 loquutio
1089 861 1303 925 omnis
1359 859 1443 924 ad
1497 880 1748 938 servos,
1804 857 2278 940 quodammodo
2349 854 2696 939 imperium

744 948 847 1027 sit,
889 954 1007 1011 etc.

913 1032 1128 1113 Aequi
1182 1031 1445 1112 bonique
1485 1035 1722 1096 natura

740 1120 815 1183 in
849 1119 987 1183 suis
1021 1117 1565 1203 annotationibus,
1603 1116 1713 1198 qui
1794 1127 1972 1181 esset
2004 1137 2284 1197 aequum
2325 1120 2392 1179 et
2431 1113 2704 1191 bonum,

743 1203 919 1287 quod
963 1204 1091 1267 iuri
1136 1196 1391 1268 summo
1433 1223 1549 1267 seu
1594 1202 1798 1284 rigori
1851 1202 2013 1266 iuris
2068 1203 2433 1284 opponitur.
2523 1201 2697 1264 Nam

744 1310 950 1373 quum
988 1290 1091 1353 ius
1131 1289 1353 1354 omnia
1388 1296 1571 1354 recta
1616 1297 1685 1351 et
1725 1286 2115 1351 inflexibilia
2168 1287 2415 1370 exigat,
2474 1286 2696 1369 aequi-

740 1382 844 1440 tas
881 1374 962 1439 de
1007 1375 1151 1440 iure
1197 1374 1440 1456 aliquid
1487 1373 1784 1438 remittit.
1845 1373 2031 1438 Haec
2077 1373 2351 1438 Graecis
2393 1380 2696 1449 ἐπιείκεια,

2385 413 2515 477 DE
2559 407 3106 477 CLEMEN'rm

1811 1027 1991 1095 Satis
2044 1026 2326 1094 ostendit
2384 1028 2695 1093 Budaeus
2746 1086 2750 1101 ,

4625 414 4747 475 120

2800 620 2961 665 vum
3004 598 3339 678 cecidisse,
3401 608 3653 666 vestem
3697 606 3986 664 mutasse
4030 606 4152 664 etc.
4244 599 4394 665 Hoc
4449 600 4550 664 ius
4595 620 4746 681 asy-

2799 683 2925 749 liae
2960 693 3184 767 postea
3217 686 3482 749 transiit
3516 685 3599 750 ad
3634 685 3934 749 basilicas
3970 685 4440 767 Apostolorum
4475 692 4542 750 e't
4563 686 4744 749 Mar-

2800 778 3053 854 tyrum,
3101 779 3174 835 ut
3225 772 3470 854 legitur
3512 772 3580 836 in
3627 771 3852 835 multis
3894 771 4071 834 Iuris
4115 770 4290 834 locis.
4383 768 4554 836 Vide
4601 777 4744 849 [pag.

2807 863 2949 933 1121
2991 857 3434 955 Augustinum
3474 857 3643 923 libro
3685 857 3737 920 Ι.
3781 856 3862 921 (16
3906 855 4099 921 Civit.
4146 856 4291 922 Dei.

2976 942 3180 1023 Quum
3214 944 3284 1007 in
3317 964 3563 1007 servwm
3597 943 3806 1007 omnia
3846 939 4096 1028 liceant]
4139 941 4446 1041 Utpote
4429 965 4501 1006 ιιι
4555 964 4749 1025 quem

2804 1028 2975 1092 vitae
3019 1030 3321 1111 necisque
3365 1036 3654 1111 potestas
3697 1027 3957 1092 domino
4000 1029 4320 1110 permissa
4361 1036 4478 1092 est.

2974 1113 3094 1178 Est
3135 1114 3379 1194 aliquid
3420 1115 3582 1195 quod
3623 1114 3857 1178 homini
3894 1114 3962 1176 in
4005 1114 4312 1178 hominem
4340 1113 4551 1214 licere]
4613 1116 4749 1179 Na·

2803 1211 2952 1263 tura
2986 1200 3163 1263 enim
3199 1199 3437 1265 indidit
3478 1200 3869 1265 animalibus
3913 1200 4291 1265 societatem
4335 1201 4406 1264 in
4449 1222 4565 1265 suo
4608 1202 4747 1266 cui-

2802 1307 2926 1368 que
2962 1307 3222 1367 genere,
3262 1297 3335 1350 ut
3369 1287 3563 1351 homo
3599 1286 3932 1350 hominem
3969 1306 4100 1350 non
4137 1286 4354 1365 violet,
4403 1307 4521 1350 1166
4563 1288 4750 1351 canis

2802 1393 3063 1450 canem,
3103 1393 3222 1436 nec
3276 1393 3483 1454 equus
3527 1393 3770 1455 equum
3827 1379 3944 1436 etc.
4037 1369 4172 1451 Qui
4219 1393 4449 1437 sensus
4494 1379 4568 1437 ut
4601 1372 4748 1438 elici

737 1460 906 1526 illud
958 1458 1025 1523 ui
1068 1485 1215 1523 κατα
1272 1457 1370 1522 ιόν
1424 1459 1602 1539 νόμον
1648 1458 1883 1521 δίκαιον
1932 1458 2187 1524 dicitur.
2290 1456 2544 1524 Sensus
2600 1464 2700 1523 est
2802 1467 3038 1540 posset,
3074 1457 3328 1524 mutavi
3371 1466 3660 1523 veterem
3704 1457 4068 1523 lectionem.
4098 1456 4146 1541 ¹)

739 1547 976 1631 igitur,
1025 1546 1320 1611 dominos
1364 1568 1499 1610 non
1540 1545 1861 1627 respicere
1908 1553 2226 1644 quantum
2269 1565 2387 1609 suo
2432 1545 2576 1608 iure
2628 1544 2698 1607 in

742 1653 966 1698 servos
1002 1635 1270 1715 possint,
1310 1630 1424 1696 sed
1465 1629 1751 1714 quadam
1795 1632 2138 1713 aequitatis
2178 1652 2407 1695 norma
2450 1630 2698 1712 tempe-

741 1739 889 1783 rare
933 1717 1300 1801 imperium.

924 1806 1099 1886 Quae
1130 1823 1392 1885 parcere
1436 1803 1626 1866 etiam
1669 1800 1962 1888 captivis]
2020 1801 2274 1867 Eadem
2331 1802 2532 1866 etiam
2592 1821 2701 1865 ae·

745 1891 959 1973 quitas
1016 1888 1185 1953 bello
1247 1886 1535 1954 devictos
1592 1895 1659 1951 et
1713 1889 2002 1971 captivos
2057 1889 2433 1953 conservari
2497 1887 2697 1951 iubet.

742 1976 918 2041 Nam
976 1976 1030 2041 si
1086 1975 1231 2038 iure
1288 1994 1544 2039 summo
1599 1983 1863 2056 agatur,
1922 1976 2307 2057 praesertim
2371 1975 2439 2037 ιιι
2485 1973 2701 2037 medio

744 2061 902 2127 belli
943 2059 1265 2137 tumultu,
1313 2082 1443 2149 11ορ
1488 2068 1589 2124 est
1631 2080 1753 2125 nec
1804 2026 2283 2123 misericordiae
2341 2081 2459 2123 nec
2516 2080 2701 2123 man-

745 2146 1081 2212 suetudini
1117 2145 1330 2210 locus:
1371 2158 1565 2227 atque
1601 2153 1673 2208 ut
1707 2145 1995 2227 loquitur
2035 2145 2332 2228 Pyrrhus
2370 2144 2541 2228 apud
2580 2143 2703 2209 Se-

743 2252 974 2297 necam
1015 2233 1085 2294 ιιι
1131 2229 1416 2296 'Proadez

965 2316 1084 2371 Lex
1118 2316 1268 2370 nulla
1303 2323 1464 2385 capto
1503 2315 1696 2384 parcit,
1733 2324 1829 2369 aut
1865 2333 2097 2385 poenam
2133 2316 2369 2386 impedit.
2454 2326 2457 2329 ‘

737 2402 1033 2484 Aequius
1076 2401 1426 2484 respondet
1468 2403 1954 2485 Agamemnon:

985 2504 1142 2572 Quod
1177 2522 1284 2559 non
1324 2512 1474 2559 vetat
1509 2506 1615 2573 lex,
1656 2506 1761 2559 1106
1799 2513 1949 2560 vetat
1982 2504 2100 2559 fieri
2134 2506 2324 2574 pudor.

742 2592 977 2658 Cicero
1023 2590 1211 2657 Offio.
1259 2592 1342 2656 I.:
1400 2593 1605 2657 Parta
1660 2600 1883 2656 autem
1942 2592 2214 2657 victoria
2266 2590 2699 2657 conservandi

741 2687 901 2747 sunt
934 2679 1011 2753 ii,
1058 2679 1171 2761 qui
1207 2699 1343 2742 non
1385 2677 1679 2742 crudeles
1720 2680 1790 2742 in
1847 2677 2009 2743 bello
2046 2698 2167 2743 nec
2201 2679 2521 2743 immanes
2558 2677 2697 2742 fue-

682 2772 688 2779 '
748 2774 922 2829 runt.
986 2729 1309 2829 horatius
1352 2764 1407 2829 I.
1451 2763 1932 2846 Epistolarum:

953 2868 1203 2922 Vendere
1240 2885 1407 2936 quum
1443 2868 1623 2936 possis
1660 2867 1946 2934 captivum,
1985 2866 2230 2920 occidere
2266 2867 2402 2919 noli:

957 2936 1168 2991 Serviet
1203 2936 1428 3004 utiliter,
1466 2952 1560 2990 seu
1597 2942 1791 3004 pascat
1826 2935 2009 3002 dume,
2046 2942 2284 3003 aretque.

737 3023 918 3090 Hinc
965 3021 1300 3106 Vergilius
1346 3021 1675 3088 Aeneidos
1722 3021 1874 3088 Vl:

915 3125 999 3179 Tu
1035 3141 1224 3193 regere
1260 3126 1485 3193 imperio
1524 3126 1773 3193 populos,
1812 3125 2068 3191 Romane,
2106 3131 2393 3178 memento.

911 3194 1030 3248 Hae
1067 3195 1161 3247 tibi
1196 3202 1354 3247 erunt
1390 3201 1554 3252 artes,
1541 3195 1847 3315 ‚dpacisque
1884 3195 2157 3263 imponere
2193 3209 2411 3260 morem,

912 3263 1144 3316 Parcere
1183 3262 1437 3315 subiectis
1475 3269 1531 3315 et
1636 3262 1839 3315 bellare
1878 3262 2160 3330 superbos.

738 3351 834 3417 Et
867 3346 1249 3414 Alexander
1284 3347 1451 3411 libro
1478 3347 1596 3411 IV.
1625 3346 1869 3412 Curtii:

736 3437 876 3526 lere
920 3433 1113 3499 victis
1158 3434 1307 3498 scio,

915 3519 1185 3596 Liberis,
1210 3520 1515 3601 inycnuiS,
1550 3517 1845 3606 honestes]
1887 3518 2022 3600 Qui
2056 3518 2327 3586 serviles
2363 3527 2700 3584 contume-

741 3607 896 3685 lias,
955 3613 1021 3669 et
1077 3602 1341 3669 sordida
1395 3605 1701 3688 obsequia
1745 3606 1884 3689 pati
1927 3626 2062 3669 non
2161 3613 2404 3670 ossunt.
2504 3605 2700 3672 Unde

741 3690 1146 3757 Hermolaus
1190 3688 1273 3753 ad
1315 3689 1775 3755 Alexandrum
1816 3691 1985 3757 libro
2145 3690 2450 3757 .Curtii:
2508 3690 2700 3758 Occi-

743 3775 944 3844 dendi
987 3785 1051 3841 te
1095 3776 1442 3841 consilium
1484 3776 1826 3856 inivimus,
1873 3777 2026 3861 quia
2084 3798 2214 3842 non
2269 3785 2343 3841 ut
2393 3779 2700 3862 ingenuis

740 3867 832 3929 im
880 3885 1065 3928 erare
1111 3863 1408 3943 coepisti,
1456 3861 1571 3927 sed
1615 3865 1799 3946 quasi
1842 3864 1912 3927 in
1953 3864 2283 3962 mancipia
2325 3862 2697 3929 dominaris.

742 3951 831 4015 Li
877 3949 1007 4014 eris
1051 3947 1238 4026 dixit,
1286 3958 1353 4012 et
1397 3949 1732 4032 ingenuis,
1780 3951 1933 4032 quia
1976 3941 2136 4015 haec
2180 3950 2356 4013 inter
2399 3971 2469 4014 se
2510 3950 2698 4014 diffe-

738 4045 914 4100 runt.
1006 4035 1233 4099 Liberi
1272 4035 1449 4098 enim
1497 4033 1845 4117 aliquando
1889 4036 2081 4112 fiunt,
2126 4037 2396 4118 ingenui
2439 4057 2698 4119 semper

742 4128 1124 4187 nascuntur.
1194 4118 1366 4185 Vide
1406 4120 1932 4186 Iurisconsultos.

921 4206 1135 4271 Servis
1177 4207 1263 4270 ad
1305 4204 1608 4292 statuam]
1657 4204 1853 4272 Servi
1889 4208 2095 4282 enim,
2143 4209 2198 4272 si
2241 4217 2698 4290 premerentur

742 4292 1138 4357 intolerabili
1176 4290 1591 4356 dominorum
1648 4294 1947 4372 saevitia,
2009 4259 2095 4357 ad
2150 4294 2510 4358 Caesarum
2564 4303 2698 4359 sta-

744 4387 892 4444 tuas
937 4377 1430 4461 confugiebant:
1480 4387 1547 4442 et
1591 4380 1646 4443 si
1691 4378 1955 4461 quidem
1998 4380 2176 4444 iusta
2216 4399 2412 4444 causa
2465 4380 2698 4462 implo-

741 4464 982 4530 rabant
1025 4483 1210 4547 opem
1230 4514 1244 4541 ,
1291 4464 1747 4529 eximebantur
1789 4466 2023 4547 prioris
2069 4464 2315 4529 domini
2369 4467 2696 4548 potestati.

742 4554 791 4635 ξ.
831 4549 947 4615 sed
991 4557 1058 4614 et
1096 4551 1321 4614 maior.
1371 4549 1450 4614 de
1495 4551 1575 4615 iis
1621 4552 1734 4633 qui
1777 4559 1934 4616 sunt
1979 4551 2084 4614 sui
2127 4551 2232 4616 vel
2277 4551 2472 4615 alieni
2513 4552 2695 4615 iuris,

741 4636 851 4701 lib.
878 4637 932 4700 I.
971 4635 1186 4702 Instit.
1226 4635 1605 4732 Antoninus
1641 4637 1975 4702 consultus
2012 4659 2051 4701 a
2086 4636 2472 4736 quibusdam
2510 4659 2698 4718 prae-

742 4723 994 4787 sidibus
1029 4721 1536 4804 provinciarum,
1575 4721 1708 4787 de
1690 4724 1771 4788 iis
1806 4725 2014 4788 servis
2052 4726 2167 4805 qui
2202 4722 2285 4787 ad
2322 4721 2550 4786 aedem
2594 4746 2697 4788 sa-

742 4831 941 4885 cram,
992 4807 1101 4872 vel
1144 4805 1227 4871 ad
1271 4814 1523 4873 statuas
1566 4810 1939 4892 principum
1984 4808 2390 4893 confugiunt,
2436 4829 2697 4890 praece-

742 4895 843 4977 pit
887 4903 959 4960 ut
1002 4894 1059 4959 si
1102 4892 1404 4958 videatur
1456 4894 1884 4960 intolerabilis
1936 4896 2211 4961 saevitia
2267 4894 2696 4973 dominorum,

744 4988 1062 5062 cogantur
1084 5001 1307 5044 servos
1330 5001 1480 5045 suos
1504 4980 1690 5045 bonis
1725 4980 2205 5047 conditionibus
2241 4979 2545 5046 vendere.
2614 4980 2700 5043 In

742 5065 1019 5132 eandem
1070 5066 1462 5131 sententiam
1513 5073 1615 5130 est
1659 5067 2037 5131 constitutio
2073 5066 2296 5132 Valer.
2341 5066 2611 5141 Theod„
2635 5075 2702 5129 et-

743 5151 982 5216 Arcad.
1029 5172 1166 5216 aaa.
1209 5151 1321 5217 lib.
1365 5153 1417 5216 Ι.
1486 5151 1560 5217 Ο.
1608 5151 2030 5235 Tranquillus
2074 5155 2147 5219 in
2187 5152 2474 5217 Tiberio:
2518 5153 2698 5218 Pau-

742 5236 930 5302 latim
955 5237 1075 5301 hoc
1100 5258 1305 5321 genus
1340 5238 1708 5303 calumniae
1746 5258 1821 5301 eo
1858 5240 2195 5321 processit,
2238 5248 2310 5303 ut
2344 5238 2505 5304 haec
2540 5259 2699 5321 quo-

740 5345 871 5408 que
915 5322 1220 5407 capitalia
1261 5330 1501 5404 essent,
1545 5323 1718 5388 circa
1759 5324 2052 5407 Augusti
2095 5324 2517 5392 simulacrum
2564 5346 2700 5390 ser-

1918 3348 2010 3412 Et
2043 3348 2322 3426 vincere,
2361 3353 2428 3412 et
2463 3368 2699 3414 consu-

2980 1544 3137 1625 Quis
3170 1566 3293 1607 non
3353 1543 3614 1608 Vedium
3664 1541 4027 1628 Pollionem]
4075 1543 4292 1607 Locus
4321 1566 4363 1607 a
4386 1545 4748 1608 contrariis.

2806 1626 2881 1693 Si
2917 1630 3097 1714 enim
3130 1631 3375 1712 passim
3409 1628 3558 1695 odio
3595 1628 3857 1693 habitus
3882 1638 3984 1693 est
4025 1627 4276 1727 Vedius
4309 1629 4539 1708 Pollio,
4576 1629 4750 1712 quod

2805 1735 3029 1779 servos
3059 1716 3391 1780 muraenis
3429 1714 3887 1779 devorandos
3871 1738 3939 1779 m
3982 1715 4310 1779 vivarium
4353 1715 4751 1793 conficiebat,

2806 1809 2907 1865 est
2928 1802 3129 1899 igitur
3152 1799 3398 1899 aliquid
3433 1801 3608 1883 quod
3644 1821 3989 1865 commune
4024 1801 4125 1864 ius
4162 1802 4598 1865 animantium
4631 1801 4753 1865 ho-

2804 1887 2968 1949 mini
3015 1908 3146 1950 non
3190 1886 3512 1969 permittit
3562 1887 3633 1950 in
3695 1886 4047 1950 hominem.
4140 1885 4334 1967 Quod
4378 1896 4602 1952 autem
4654 1888 4749 1952 le-

2805 1970 3094 2071 gendum
3132 1973 3219 2036 sit
3251 1972 3316 2034 V
3318 1972 3502 2037 edius
3534 1971 3767 2048 Pollio,
3806 1982 4060 2037 constat
4095 1994 4176 2037 cx
4219 1975 4566 2037 autoritate
4608 1974 4754 2038 Pli-

2808 2058 2928 2136 nii,
2991 2060 3177 2123 cuius
3229 2057 3431 2123 verba
3488 2066 3644 2122 sunt
3697 2025 3865 2123 libro
3916 2058 4039 2122 IX.
4101 2081 4150 2123 c.
4211 2062 4324 2121 23:
4371 2059 4695 2123 Invenit
4678 2082 4753 2124 ιιι

2805 2143 2928 2209 1106
2949 2144 3215 2208 animali
3238 2144 3627 2209 documenta
3671 2145 3981 2209 saevitiae
4016 2144 4267 2208 Vedius
4313 2144 4521 2210 Pollio
4554 2166 4755 2227 eques

2803 2251 3114 2293 romanus
3149 2252 3230 2293 ex
3270 2231 3495 2295 amicis
3531 2229 3664 2294 divi
3707 2231 4022 2313 Augusti,
4071 2231 4338 2295 vivariis
4375 2251 4600 2294 earum
4626 2232 4752 2294 im-

2803 2336 3110 2399 mergens
3167 2316 3477 2381 damnata
3534 2317 3892 2397 mancipia,
3954 2338 4078 2380 non
4141 2324 4456 2416 tanquam
4500 2315 4583 2381 ad
4629 2317 4755 2381 hoc

2803 2402 2959 2466 feris
3003 2411 3327 2466 terrarum
3385 2422 3515 2466 non
3561 2402 4060 2477 sufficientibus,
4120 2400 4233 2466 sed
4286 2403 4441 2484 quia
4492 2402 4564 2465 in
4625 2402 4757 2466 alio

2804 2508 3042 2570 genere
3078 2496 3289 2552 totum
3324 2488 3567 2570 pariter
3602 2486 3934 2551 hominem
3970 2487 4245 2551 distrahi
4279 2496 4575 2569 spectare
4617 2510 4756 2552 non

2802 2509 3074 2722 {oterat
3166 2571 3271 2638 Ob
3307 2595 3452 2637 eam
3494 2595 3757 2639 causam
3799 2572 3966 2638 libro
4011 2574 4061 2637 Ι.
4111 2575 4338 2649 Taciti,
4383 2574 4558 2638 inter
4599 2595 4756 2655 pro-

2849 2680 2922 2722 ra
2984 2660 3218 2743 Augus
3221 2661 3270 2722 ιι
3347 2660 3428 2724 ab
3504 2658 4039 2725 obtrectatoribus
4115 2671 4493 2724 recensetur
4556 2658 4754 2724 Vedii

2802 2744 3122 2810 Pollionis
3156 2745 3372 2823 luxus,
3410 2744 3583 2827 quod
3619 2746 3759 2811 eius
3784 2747 4034 2810 amicus
4072 2755 4259 2810 esset.
4320 2746 4518 2809 Hunc
4552 2747 4758 2811 etiam

2804 2830 3093 2896 Vedium
3127 2832 3394 2897 Tacitus
3433 2831 3597 2895 libro
3633 2830 3793 2896 XII.
3833 2842 4137 2895 numerat
4170 2832 4343 2896 inter
4377 2831 4760 2914 praevalida

2803 2917 3098 2999 equitum
3139 2939 3562 2982 romanorum
3613 2918 3908 2994 nomina,
3958 2938 4231 2999 quorum
4278 2918 4567 3000 potentia
4610 2920 4758 2983 Au-

2805 3008 2995 3088 gusto
3051 3004 3415 3086 imperante
3478 3003 3781 3086 pollebat.
3870 3003 4096 3069 Miror·
4141 3002 4296 3086 quid
4349 3004 4423 3068 in
4464 3013 4759 3070 mentem

2803 3090 3060 3154 venerit
3113 3091 3419 3167 Erasmo,
3493 3097 3571 3154 ut
3625 3090 3695 3154 ιιι
3751 3089 4038 3156 secunda
4102 3089 4386 3155 editione
4440 3089 4759 3155 Atedium

2803 3197 2920 3259 pro
2967 3175 3175 3240 Vedio
3218 3184 3566 3258 reponeret
3615 3176 3783 3240 libro
3822 3176 3948 3240 III.
3997 3175 4080 3241 de
4115 3176 4259 3255 Ira,
4305 3177 4417 3241 ubi
4460 3176 4758 3242 eiusdem

2806 3262 3116 3327 historiae
3170 3260 3426 3327 Seneca
3480 3262 3814 3340 meminit,
3882 3284 4084 3345 quum
4131 3284 4356 3327 veram
4407 3263 4758 3328 lectionem

2807 3350 3158 3413 asseruerit
3210 3347 3471 3413 Coelius
3524 3314 3942 3432 Rhodiginus
4009 3349 4078 3412 ιιι
4132 3348 4517 3413 lectionibus
4581 3349 4760 3411 anti-

2806 3435 2984 3517 quis,
3045 3435 3246 3500 verba
3298 3435 3502 3516 ipsius
3558 3431 3850 3500 Senecae
3910 3433 4064 3498 licet
4119 3455 4466 3516 suppresso
4522 3443 4758 3498 autore

2805 3521 3110 3584 referens.
3225 3518 3514 3585 Senecae
3590 3520 3792 3584 verba
3859 3529 4036 3584 sunt:
4109 3518 4334 3600 Quum
4402 3522 4755 3602 Augustus

2806 3615 3110 3671 coenaret
3178 3603 3350 3688 apud
3407 3604 3696 3670 Vedium
3762 3605 4157 3684 Pollionem,
4226 3606 4512 3689 fregerat
4575 3627 4757 3670 unus

2805 3692 3262 3791 crystallinum
3304 3714 3386 3756 ex
3432 3693 3655 3757 servis.
3746 3691 3853 3755 Ad
3904 3701 4185 3756 mortem
4235 3693 4378 3774 rapi
4421 3712 4572 3756 eum
4615 3691 4757 3754 Ve-

2806 3777 2951 3842 dius
3004 3777 3223 3856 iussit,
3280 3798 3401 3843 neo
3456 3777 3716 3861 vulgari
3772 3777 4032 3859 quidem
4091 3778 4461 3877 periturum
4521 3785 4751 3841 morte.

2803 3864 3143 3929 Muraenis
3185 3863 3369 3929 obiici
3410 3863 3782 3940 iubebatur,
3828 3885 3989 3945 quas
4029 3864 4262 3946 ingens
4304 3865 4555 3950 piscina
4598 3884 4755 3927 con-

2806 3948 3072 4014 tinebat.
3166 3948 3333 4030 Quis
3379 3971 3509 4014 non
3568 3950 3690 4014 hoc
3749 3957 4007 4031 putaret
4060 3948 4358 4013 luxuriae
4402 3970 4601 4014 eausa
4654 3949 4756 4012 fa-

2804 4035 2995 4101 cere?
3044 4036 3320 4100 saevitia
3363 4043 3518 4099 erat.
3586 4035 3821 4100 Evasit
3863 4057 3898 4098 e
3934 4033 4235 4099 manibus
4270 4056 4451 4133 puer,
4496 4043 4564 4098 et
4597 4055 4755 4099 con-

2802 4122 2974 4205 fugit
3014 4120 3097 4184 ad
3133 4120 3437 4186 Caesaris
3479 4119 3693 4204 pedeS,
3741 4120 3906 4203 nibil
3953 4119 4124 4184 aliud
4172 4122 4513 4202 petiturus,
4551 4141 4755 4202 quam

2804 4217 2879 4272 ut
2933 4207 3123 4272 aliter
3166 4209 3433 4289 periret,
3492 4227 3611 4271 nec
3667 4226 3815 4270 esca
3858 4208 4061 4270 fieret.
4152 4207 4377 4270 Motus
4421 4215 4521 4271 cst
4563 4207 4755 4269 novi-

2803 4300 2937 4358 tate
2982 4291 3383 4358 crudelitatis
3428 4293 3686 4369 Caesar,
3735 4298 3802 4355 et
3837 4292 4024 4356 illum
4069 4291 4332 4374 quidem
4377 4291 4634 4367 dimitti,
4684 4301 4756 4355 et

2801 4379 3186 4462 crystallina
3226 4379 3466 4442 omnia*
3497 4389 3712 4442 coram
3759 4398 3828 4442 se
3874 4377 4088 4461 frangi
4133 4379 4351 4452 iussit,
4409 4377 4755 4459 compleri-

2803 4486 2928 4546 que
2972 4465 3309 4547 piscinam.

2981 4551 3156 4631 Quod
3189 4547 3555 4634 muraenas]
3603 4550 3926 4614 Muraena
3961 4571 4127 4648 quae
4165 4549 4437 4614 Graecis
4469 4572 4755 4633 mecum,

2803 4644 2878 4701 ιιι
2922 4645 3111 4701 autor
3171 4643 3273 4701 est
3313 4635 3558 4712 Varm,
3619 4635 3813 4717 piscis
3867 4636 3934 4698 in
3981 4637 4210 4718 primis
4254 4634 4504 4701 deliciis
4544 4655 4757 4734 quon-

2804 4721 2957 4787 dam
3009 4722 3303 4799 habitus,
3360 4730 3428 4785 et
3470 4722 3580 4802 qui
3625 4742 3801 4786 nunc
3846 4743 4101 4805 quoquo
4145 4722 4216 4785 ιιι
4258 4742 4498 4805 magno
4543 4721 4758 4803 pretio

2802 4830 2920 4873 suo
2958 4817 3251 4890 tempore
3287 4772 3582 4885 habetur,
3622 4815 3937 4889 quantum
3973 4830 4057 4873 ex
4092 4807 4524 4890 descriptione
4549 4806 4759 4871 Plinii

2802 4902 2870 4958 et
2919 4894 3196 4958 aliorum
3252 4913 3603 4977 agnoscere
3668 4914 3948 4975 possum.
4049 4894 4118 4958 Is
4175 4902 4276 4958 est
4328 4914 4521 4976 quem
4585 4892 4757 4956 lam-

2802 4990 3054 5063 pretam
3101 4979 3299 5063 vulgo
3344 4977 3585 5057 dicunt,
3632 5000 3762 5043 non
3807 4979 4090 5043 multum
4134 4979 4468 5045 absimilis,
4496 4978 4757 5061 anguil-

2943 5271 3000 5337 1)
3051 5270 3201 5324 Ead.
3252 5269 3484 5326 Senecae
3524 5272 3752 5325 habeut:
3809 5277 3894 5324 est
3939 5268 4140 5339 aliquid
4194 5271 4337 5338 quod
4383 5271 4435 5323 in
4482 5268 4757 5323 homiuem

2800 5339 2965 5395 licere
3002 5356 3277 5402 commune
3312 5342 3396 5396 ius
3430 5341 3774 5396 animantium
3811 5347 3973 5394 vetet.
