5100 6061
335 389 415 449 so
982 351 990 362 ’
1867 383 2158 448 LIBER
2198 384 2254 451 1.
2342 385 2646 452 CAPUT
2688 385 2814 450 xi.
4253 391 4336 452 90

334 581 486 639 tate.
572 573 648 640 Si
685 575 860 637 enim
895 576 1058 638 istae
1095 574 1514 655 imperiorum
1547 574 1939 638 mutationes
1976 593 2282 657 magnam

332 680 557 725 rerum
626 661 920 724 omnium
988 659 1501 724 vicissitudinem
1572 682 1692 724 sua
1759 668 1995 724 natura
2059 670 2282 742 partu-

331 746 544 823 riunt,
612 766 929 830 magnum
985 762 1083 810 est
1136 767 1255 827 per
1307 767 1407 821 se,
1464 743 1636 826 quod
1677 745 1854 809 Nero
1907 767 1991 810 ne
2039 746 2283 810 stillam

2388 573 2723 637 constituti
2773 574 3044 655 Ephori,
3092 580 3237 652 [pag.
3264 588 3298 639 8
3320 580 3374 653 ι]
3411 576 3520 657 qui
3558 596 3687 639 non
3731 576 4186 658 permitterent
4225 597 4335 640 va-

2389 659 2527 741 gari
2575 659 2824 741 regiam
2869 659 3223 724 libidinem.
3315 660 3486 724 Vide
3529 660 3914 725 Ciceronem
3954 661 4026 724 in
4063 659 4332 726 Officiis.

2567 745 2742 824 Quod
2799 746 3044 809 interest
3115 748 3275 811 inter
3331 752 3674 829 tyrannum
3726 752 3784 811 et
3833 745 4061 833 reyem]
4124 745 4333 827 Quid-

330 830 599 915 quidem
643 832 985 914 sanguinis
1039 832 1310 896 humani
1353 830 1548 908 fudit,
1608 852 1808 913 quum
1864 829 2139 913 adeptus
2185 839 2285 898 est
2390 828 2545 912 quid
2603 838 2702 892 est
2747 828 3180 909 differentiae,
3248 854 3406 897 usus
3460 834 3673 914 potius
3718 854 3913 915 quam
3958 834 4141 898 verbi
4187 842 4331 917 ety-

330 918 705 1002 imperium.
796 918 1047 981 Verum
1091 917 1215 982 hoe
1258 934 1456 1001 auget
1497 916 2051 1000 magnitudinem,
2109 918 2283 1000 quod

331 1024 544 1088 paene
611 1003 825 1069 adhuc
893 1025 1058 1085 puer
1114 1011 1391 1067 aetatem
1460 1002 1808 1086 prudentia
1872 1006 2278 1087 temperavit.

330 1090 503 1155 Nam
552 1089 1015 1172 septemdecim
1054 1097 1247 1154 natus
1279 1110 1484 1153 annos
1520 1088 1826 1154 defuneto
1850 1088 2127 1154 Claudio
2161 1092 2282 1154 im-

328 1177 588 1260 perium
636 1176 937 1258 suscepit.

509 1259 848 1327 Clementia
889 1282 1031 1343 erqo
1074 1281 1193 1324 non
1229 1265 1468 1325 tantum
1502 1260 1901 1348 hmaesciores]
1960 1265 2282 1344 Assump-

328 1358 473 1414 tum
521 1371 636 1413 seu
677 1348 973 1412 intentio.
1063 1348 1229 1411 Erat
1272 1347 1445 1409 enim
1493 1348 1844 1429 propositio
1888 1349 2019 1411 iam
2054 1349 2283 1430 posita,

327 1436 675 1501 certiorem
734 1454 875 1498 esse
944 1432 1208 1516 regibus
1262 1433 1681 1497 securitatem
1751 1454 1830 1496 ex
1900 1442 2281 1499 mansuetu-

328 1521 499 1586 dine.
593 1522 1079 1604 Argumentum
1125 1526 1341 1582 autem
1387 1519 1456 1580 in
1500 1518 1809 1583 suasoriis
1854 1520 1934 1584 ab
1978 1520 2122 1584 utili
2169 1540 2281 1585 va-

325 1607 420 1671 let
472 1608 851 1690 plurimum.
954 1604 1406 1685 Quintilianus
1479 1604 1644 1668 libro
1704 1606 1924 1669 tertio:
1991 1607 2072 1670 In
2131 1628 2280 1671 sua·

326 1692 543 1758 dendo
588 1691 1040 1758 consideratur
1085 1690 1422 1768 honestas,
1470 1689 1706 1754 deinde
1751 1691 2016 1757 utilitas.
2106 1693 2283 1757 Sunt

325 1781 438 1862 qui
461 1778 768 1844 utilitatis
802 1776 1387 1842 considerationem
1408 1775 1482 1839 in
1504 1776 2034 1842 deliberationem
2057 1780 2281 1842 venire

325 1868 535 1932 solam
577 1872 836 1947 putant.

511 1951 960 2017 Ornamentum
1003 1946 1437 2033 imperiorum]
1487 1947 1969 2031 Interpretatu‘o.

510 2038 719 2118 Quum
760 2056 930 2117 reyes
975 2036 1412 2111 consenuerint,
1457 2031 1819 2120 liberisque]
1891 2032 2023 2114 Qui
2066 2036 2280 2119 legiti-

324 2146 514 2188 mum
559 2122 909 2204 imperium
953 2120 1247 2185 obtinent
1291 2128 1358 2184 et
1406 2118 1574 2193 bono
1618 2120 1876 2201 publico
1921 2142 2279 2187 accommo-

325 2209 518 2287 dant,
576 2208 675 2273 illi
728 2215 936 2272 morte
995 2228 1116 2271 sua
1161 2205 1497 2283 occidunt,
1554 2227 1675 2271 nec
1721 2214 1873 2270 ante
1918 2206 2119 2288 diem,
2165 2207 2280 2272 sed

325 2316 524 2379 saepe
568 2296 640 2358 in
685 2294 813 2357 otio
854 2301 920 2356 et
961 2312 1117 2375 pace
1161 2298 1649 2357 consenescunt.
1740 2292 2032 2357 Tandem
2079 2315 2279 2377 quum

324 2390 606 2447 naturae
669 2379 922 2463 legibus
973 2375 1338 2443 cedendum
1382 2383 1509 2455 est,
1565 2399 1844 2461 regnum
1897 2378 2282 2462 relinquunt

324 2467 621 2531 familiae
676 2486 831 2531 suae
883 2462 1415 2529 haereditarium.
1520 2463 1918 2528 Devolvitur
1956 2465 2032 2533 in
2087 2466 2275 2545 filios,

325 2576 365 2618 a
408 2554 566 2618 filiis
602 2561 870 2635 nepotes
915 2550 1257 2633 accipiunt.
1326 2549 1624 2633 Tyranni
1669 2550 1982 2633 quamdiu
2024 2552 2275 2629 vivunt,

324 2639 779 2714 exsecrabiles,
815 2635 1032 2721 gladio
1059 2636 1318 2718 saepius
1346 2636 1782 2700 absumuntur
1801 2658 1997 2719 quam
2032 2639 2273 2703 morbo,

324 2724 442 2792 Sic
485 2734 797 2790 exercent
840 2721 1197 2787 violentam
1229 2727 1637 2804 potestatem,
1685 2731 1760 2786 ut
1794 2745 1924 2787 non
1962 2731 2278 2806 perpetua

323 2813 427 2877 sit.
519 2812 649 2875 Est
692 2830 848 2893 ergo
891 2808 1075 2872 loeus
1120 2829 1204 2872 ex
1257 2806 1628 2873 contrariis:
1682 2808 1968 2891 primum
2012 2810 2277 2891 ponitur

322 2897 715 2981 propositio,
762 2915 951 2979 reges
997 2913 1484 2971 consenescere,
1531 2902 1964 2975 tyrannorum
2008 2894 2278 2961 brevem

321 3006 467 3051 esse
513 2992 921 3066 potestatem,
968 3001 1095 3062 qua
1135 2980 1460 3045 contraria
1502 2980 1674 3044 inter
1714 3002 1785 3046 se
1829 2982 2275 3048 conferuntur.

321 3070 647 3153 Sequitur
690 3067 1057 3132 differentia
1090 3069 1263 3130 inter
1298 3087 1367 3130 re
1414 3088 1518 3130 em
1554 3080 1618 3130 et
1654 3075 2030 3151 tyrannum.
2105 3069 2276 3132 Tum

323 3157 672 3222 subiicitur
713 3155 852 3219 eius
907 3152 1310 3228 differentiae
1357 3151 1725 3219 ilustrati0.
1817 3152 2013 3234 Quod
2058 3163 2276 3219 autem

321 3243 434 3308 hic
494 3241 749 3307 Seneca
802 3238 961 3304 dicit
1018 3261 1205 3322 reges
1258 3238 1479 3303 liberis
1535 3260 1611 3303 ac
1673 3237 2015 3322 nepotibus
2071 3261 2277 3324 regna

364 3329 517 3393 uasi
559 3348 676 3410 per
719 3347 953 3390 manus
997 3325 1272 3401 tradere,
1320 3346 1401 3389 ex
1445 3325 1587 3388 iure
1626 3326 1922 3408 gentium
1967 3327 2273 3391 trahitur.

388 3414 525 3478 uod
587 3413 921 3477 Homerus
1000 3411 1334 3494 eleganter
1408 3411 1736 3493 significat
1798 3412 1920 3478 hoc
1985 3412 2276 3477 carmine

319 3499 596 3565 flliados
636 3502 730 3581 β.·

569 3583 759 3634 Εἵλετο
796 3581 862 3633 δὲ
900 3583 1173 3650 σκῆπτρον
1207 3577 1481 3648 πατρώϊον
1516 3577 1751 3650 ἄλφιτον
1786 3583 1909 3634 αἰεί.

320 3672 452 3738 Ubi
500 3679 569 3736 et
610 3672 916 3754 patrium,
964 3679 1030 3732 et
1071 3670 1525 3751 incorruptum
1568 3677 1898 3750 sceptrum
1945 3678 2145 3735 vocat.

506 3775 947 3857 Tyrannorum
988 3770 1214 3858 brevis]
1262 3772 1408 3837 Hoc
1450 3771 1659 3837 voluit
1702 3772 2062 3837 Iuvenalis:

464 3877 551 3930 Ad
587 3892 842 3945 generum
878 3874 1087 3929 Cereris
1125 3877 1237 3930 sine
1276 3874 1440 3928 caede
1478 3881 1534 3926 et
1570 3875 1826 3941 sanguine
1861 3876 2019 3941 pauci

464 3945 815 4000 Descendunt
848 3961 1025 4013 reges»,
1061 3953 1116 3998 et
1152 3960 1314 3998 saeva
1350 3949 1523 3996 morte
1563 3942 1787 4011 tyranni.

326 4032 420 4096 Et
459 4030 719 4097 Seneca
761 4030 1079 4112 Tragicus
1122 4031 1193 4093 in
1235 4023 1499 4093 Medea':

638 4133 826 4201 Iniqua
860 4149 1127 4200 nunquam
1163 4149 1331 4200 regna
1364 4139 1631 4200 perpetuo
1667 4141 1898 4185 manent.

322 4222 417 4286 Et
460 4222 530 4285 in
573 4219 862 4284 Nerone:
893 4219 940 4303 ¹)

943 4321 1045 4376 Ubi
1081 4339 1186 4374 non
1225 4329 1309 4375 est
1343 4321 1534 4389 pudor,

672 4392 786 4445 Nec
824 4407 949 4444 cura
985 4393 1131 4456 iuris,
1168 4391 1360 4457 pietas,
1397 4391 1672 4457 sanctitas,
1710 4388 1861 4456 fides,

669 4460 924 4514 Instabile
960 4476 1181 4528 regnum
1217 4467 1317 4513 est.

325 4547 550 4614 Subiit
602 4547 985 4611 memoriam
1045 4545 1261 4610 nobile
1325 4544 1489 4609 illud
1558 4543 1832 4609 dictum‘
1870 4545 2274 4628 Theopompi

322 4632 993 4700 Lacedaemoniorum
1037 4632 1238 4714 regis:
1284 4632 1389 4696 cui
1434 4652 1633 4712 quum
1678 4631 1759 4696 ab
1797 4652 1999 4695 uxore
2035 4632 2274 4713 probro

323 4721 743 4794 obiicerem,
796 4717 966 4800 quod
1022 4725 1194 4793 esset
1247 4717 1560 4782 humilius
1616 4737 1898 4800 regnum
1939 4716 2092 4781 filiis
2138 4726 2273 4781 tra-

323 4806 580 4871 diturus
604 4855 621 4883 ,
677 4825 871 4887 quam
915 4804 1055 4886 ipse
1100 4803 1479 4886 accepisset:
1540 4801 1901 4886 respondit,
1950 4823 2024 4867 eo
2066 4803 2274 4887 igitur

322 4893 567 4970 maius,
633 4911 762 4972 quo
826 4889 1216 4954 diuturnius.
1314 4889 1529 4953 Erant
1591 4890 1767 4953 enim
1822 4908 1898 4952 eo
1954 4898 2272 4972 regnante

460 5113 523 5175 1)
562 5112 672 5165 Ed.
709 5114 911 5165 Amet„-
945 5114 1000 5165 in
1026 5111 1109 5164 Th
1148 5119 1280 5178 este,
1425 5110 1463 5163 d
1483 5112 1703 5164 omnino
1727 5110 2086 5178 probandum.
2147 5112 2270 5164 Ver-

322 5197 418 5236 m
459 5181 550 5235 ἰαί
590 5183 733 5234 enim
778 5180 1030 5248 loquatur
1146 5181 1157 5191 “
1198 5196 1246 5233 v.
1282 5177 1316 5230 2
1353 5179 1479 5233 5⁸⁸.
1550 5180 1801 5232 *Neronis
1846 5196 2039 5233 nomen
2152 5183 2273 5236 ocal

324 5251 492 5306 dubio
528 5250 732 5305 calami
764 5250 951 5317 lapsui
984 5249 1218 5304 debetur.
1277 5247 1555 5301 Caeterum
1591 5249 1775 5300 eadem
1812 5250 2052 5303 Amstelo
2093 5265 2270 5302 amen-

325 5324 405 5373 eio
436 5317 712 5373 mendac.-
751 5320 1025 5388 sanctitas,
1060 5320 1251 5387 pietas,
1276 5316 1501 5383 jubente
1535 5316 1643 5384 leye
1671 5318 1981 5384 prosodiaci.

2388 936 2541 979 mon
2579 922 2693 978 aut
2731 918 3090 999 proprietas
3127 919 3482 982 constituit.
3548 919 3897 1003 Tyrannus
3933 920 4106 983 enim
4145 940 4332 1003 grae-

2388 1022 2535 1066 cum
2581 1011 2712 1078 est,
2773 1000 3135 1067 derivatum
3181 1026 3220 1068 a
3264 1002 3462 1069 verbo
3506 1014 3739 1068 neutro
3782 1012 4106 1088 τυραννέω,
4164 1004 4334 1087 quod

2386 1086 2518 1150 illis
2562 1088 2887 1168 imperare
2931 1089 3270 1171 significat.
3339 1089 3534 1155 Unde
3578 1090 3898 1155 Isocrates
3933 1092 3999 1154 in
4033 1089 4331 1179 Εὐαγόρᾳ,

2387 1170 2724 1256 τυραννικὸν
2781 1170 2951 1236 dixit
3005 1194 3122 1256 pro
3178 1173 3557 1239 dominandi
3613 1177 3840 1257 peritO.
3941 1177 4031 1239 Et
4077 1178 4330 1240 Aristo-

2388 1258 2635 1340 phanes
2690 1259 2760 1320 in
2803 1259 3087 1323 nubibus
3143 1268 3331 1325 vocat
3381 1258 3740 1342 ὑψιμέδοντα
3795 1264 3912 1323 τῶν
3955 1265 4123 1325 θεῶν
4167 1265 4334 1339 Ζῆνα

2386 1344 2677 1426 τύραννον.
2770 1342 3152 1427 Sophocles:

2769 1430 2939 1497 Σοφοὶ
2975 1427 3230 1497 τύραννοι
3265 1433 3376 1482 τῶν
3412 1432 3606 1498 σοφῶν
3642 1438 3917 1499 συνουσίᾳ.

2386 1516 2532 1580 Hoc
2589 1523 2656 1579 et
2710 1513 2989 1581 Servius
3053 1526 3331 1582 testatur
3404 1519 3474 1581 in
3532 1519 3806 1600 septimo
3870 1520 4336 1584 commentario

2387 1600 2716 1665 Aeneidos
2773 1602 2958 1667 euius
3008 1602 3205 1667 verba
3245 1613 3425 1667 sunt:
3490 1604 3684 1686 Apud
3731 1605 4020 1670 Graecos
4066 1605 4334 1687 tyranni

2387 1695 2453 1750 et
2495 1687 2669 1771 regis
2716 1688 2898 1752 nulla
2935 1688 3235 1753 discretio
3272 1697 3388 1766 est,
3427 1688 3579 1754 licet
3612 1689 3784 1772 apud
3822 1713 3937 1755 nos
3971 1690 4331 1769 incubator,

2385 1774 2642 1855 imperii
2700 1784 3024 1858 tyrannus
3083 1774 3350 1839 dicat-ur.
3440 1775 3568 1838 His
3614 1777 3769 1840 satis
3814 1777 4186 1841 confutatus
4233 1785 4333 1841 est

2385 1879 2570 1922 error
2625 1859 2844 1922 Verrii
2902 1860 3155 1937 Flacci,
3217 1862 3326 1943 qui
3384 1862 3648 1943 scripsit
3704 1871 4020 1944 tyrannos
4066 1862 4147 1926 ab
4193 1862 4331 1926 He-

2386 1947 2624 2010 truscis
2667 1945 3041 2027 appellatos,
3088 1948 3200 2028 qui
3247 1956 3312 2011 et
3356 1947 3688 2031 Tyrrheni
3732 1968 3769 2010 a
3813 1947 4158 2029 Tyrrheno
4195 1948 4331 2032 Ly-

2386 2028 2620 2094 dorum
2663 2031 2841 2095 ‘duce
2907 2030 3062 2097 dicti
3118 2041 3301 2110 sunt,
3360 2034 3512 2115 quia
3566 2054 3725 2116 gens
3771 2033 3886 2097 illa
3929 2032 4331 2098 crudelitatis

2386 2118 2649 2180 nomine
2706 2117 2948 2180 famata
3004 2118 3141 2182 fuit.
3241 2118 3473 2200 Itaque
3528 2128 3595 2182 et
3648 2129 3908 2184 autores
3962 2118 4148 2182 latini
4208 2118 4330 2184 hac

2386 2201 2667 2267 dictione
2703 2203 3080 2284 frequenter
3117 2205 3217 2268 usi
3254 2218 3406 2269 sunt
3442 2206 3512 2267 in
3549 2204 3782 2268 bonam
3820 2213 4093 2287 partem.
4161 2204 4329 2268 Ver-

2384 2287 2592 2371 gelius
2635 2286 2961 2352 Aeneidos
3009 2297 3262 2371 quarto:

2557 2390 2636 2513 gg
2671 2400 2897 2457 propter
2935 2390 3168 2460 Libycae
3207 2402 3411 2460 genteS,
3449 2392 3854 2457 Nomadumque
3890 2393 4102 2445 tvmnni

2641 2475 2748 2513 ere.

2381 2546 2471 2609 Et
2516 2544 2585 2608 in
2633 2547 2935 2627 septimo:

2553 2631 2688 2683 Pars
2724 2632 2852 2684 mihi
2887 2632 3037 2699 pacis
3075 2633 3192 2698 erit,
3231 2631 3474 2685 dextram
3516 2632 3756 2698 tetigisse
3794 2634 4018 2701 tyranni.

2380 2716 2700 2780 Horatius
2745 2715 2870 2780 III.
2918 2716 3333 2781 Carminum:

2789 2800 2888 2868 Qui
2926 2801 3257 2855 Formiarum
3297 2804 3505 2856 moenia
3541 2803 3732 2856 dicitur

2792 2870 2982 2924 Prince
3026 2887 3067 2937 s,
3106 2878 3162 2924 et
3195 2872 3465 2923 innantem
3501 2870 3741 2924 Maricae

2791 2938 2986 2991 Littori
3026 2955 3089 2992 us
3125 2940 3360 2992 tenuisse
3397 2938 3576 3006 Lyrim

2793 3008 2928 3061 Late
2967 3015 3240 3077 tyrannus

2382 3093 2642 3161 Statius
2686 3093 2776 3157 II.
2824 3093 3213 3158 Thebaidos:

2622 3178 2702 3232 Ne
2741 3181 2904 3234 toties
2939 3182 3146 3234 incerta
3181 3179 3380 3246 ferant,
3411 3188 3705 3248 nutentque
3743 3188 4016 3248 gementes

2621 3247 2869 3316 Imperia,
2908 3256 2961 3302 et
2998 3249 3157 3302 dubio
3196 3248 3376 3316 pigeat
3413 3265 3602 3316 parere
3640 3257 3884 3317 tyranno.

2382 3334 2556 3399 Vide
2616 3335 3072 3418 Augustinum
3121 3331 3230 3397 lib.
3277 3333 3366 3398 II.
3427 3344 3491 3398 et
3544 3334 3709 3399 libro
3752 3335 3835 3399 V.
3907 3334 3986 3399 de
4041 3333 4326 3400 civitate

2380 3421 2525 3485 Dei.
2631 3419 2776 3483 Iam
2831 3441 2985 3485 vero
3040 3441 3199 3485 usus
3252 3419 3534 3484 obtinuit
3592 3429 3952 3504 tyrannum
3997 3419 4154 3499 dici,
4213 3423 4328 3504 qui

2382 3517 2613 3570 contra
2665 3527 2934 3570 suorum
2991 3505 3395 3570 voluntatem
3452 3505 3855 3585 dominatur,
3923 3515 4038 3571 aut
4088 3508 4328 3572 intem-

2380 3598 2691 3674 peranter
2735 3603 2993 3656 exercet
3034 3600 3443 3675 potestatem,
3491 3601 3565 3656 ut
3604 3594 3688 3656 sit
3729 3614 3966 3657 nomen
4013 3593 4174 3658 vitii.
4242 3593 4333 3657 Et

2316 3747 2320 3752 ,
2381 3677 2474 3741 sio
2530 3676 2805 3742 Graecis
2865 3677 3357 3761 distinguuntur
3408 3670 3683 3762 τύραννος
3742 3683 3842 3740 καὶ
3893 3677 4202 3762 βασιλεῦς,
4257 3687 4331 3743 ut

2381 3763 2570 3827 nobis
2611 3783 2730 3826 rex
2774 3769 2840 3827 et
2886 3772 3223 3847 tyrannus.
3326 3763 3482 3828 Ideo
3528 3763 3729 3829 Solon
3784 3765 4009 3831 scribit
4051 3759 4332 3848 quodam

2380 3849 2666 3914 carmine
2722 3870 2791 3912 se
2846 3849 3176 3914 horruisse
3219 3850 3506 3914 nominis
3548 3851 3917 3928 infamiam,
3974 3871 4178 3932 quum
4221 3858 4329 3933 ty-

2381 3933 2725 3998 rannidem
2788 3935 2960 3998 ultro
3015 3955 3054 3998 a
3109 3935 3361 4001 civibus
3428 3938 3563 4001 suis
3633 3936 3918 4000 oblatam
3969 3943 4325 4019 respueret.

2381 4019 2766 4084 Aristoteles
2801 4020 2994 4084 VHI.
3031 4020 3420 4085 Ethicorum
3461 4023 3643 4105 ponit
3686 4020 4105 4104 tyrannidem
4139 4022 4329 4105 regni

2382 4107 2985 4189 transgressionem.
3077 4107 3167 4169 Et
3209 4107 3634 4172 Politicorum
3670 4107 3826 4170 111.:
3886 4106 4140 4172 Vocare
4175 4129 4328 4172 con-

2382 4192 2732 4270 suevimus,
2779 4213 2980 4274 quum
3026 4214 3195 4256 unus
3242 4191 3321 4257 ad
3368 4213 3776 4257 communem
3823 4193 4171 4258 utilitatem
4207 4215 4327 4277 gu-

2376 4275 2636 4356 bernat,
2696 4299 2767 4342 re
2819 4278 2943 4341 'am
2998 4286 3403 4361 potestatem.
3495 4276 3718 4358 Quum
3761 4299 3918 4344 vero
3974 4280 4162 4361 pauci
4206 4301 4327 4363 gu-

2380 4362 2679 4439 bernant,
2727 4386 2769 4447 p
2798 4386 2947 4429 ures
2993 4384 3210 4428 tamen
3254 4386 3402 4442 uno,
3450 4365 3862 4446 optimatium
3904 4365 4326 4448 gubernatio-

2378 4470 2548 4513 nem.
2640 4447 2866 4529 Quum
2911 4459 3127 4514 autem
3171 4448 3522 4513 multitudo
3571 4448 3650 4513 ad
3695 4471 4106 4516 communem
4147 4451 4324 4515 utili-

2380 4541 2580 4598 tatem
2639 4537 2994 4618 gubernat,
3046 4537 3123 4599 fit
3179 4533 3555 4618 respublica.
3656 4536 4008 4601 Labuntur
4054 4558 4205 4601 vero
4260 4545 4327 4601 et

2378 4620 2961 4703 transgrediuntur
3003 4619 3379 4686 huiusmodi
3419 4621 3682 4703 speeies,
3727 4643 3810 4685 ex
3844 4624 4030 4707 regia
4064 4622 4326 4705 quidem

2378 4705 2847 4789 gubernatione
2889 4708 2959 4770 in
3005 4705 3437 4791 tyrannidem,
3484 4730 3563 4771 ex
3602 4708 4023 4790 optimatibus
4057 4710 4122 4772 in
4160 4730 4323 4791 pau-

2378 4812 2604 4856 corum
2661 4792 3046 4874 potentiam,
3104 4814 3188 4857 ex
3243 4793 3574 4875 republica
3628 4796 3696 4857 in
3750 4796 4132 4877 popularem
4188 4803 4321 4859 sta—

2378 4887 2537 4942 tum.
2639 4876 2815 4942 Sunt
2870 4889 3088 4944 autem
3147 4879 3392 4943 multae
3460 4880 3705 4962 species
3771 4881 4170 4964 tyrannidis,
4240 4881 4322 4947 de

2376 4963 2615 5045 quibus
2661 4963 2832 5028 idem
2876 4963 3039 5028 libro
3082 4964 3312 5046 quinto
3371 4965 3645 5031 disserit.
3737 4965 3964 5031 Cicero
4009 4967 4078 5029 in
4124 4967 4320 5048 Topi-

2376 5049 2500 5114 cis:
2546 5050 2657 5113 Ex
2711 5050 2916 5114 altero
2972 5071 3212 5133 genere
3252 5051 3423 5133 quod
3466 5061 3606 5116 erat
3648 5051 4056 5133 bipertitum,
4112 5075 4318 5117 unum

2376 5143 2475 5199 est
2519 5134 2599 5198 de
2655 5133 2910 5214 eodem,
2952 5143 3021 5199 et
3064 5136 3144 5200 de
3190 5137 3343 5201 alio:
3400 5147 3478 5200 ut
3520 5139 3574 5201 si
3621 5146 3974 5219 quaeratur
4016 5138 4171 5219 quid
4215 5139 4317 5203 in-

2375 5221 2565 5284 tersit
2619 5222 2789 5284 inter
2841 5222 3122 5286 amicum
3176 5230 3240 5286 et
3287 5232 3780 5300 assentatorem,
3839 5243 4061 5305 regem
4107 5233 4173 5288 et
4213 5233 4317 5310 ty-

2375 5305 2700 5370 rannum?
2749 5304 3001 5389 Seneca
3040 5310 3107 5372 in
3154 5311 3672 5392 Agamemnone:
