5100 6061
726 363 807 425 59
1526 366 1537 375 ·
2367 346 2495 412 nn
2540 344 3085 419 onmnm
4617 295 4716 410 eo

722 547 1150 631 magistratus
1206 545 1406 608 fuisse
1465 540 1856 619 ordinarios,
1914 547 1982 604 et
2034 544 2282 605 creatos
2328 558 2367 600 a
2410 534 2665 618 popule,

724 653 1000 717 quorum
1023 632 1198 695 vices
1243 637 1469 713 postea
1510 634 1848 693 cesserunt
1889 624 2269 689 triumviris.
2365 626 2535 718 [pag3
2556 625 2665 699 48]

695 721 818 793 ‚At
858 738 1013 783 vero
1065 722 1372 798 quaestor
1427 716 1609 779 cuius
1657 712 1982 777 Asconius
2038 709 2368 784 meminit,
2428 729 2543 789 qul
2602 722 2668 770 et

722 808 1066 887 quaesitor,
1104 812 1173 866 et
1201 800 1398 867 iudex
1434 799 1828 883 quaestionis
1862 795 2225 879 appellatur
2260 815 2299 858 a
2332 792 2666 871 Cicerone,

721 889 1113 972 intelligitur
1156 888 1430 952 Praetor
1474 886 1789 961 urbanus,
1845 884 1949 947 cui
2006 879 2518 946 demandabatur
2560 899 2668 943 ea-

722 975 870 1040 dem
915 981 1087 1039 sorte
1131 993 1289 1037 cura
1329 971 1737 1055 publicorum
1782 967 2199 1043 iudiciorum,
2252 986 2379 1048 qua
2435 964 2666 1029 sortie-

719 1062 913 1126 batur
956 1058 1269 1124 urbanam
1312 1056 1728 1140 provinciam.
1798 1053 2027 1119 Cicero
2074 1054 2144 1115 in
2186 1051 2510 1116 Praetura
2554 1070 2665 1113 ur-

720 1145 917 1211 bana:
964 1146 1137 1209 Ecce
1177 1152 1395 1207 autom
1439 1142 1569 1205 illis
1613 1141 1775 1222 ipsis
1816 1138 2045 1204 diebus
2085 1159 2292 1220 quum
2335 1143 2668 1220 praetores

722 1231 1047 1314 designati
1090 1230 1498 1305 sortirentur,
1545 1234 1613 1291 et
1648 1225 1960 1290 Marcello
2002 1224 2344 1305 obtigisset
2378 1237 2455 1286 ut
2487 1223 2544 1285 is
2584 1220 2665 1285 de

719 1316 1011 1400 pecuniis
1067 1313 1445 1396 repetundis
1497 1321 1866 1395 quaereret,
1927 1310 2276 1374 nunciatur
2316 1307 2481 1372 mihi
2520 1314 2666 1370 tan-

720 1412 854 1467 tam
910 1401 1412 1485 gratulationem
1464 1400 1576 1465 isti
1628 1419 1769 1462 esse
1822 1397 2057 1491 iactam
2076 1446 2090 1471 ,
2162 1401 2233 1458 ut
2296 1395 2352 1458 is
2412 1414 2665 1475 quoque

722 1488 984 1552 domum
1023 1507 1258 1569 pueros
1294 1487 1585 1549 mitteret
1617 1484 1729 1566 qui
1764 1483 1955 1547 uxori
1990 1501 2146 1546 suae
2180 1482 2662 1549 renunciarent.

718 1572 977 1640 Deinde
1043 1572 1330 1647 subiicit:
1398 1570 1551 1634 Duo
1605 1570 1807 1652 igitur
1861 1567 2160 1632 consules
2216 1573 2283 1632 et
2337 1566 2667 1647 quaesitor

719 1667 916 1724 erunt
957 1679 1039 1723 ex
1083 1658 1260 1722 illius
1303 1657 1658 1721 voluntate.
1750 1658 1961 1719 Autor
2004 1660 2105 1718 est
2162 1653 2356 1716 etiam
2401 1651 2665 1716 Plutar-

717 1745 882 1810 chus
925 1744 1260 1808 Licinium
1304 1742 1603 1807 Macrum
1647 1761 1835 1804 reum
1878 1740 2213 1822 peculatus
2257 1744 2475 1801 actum
2521 1757 2663 1800 esse

719 1830 893 1914 apud
959 1829 1345 1894 Ciceronem
1409 1834 1803 1909 praetorem,
1883 1833 1950 1888 et
2011 1823 2313 1903 omnibus
2376 1821 2669 1887 iudicum

719 1915 1062 1982 sententiis
1107 1912 1505 1977 damnatum.
1594 1912 1771 1977 Hinc
1828 1910 2003 1993 apud
2045 1922 2304 1975 autores
2347 1908 2667 1991 praetoris

717 2023 958 2067 nomen
1014 2020 1133 2083 pro
1184 2000 1544 2081 quaesitore
1603 2018 1793 2079 saepe
1849 1998 2130 2080 ponitur.
2222 1995 2452 2060 Cicero
2496 1994 2666 2056 Ver-

718 2089 867 2152 rina
921 2084 1232 2151 secunda:
1291 2082 1733 2164 Quamobrem
1774 2104 1929 2148 vero
1973 2104 2042 2147 se
2086 2080 2371 2148 confidat
2423 2077 2670 2161 aliquid

718 2174 1033 2256 proficere
1079 2191 1264 2252 posse
1309 2171 1431 2233 1166
1476 2169 1833 2233 Glabrione
1876 2179 2195 2251 praetore,
2240 2177 2309 2230 et
2352 2166 2473 2230 hoc
2514 2187 2682 2257 con--

721 2258 883 2336 silio,
930 2256 1296 2339 intelligere
1330 2276 1471 2319 non
1516 2276 1799 2339 possum.
1888 2254 2255 2318 Iuvenalis:

1270 2367 1450 2419 Prima
1488 2374 1573 2420 est
1604 2367 1742 2420 haec
1776 2366 1929 2434 ultio,
1965 2365 2106 2433 quod
2146 2379 2204 2418 se

929 2436 1109 2490 Iudice
1147 2452 1303 2488 nemo
1339 2451 1541 2488 nocens
1578 2435 1891 2502 absolvitur,
1929 2434 2173 2501 improba
2208 2433 2449 2500 quamvis

929 2505 1116 2559 Gratia
1150 2504 1362 2558 fallacis
1398 2505 1665 2571 praetoris
1700 2504 1890 2557 vicerit
1924 2519 2127 2556 urnam.

718 2598 1091 2664 Paedianus
1167 2600 1235 2661 in
1305 2596 1684 2662 Orationem
1752 2617 1869 2678 pro
1935 2593 2213 2661 Scauro:
2289 2595 2669 2661 Postulatus

722 2683 898 2769 apud
960 2685 1260 2749 Marcum
1326 2683 1643 2748 Catonem
1708 2690 2076 2765 praetorem
2140 2679 2666 2764 repetundarum,

721 2780 801 2834 ut
854 2772 924 2833 in
978 2770 1136 2834 actis
1195 2771 1506 2851 scriptum
1564 2776 1679 2832 est.
1769 2767 1957 2834 Idem
2014 2769 2082 2831 in
2137 2768 2495 2832 orationem
2550 2787 2669 2849 pro

723 2856 1053 2922 Cornelio:
1111 2853 1434 2920 Iudicium
1492 2854 1560 2917 id
1616 2856 1910 2920 exercuit
1965 2854 2045 2934 Q.
2093 2854 2327 2918 Gallus
2387 2862 2666 2935 praetor.

720 2941 900 3006 Illud
944 2941 1140 3005 etiam
1185 2939 1587 3017 addendum,
1631 2961 1833 3022 quum
1878 2948 2065 3004 ext-ra
2108 2938 2402 3003 ordinem
2448 2937 2667 3003 decer-

722 3028 1002 3094 nebatur
1057 3027 1375 3110 quaestiO,
1442 3027 1646 3092 fuisse
1711 3037 1963 3091 creatos
2028 3024 2111 3089 ad
2175 3023 2243 3088 id
2296 3034 2668 3107 quaestores

722 3115 1034 3196 suffragio
1088 3112 1338 3196 populi,
1397 3111 1938 3195 quemadmodum
1994 3111 2114 3176 On.
2150 3112 2491 3175 ‘Domitius
2535 3112 2666 3183 Ae-

722 3199 1159 3265 nobarbus‘in
1204 3219 1400 3264 causa
1442 3198 1713 3263 Milonis
1757 3199 2033 3262 comitiis
2075 3208 2330 3262 creatus
2376 3205 2501 3273 est,
2553 3196 2666 3260 ubi

721 3295 909 3350 extra
947 3284 1245 3349 ordinem
1288 3283 1368 3349 de
1412 3282 1761 3349 homicidio
1801 3284 2252 3366 quaerebatur.

896 3371 1141 3436 Eadem
1212 3368 1338 3453 leye
1403 3375 1696 3448 teneatur,
1763 3390 1892 3451 qua
1946 3366 2302 3455 quaeritur]
2371 3369 2667 3432 Dicimus

721 3457 903 3521 onim
971 3456 1193 3537 quaeri
1257 3455 1403 3538 lege
1460 3455 1632 3519 Iulia
1694 3455 2086 3532 maiestatis,
2152 3454 2295 3537 lege
2351 3454 2521 3518 Iulia
2588 3452 2665 3517 de

721 3541 1085 3619 adulteriis,
1141 3541 1288 3624 lege
1339 3539 1648 3605 Cornelia
1699 3539 1780 3604 de
1832 3540 2107 3616 sicariis,
2166 3540 2309 3623 lege
2353 3539 2668 3622 Pompeia

722 3627 803 3691 de
846 3625 1240 3709 parricidiis,
1286 3635 1353 3690 et
1396 3626 1744 3703 similibus,
1803 3647 2079 3708 eumque
2130 3619 2338 3691 te'neri
2391 3626 2664 3708 legibus,

720 3714 832 3797 qui
877 3715 964 3779 sit
1001 3713 1338 3778 convictus
1380 3713 1592 3777 laesae
1628 3713 2000 3788 maiestatis,
2047 3711 2321 3789 adulter,
2367 3718 2481 3776 aut
2515 3731 2664 3792 par-

720 3798 944 3877 ricida,
992 3807 1107 3866 aut
1147 3820 1279 3862 uno
1324 3819 1406 3862 ex
1452 3797 1660 3880 capite
1703 3798 1865 3881 legis
1910 3796 2267 3862 Corneliae.

899 3885 1392 3965 Quotusquisque
1428 3891 1747 3949 accusator
1779 3890 1959 3948 vacat
2005 3881 2219 3970 culpa]
2282 3882 2513 3949 Cicero
2560 3904 2666 3948 66-

721 3972 897 4036 tione
941 3971 1170 4053 quinta
1210 3971 1282 4034 in
1328 3970 1632 4044 Verrem:
1691 3969 1943 4036 Omnes
1986 3971 2100 4052 qui
2143 3971 2451 4045 alterum,
2495 3966 2666 4033 iudi-

721 4077 847 4134 ces,
894 4056 1097 4121 nullis
1147 4056 1411 4138 impulsi
1457 4057 1845 4132 inimicitiis,
1904 4057 2089 4122 nulla
2139 4057 2447 4138 privatim
2503 4055 2666 4119 laesi

719 4141 981 4219 iniuria,
1026 4142 1208 4206 nullo
1251 4142 1538 4224 praemio
1584 4140 1848 4208 adducti
1890 4143 1957 4205 in
2001 4139 2315 4206 iudicium
2355 4139 2664 4222 reipubli-

721 4249 833 4292 666
877 4248 1074 4293 66666
1119 4237 1368 4305 vocant,
1415 4227 1755 4310 providere
1798 4226 2040 4292 debent
2081 4249 2215 4291 uon
2261 4227 2474 4291 solum
2508 4224 2662 4308 quid

719 4315 936 4378 oneris
991 4315 1064 4376 in
1114 4315 1446 4396 praesenti
1502 4314 1765 4391 tollant,
1824 4313 1939 4378 sed
1990 4315 2186 4377 etiam
2229 4322 2552 4395 quantum
2595 4313 2665 4375 in

648 4459 654 4466 .
720 4420 983 4463 omnem
1018 4401 1226 4464 vitam
1261 4401 1598 4482 negotium
1644 4401 1972 4482 suscipere
2008 4408 2345 4465 conentur:
2414 4399 2665 4481 Legem

720 4488 897 4551 enim
962 4485 1082 4549 sibi
1142 4486 1266 4566 ipsi
1329 4483 1632 4551 indicunt
1694 4486 2106 4550 innocentiae
2124 4537 2141 4563 ,
2207 4485 2663 4554 continentiae.

719 4574 1172 4652 virtutumque
1215 4571 1538 4648 omnium,
1598 4573 1708 4653 qui
1753 4573 1834 4636 ab
1877 4572 2082 4636 altero
2127 4571 2446 4635 rationem
2491 4571 2666 4634 vitae

720 4663 1087 4741 reposcunt.
1176 4653 1460 4719 Ibidem:
1516 4654 1756 4721 Omnia
1798 4666 2125 4740 postremo
2167 4677 2331 4738 quae
2376 4653 2665 4720 vindica-

720 4742 815 4808 ris
855 4743 929 4806 in
969 4742 1281 4816 alterum,
1329 4740 1449 4804 tibi
1466 4781 1473 4788 ·
1489 4743 1615 4823 ipsi
1665 4743 2083 4808 vehementer
2125 4740 2434 4825 fugienda
2490 4751 2662 4805 sunt.

719 4828 989 4893 Etenim
1033 4849 1166 4892 non
1209 4824 1402 4891 modo
1446 4837 1795 4905 accusator,
1843 4826 1955 4893 sed
1992 4848 2075 4892 ne
2111 4829 2484 4910 obiurgator
2519 4826 2667 4908 qui-

722 4912 876 4978 dem
923 4911 1234 4978 ferendus
1285 4922 1395 4982 est
1439 4912 1498 4978 is
1550 4913 1663 4995 qui
1709 4911 1880 4994 quod
1921 4915 1993 4978 in
2035 4913 2239 4978 altero
2283 4912 2519 4978 vitium
2564 4930 2667 4974 re-

720 4996 1098 5082 prehendit,
1154 4999 1225 5063 in
1270 5018 1345 5062 eo
1389 4999 1529 5081 ipse
1572 4997 2088 5081 reprehenditur.
2182 4997 2257 5065 Si
2313 4999 2517 5081 igitur
2561 5017 2668 5063 66-

722 5092 986 5148 cusator
1019 5094 1085 5148 et
1124 5082 1328 5149 iudex
1361 5085 1432 5147 in
1467 5082 1694 5148 eadem
1737 5084 1983 5149 scelera
2014 5084 2462 5168 prolabuntur,
2502 5103 2669 5165 quae

2950 532 3351 599 Peccavimus
3404 533 3641 622 omnes]
3701 535 3845 599 Iam
3903 557 4036 600 non
4081 534 4162 598 de
4206 532 4528 601 iudicibus
4573 540 4715 598 tan-

2772 628 2912 683 tum
2958 628 3073 683 aut
3116 620 3595 686 accusatoribus
3652 622 4071 702 pronunciat:
4131 619 4248 686 sed
4303 618 4589 684 ostendit
4629 620 4715 682 ir-

2773 704 3096 788 rogandas
3151 725 3393 787 poenas
3452 728 3593 771 esse
3654 707 3956 772 omnibus
4013 708 4070 772 si
4125 704 4513 772 vindicanda
4562 713 4718 771 sunt

2772 792 3067 855 omnium
3105 802 3383 872 peccata,
3431 813 3552 856 nec
3586 794 3784 856 finem
3819 794 4049 875 poenis
4083 791 4468 869 faciendum,
4515 791 4718 858 (161166

2772 897 2844 941 66
2886 897 3140 959 quoque
3197 876 3396 940 iudex
3439 877 3669 942 ultimo
3727 879 4046 961 supplicio
4101 878 4441 943 addixerit.
4531 877 4718 942 Idem

2772 960 3026 1027 Seneca
3068 963 3233 1026 libro
3277 962 3559 1028 secundo
3602 962 3682 1028 de
3725 964 3864 1028 Ira:
3914 965 4060 1029 Hoc
4099 966 4282 1043 scito,
4328 963 4716 1029 tantundem

2771 1069 2913 1113 6666
2956 1049 3284 1125 vitiorum,
3330 1059 3649 1131 quantum
3694 1048 4055 1115 hominum.
4146 1051 4238 1115 Et
4283 1050 4603 1114 Horatius
4645 1050 4715 1113 in

2771 1133 3087 1216 epistolis:
3178 1174 3192 1178 -
3341 1152 3350 1162 ⁴

2994 1235 3131 1290 Nam
3169 1238 3310 1291 vitiis
3346 1253 3503 1291 nemo
3541 1240 3655 1291 sine
3691 1240 3958 1292 nascitur:
3999 1240 4231 1307 optimus
4268 1239 4372 1307 ille,

2995 1304 3097 1370 Qui
3131 1307 3359 1360 minimis
3396 1305 3630 1373 urfgetur.
4591 1374 4594 1375 .

2770 1392 2965 1456 Licet
3018 1412 3150 1455 non
3205 1391 3497 1455 omnium
3558 1391 3794 1459 delicta
3860 1395 4046 1475 paria
4101 1394 4235 1458 sint
4288 1406 4402 1458 aut
4459 1395 4714 1472 similia,

2769 1497 2993 1541 omnes
3057 1488 3281 1540 tamen
3344 1480 3774 1559 peccavimus.
3865 1480 3998 1543 Alii
4066 1477 4392 1543 destinata
4444 1479 4714 1559 malitia,

2770 1561 2882 1626 alii
2925 1563 3389 1637 inconstantia,
3448 1564 3558 1628 alii
3616 1566 3914 1647 gravius,
3972 1564 4087 1629 alii
4143 1560 4369 1630 levius,
4461 1564 4717 1631 Seneca

2769 1648 2936 1713 libro
2981 1659 3215 1729 quarto
3260 1647 3339 1713 de
3379 1651 3755 1716 Beneficiis:
3804 1652 4047 1715 Omnia
4090 1651 4158 1714 iu
4204 1652 4510 1716 omnibus
4556 1653 4718 1716 vitia

2771 1743 2952 1811 sunt,
3016 1733 3131 1799 sed
3173 1755 3309 1799 non
3349 1736 3568 1800 omnia
3611 1746 3872 1821 erstant
3914 1738 3986 1801 in
4031 1738 4325 1819 singulis.
4416 1737 4603 1802 Idem
4645 1738 4716 1802 in

2769 1820 2897 1885 ΠΙ.
2950 1819 3030 1885 (16
3075 1821 3214 1884 Ira:
3272 1819 3522 1886 Omnes
3574 1822 3928 1887 inconsulti
3971 1832 4040 1886 et
4080 1823 4428 1905 improvidi
4471 1846 4713 1889 sumus.

2771 1904 3023 1971 Omnes
3067 1907 3318 1983 incerti,
3365 1907 3656 1989 queruli,
3703 1903 4042 1973 ambitiosi.
4135 1908 4313 1988 Quid
4365 1908 4715 1974 levioribus

2770 1990 2989 2056 verbis
3033 1992 3222 2057 ulcus
3264 1992 3596 2074 publicum
3653 1994 4017 2059 abscondo?
4109 1995 4361 2060 Omnes
4405 1995 4559 2059 mali
4606 2016 4715 2060 su-

2771 2099 2936 2141 mus.
3042 2076 3378 2160 Quidquid
3440 2081 3655 2161 itaque
3719 2081 3790 2143 in
3855 2081 3981 2145 alio
4046 2079 4581 2162 reprehenditur,
4649 2079 4718 2144 id

2772 2164 3219 2245 unusquisque
3271 2164 3344 2227 in
3398 2185 3515 2230 suo
3560 2168 3709 2231 sinu
3753 2167 4059 2231 inveniet.
4151 2165 4550 2232 Placidiores
4594 2168 4717 2230 ita-

2773 2270 2900 2330 que
2945 2251 3226 2314 invicem
3268 2251 3504 2316 simus:
3551 2253 3706 2316 mali
3747 2252 3924 2315 inter
3967 2251 4173 2316 malos
4195 2253 4498 2318 vivimus.
4564 2252 4719 2318 Una
4765 2250 4770 2253 ’

2773 2355 2877 2400 166
2900 2345 3114 2417 potest
3143 2337 3354 2401 facere
3377 2338 3647 2419 quietos,
3685 2353 3950 2401 mutuae
3985 2337 4311 2403 facilitatis
4349 2340 4714 2405 conventio.

2945 2420 3056 2485 Ex
3087 2421 3418 2508 destinato]
3463 2422 3547 2487 Id
3582 2436 3682 2488 est
3717 2422 3796 2487 de
3828 2422 4172 2498 industria,
4218 2423 4297 2489 de
4342 2426 4714 2506 composito,

2773 2504 2925 2571 data
2966 2528 3190 2589 opera,
3248 2507 3466 2572 dedita
3507 2530 3718 2591 opera,
3764 2510 3921 2585 sive,
3968 2518 4045 2573 ut
4086 2510 4364 2576 Plautus
4407 2509 4718 2593 loquitur,

2772 2592 2852 2656 ob
2897 2592 3320 2670 iudustriam,
3368 2593 3540 2676 quod
3581 2595 3777 2677 vulgo
3822 2593 4064 2660 dicitur
4106 2594 4186 2660 de
4230 2598 4560 2678 proposito
4604 2595 4718 2660 de-

2772 2678 3059 2743 liberato.
3129 2677 3484 2745 Suetonius
3526 2682 3597 2744 in
3638 2680 3965 2764 Caligula:
4013 2682 4320 2746 Militiam
4365 2703 4580 2764 neque
4613 2703 4718 2746 66-

2773 2764 2899 2828 mel
2949 2765 3182 2848 attigit,
3230 2787 3441 2847 neque
3486 2788 3572 2831 ex
3607 2767 3947 2832 destinate.
4040 2767 4292 2833 Seneca
4335 2768 4444 2832 lib.
4470 2768 4592 2832 VI.
4635 2768 4718 2833 de

2772 2851 3147 2917 Beneficiis:
3206 2853 3354 2916 Nou
3402 2853 3577 2916 enim
3632 2855 3952 2936 profuisse
4006 2866 4072 2917 te
4126 2854 4287 2918 mihi
4344 2863 4603 2936 oportet
4644 2863 4720 2916 ut

2772 2937 3046 3019 obliger:
3093 2937 3210 3001 sed
3255 2960 3334 3001 ex
3381 2937 3701 3003 destinato
3743 2940 4083 3021 profuisse.
4176 2939 4603 3021 Tranquillus
4648 2941 4718 3003 in

2771 3022 2941 3087 Iulio
2996 3025 3541 3106 praepositionem
3597 3026 3844 3091 omisit:
3903 3026 4214 3091 Praemia
4266 3047 4402 3090 non
4457 3038 4718 3091 tantum

2773 3109 3123 3187 destinato,
3196 3111 3307 3174 sed
3365 3133 3448 3175 ex
3504 3114 3835 3177 occasione
3904 3114 4220 3177 sumebat.
4311 3112 4717 3178 Adverbium

2771 3207 2886 3259 est.
2979 3196 3092 3261 Sic
3137 3198 3388 3279 antiqui
3432 3199 3803 3280 composite,
3851 3197 4022 3279 quod
4063 3199 4370 3264 dicimus:
4417 3198 4498 3262 de
4541 3220 4716 3264 com-

2774 3282 3002 3363 posito.
3096 3282 3429 3366 Vergilius
3475 3284 3802 3348 Aeneidos
3845 3272 3965 3348 111:

2977 3385 3288 3452 Composito
3324 3387 3469 3452 rupit
3502 3402 3705 3452 vocem,
3744 3395 3800 3438 et
3832 3403 3917 3439 me
3954 3387 4189 3456 destinat
4224 3404 4366 3442 arae.

2772 3469 2884 3534 Sic
2939 3492 3022 3535 ex
3074 3472 3406 3553 insperato
3423 3525 3438 3551 ,
3498 3481 3562 3536 et
3604 3473 3968 3555 insperato,
4029 3476 4169 3539 sine
4213 3475 4715 3557 praepositione,

2770 3563 3123 3639 utrumque
3159 3556 3333 3640 apud
3366 3559 3655 3635 Livium,
3701 3559 3988 3634 eiusdem
4025 3561 4302 3626 rationis
4337 3567 4453 3637 est,
4499 3569 4579 3625 ut
4616 3560 4713 3625 di-

2768 3643 2988 3706 ximus
3032 3642 3253 3708 dedita
3294 3665 3506 3727 opera.
3576 3643 3942 3709 Observavi
3985 3655 4210 3711 tamen
4245 3646 4418 3731 apud
4454 3645 4719 3711 Cicero-

2769 3749 2924 3792 nem
2978 3729 3086 3793 lib.
3129 3729 3218 3793 H.
3277 3730 3356 3794 ad
3407 3731 3718 3808 Atticum,
3766 3731 3985 3796 dedita
4028 3753 4226 3815 opera
4268 3734 4554 3816 positum
4598 3751 4718 3815 pro

2770 3835 3104 3896 expresse,
3165 3825 3241 3879 ut
3284 3816 3523 3899 vulgus
3580 3817 3887 3900 loquitur.
3976 3817 4200 3899 Quare
4245 3819 4328 3883 ad
4366 3818 4559 3897 illud,
4617 3819 4718 3882 iu-

2772 3902 2942 3982 quit,
2989 3901 3198 3965 redeo,
3291 3901 3469 3967 Cura
3523 3912 3598 3967 ut
3641 3906 3780 3969 eius
3823 3904 3920 3968 rei
3973 3926 4198 3983 causa,
4259 3903 4480 3969 dedita
4524 3923 4722 3988 opera

2769 3989 2991 4052 mittas
3025 3988 3312 4069 aliquem
3342 3996 3461 4052 etc.
3530 3988 3794 4055 Ooelius
3826 3990 3991 4056 libro
4024 3998 4206 4054 sexto
4239 3990 4714 4073 Epistularum:

2768 4072 2949 4137 Data
2990 4094 3189 4156 opera
3233 4074 3458 4156 paravi
3504 4075 3616 4157 qui
3660 4076 3751 4140 sic
3794 4085 4295 4159 persequeretur
4335 4077 4558 4140 omnia
4598 4082 4716 4142 eto.

3490 4366 3793 4432 CAPUT
3842 4366 3998 4432 VII.

2950 4485 3256 4565 Quoniam
3320 4487 3576 4551 deorum
3637 4487 3758 4565 feci
3834 4488 4201 4552 mentionem
4217 4538 4231 4565 ,
4311 4488 4536 4567 optime
4613 4489 4721 4554 hoo

2770 4570 4722 4742 zema::memitmffdefflmwffl
4650 4579 4721 4673 ’τ’

2771 4763 2914 4824 erqo
2954 4740 3175 4806 habere
3219 4742 3636 4807 inexorabilia
3667 4743 3942 4822 peccatis
3996 4710 4179 4826 atqu}
4232 4745 4550 4810 erroribus
4604 4766 4718 4810 nun

2770 4827 2996 4892 mina?
3063 4829 3309 4907 expedit
3366 4832 3516 4906 [pag.
3559 4832 3665 4907 50]
3732 4849 3927 4910 usque
3991 4832 4077 4896 ad
4140 4829 4426 4895 ultimam
4488 4832 4721 4914 ivffesta

2759 4913 3152 4993 perniciem?
3219 4913 3308 4978 Et
3348 4915 3492 4994 quis
3532 4934 3746 4997 reyum
3784 4914 3902 4979 erit
3940 4921 4127 4996 natue,
4168 4917 4349 5000 cuiue
4380 4937 4506 4982 non
4537 4936 4724 4982 umu-

2773 4998 2891 5063 bra
2933 5000 3251 5079 aruspices
3293 5000 3625 5082 collimat?
3718 5000 3894 5081 Quod
3935 5003 3996 5066 si
4038 5003 4136 5066 dii
4169 5002 4515 5084 placabiles
4557 5009 4723 5080 sunt,

2774 5089 2830 5147 et
2872 5104 3066 5165 aeque
3108 5084 3334 5150 delicta
3363 5087 3710 5166 potentium
3753 5107 3876 5151 uon
3918 5088 4130 5152 statim
4170 5088 4550 5169 fulminibus
4581 5109 4724 5171 per-

721 5169 891 5234 alter
935 5173 1082 5247 [pag.
1122 5174 1230 5249 49]
1276 5168 1360 5234 6(1
1402 5191 1680 5253 poenam
1724 5167 1948 5248 defert,
1993 5170 2160 5236 alter
2195 5191 2404 5253 poena
2445 5169 2668 5246 afficit,
2773 5175 3143 5251 sequuntur,
3221 5176 3450 5251 quanto
3525 5173 3789 5254 aequius
3854 5179 3944 5238 est
4007 5173 4312 5240 hominem
4374 5173 4728 5241 homenibus

723 5252 884 5340 quid
927 5253 1008 5319 de
1051 5254 1195 5320 aliis
1236 5254 1676 5339 sperandum?

2765 5257 3225 5338 praepositum,
3279 5258 3422 5323 miti
3461 5258 3672 5323 animo
3713 5278 3990 5325 exercere
4033 5260 4418 5341 imperium?
4470 5267 4524 5326 et
4557 5262 4727 5344 eopi-
