5100 6061
1967 406 2621 476 PROLEGOMEN
2623 410 2704 476 A.
4177 420 4358 489 XLI

338 605 617 689 ciperent
668 602 778 686 qui
820 600 1014 667 latine
1062 601 1372 685 iynorant.
1388 620 1411 637 ·
1458 598 1685 665 Altera
1741 616 1932 681 quam
1974 597 2060 663 ad
2102 597 2456 680 episcopum
2497 598 2840 681 scripsisti,
2885 598 3187 667 Basileae
3229 620 3460 668 excusa
3503 608 3594 667 est
3635 625 3775 670 mea
3819 626 4040 688 opera·
4082 606 4355 674 alteram

336 717 667 783 noluerunt
732 713 1031 780 excudere
1097 710 1496 796 typographi,
1565 714 1729 775 metu
1767 709 2046 790 periculi
2105 708 2374 790 fortasse
2426 710 2717 775 deterriti.
2826 711 2998 777 Nam
3058 712 3130 777 in
3185 711 3301 778 hac
3351 712 3667 780 liberrime
3722 722 3779 781 et
3822 739 3947 799 pro
3998 717 4356 787 christiana

338 828 645 918 παρῤησίᾳ
685 825 985 908 loqueris,
1043 844 1161 906 quo
1202 828 1388 904 pacto
1440 842 1504 887 se
1550 825 1769 905 yerant
1810 821 1919 901 qai
1958 819 2071 886 sub
2104 840 2318 901 papae
2360 820 2691 902 tyrannide
2733 822 2933 888 vivere
2977 842 3051 888 ac
3104 824 3318 906 deqere
3361 830 3686 907 coquntur,
3742 828 4053 895 damnans
4096 830 4353 901 interim

339 962 447 1009 eos
485 940 597 1023 qui
638 943 893 1019 utroque
922 957 1086 1020 qena
1126 935 1498 1014 claudicant,
1540 940 1599 1000 et
1640 952 1759 997 non
1794 936 1924 997 tam
1970 931 2103 997 Deo
2139 951 2329 1014 quam
2358 952 2573 1015 papae
2606 933 2840 997 servire
2879 933 3105 1015 volunt,
3139 939 3439 1015 putantes
3474 938 3633 1003 satis
3675 958 3807 1004 esse
3840 940 3902 1005 si
3941 939 4129 1020 fidem
4170 944 4353 1009 corde

341 1073 557 1119 veram
589 1056 646 1116 et
680 1051 1109 1114 inconcussam
1149 1051 1405 1127 servent,
1445 1046 1695 1111 etiamsi
1729 1064 1955 1125 corpus
1995 1044 2303 1128 sanquine
2342 1041 2578 1109 Christi
2621 1048 3033 1109 consecratum
3063 1046 3224 1128 foris
3266 1046 3460 1112 idolis
3484 1054 3893 1129 prosternant
3934 1056 3991 1116 et
4032 1052 4351 1134 inclinent,

339 1167 648 1231 consortes
690 1159 884 1226 simul
929 1157 1207 1224 Satanae
1248 1164 1307 1223 et
1350 1155 1614 1236 Christi,
1655 1156 1716 1221 si
1754 1156 1902 1236 fieri
1931 1160 2156 1238 posset.
2246 1154 2435 1218 Hanc
2476 1174 2617 1239 erqo
2653 1158 2963 1249 receptam
3009 1155 3276 1221 Zwicloio
3317 1159 3469 1223 misi
3515 1157 4000 1241 Constantiensi,
4057 1163 4170 1245 qni
4211 1181 4355 1230 eam

340 1297 469 1341 non
511 1274 648 1341 sine
684 1270 1104 1357 yratuZatione
1146 1270 1306 1354 leqit,
1350 1289 1580 1353 royans
1613 1264 1701 1334 at
1729 1267 1854 1331 sibi
1886 1287 2008 1349 per
2050 1286 2145 1331 me
2187 1266 2422 1345 liceret,
2479 1270 2547 1330 ut
2591 1265 2952 1349 Anqustam
2995 1286 3134 1331 eam
3177 1268 3496 1350 epistolam
3539 1270 3747 1336 mittat
3787 1273 4211 1339 excudendam
4224 1298 4244 1339 .-
4284 1294 4355 1341 se

339 1387 509 1453 scire
550 1385 864 1469 quendam
916 1383 1029 1464 qai
1070 1402 1209 1446 eam
1264 1382 1430 1464 typis
1471 1380 1771 1445 mandare
1813 1378 1981 1457 velit,
2037 1378 2220 1443 modo
2268 1378 2509 1444 autoris
2553 1397 2773 1443 nomen
2826 1378 3014 1461 (quod
3060 1397 3165 1461 eqo
3218 1383 3318 1444 tuo
3361 1378 3508 1446 bono
3551 1382 3624 1445 in
3662 1382 3941 1448 versione
3989 1404 4356 1465 suppresse-

338 1498 516 1579 ram)
542 1496 949 1580 permittatur
991 1493 1285 1576 praefiyi.
1375 1492 1502 1557 Hic
1543 1512 1649 1575 eqo
1690 1511 1820 1572 pro
1858 1496 1912 1554 te
1954 1490 2117 1555 nihil
2160 1490 2363 1555 dicere
2396 1489 2602 1571 potui,
2660 1488 2756 1553 vel
2794 1509 3082 1555 asserens
3133 1489 3230 1554 vel
3283 1511 3550 1573 neyans:
3594 1492 3787 1560 statui
3840 1514 3982 1577 erqo
4034 1496 4357 1576 expiscari

338 1609 550 1676 literis
592 1613 764 1673 tuam
795 1607 1168 1671 voluntatem
1211 1624 1464 1685 eamque
1507 1625 1549 1668 a
1592 1608 1647 1668 te
1688 1606 1995 1683 receptam
2040 1600 2307 1668 Zwicloio
2348 1599 2694 1665 rescribere.
2772 1600 2874 1665 Tu
2917 1621 3076 1685 erqo,
3118 1600 3338 1682 frater,
3381 1602 3441 1666 si
3482 1608 3824 1673 comitum
3863 1607 4020 1687 reip.
4065 1605 4358 1673 christia-

338 1741 466 1786 nae
504 1720 657 1784 velis
701 1723 757 1783 et
796 1737 1163 1783 succursum
1203 1717 1542 1781 multorum
1582 1714 1987 1793 conscientiis,
2028 1732 2148 1776 non
2190 1712 2443 1796 neyabis
2486 1717 2556 1775 ut
2585 1711 2988 1795 praeliqatur
3029 1732 3249 1778 nomen
3292 1716 3494 1794 taum,
3551 1733 3747 1795 quum
3790 1714 3928 1780 alea
3969 1716 4155 1783 semel
4186 1717 4357 1784 iacta

339 1832 448 1897 sit.
523 1831 672 1895 Non
707 1831 871 1895 enim
905 1832 960 1893 te
993 1849 1132 1893 eum
1153 1822 1313 1909 puto
1356 1827 1486 1907 qui,
1529 1826 1601 1890 ob
1643 1824 2075 1892 declinandam
2116 1824 2429 1888 invidiam
2469 1828 2580 1888 aut
2603 1822 2978 1906 periculum,
3022 1828 3264 1889 tantam
3295 1824 3574 1906 fructwm
3606 1824 3910 1906 impedire
3942 1827 4116 1893 velis.
4206 1827 4357 1895 Non

339 1942 560 2011 dubito
574 1993 589 2023 ‚
630 1943 689 2006 si
735 1942 891 2008 liber
941 1940 1043 2007 hic
1085 1941 1397 2023 evulyetnr
1413 1989 1428 2019 ,
1474 1937 1698 2002 multos
1736 1935 1876 2017 fore
1930 1938 2039 2018 qui
2084 1936 2308 2001 abiecto
2350 1936 2495 2019 iuqo
2529 1934 2854 2017 pontificio
2897 1939 2952 2000 et
2993 1954 3250 2001 excusso
3304 1939 3468 2000 metu
3513 1936 3586 1999 in
3627 1940 3840 2002 castra
3884 1935 4126 2003 Christi
4165 1938 4354 2005 libero

339 2055 585 2138 spiritu
624 2054 753 2119 sint
794 2052 1166 2119 advolaturi.
1259 2051 1359 2116 Tu
1400 2049 1549 2129 vale,
1594 2049 1946 2114 doctissime
1986 2048 2104 2127 vir,
2151 2053 2207 2112 et
2247 2052 2505 2113 mentem
2545 2051 2723 2113 tuam
2755 2046 2873 2112 hac
2928 2047 2998 2113 in
3041 2067 3109 2111 re
3149 2045 3310 2111 mihi
3362 2045 3566 2112 literis
3625 2046 3915 2133 si9nifioa
3944 2049 4162 2129 primo
4204 2068 4358 2134 quo-

339 2186 468 2251 que
510 2171 791 2248 tempore.
887 2163 1130 2247 Τίρυνθ’,
1171 2162 1396 2228 ultima
1440 2159 1783 2226 Februarii
1831 2165 2034 2228 1540.
2131 2217 2134 2221 ,

3539 2268 3655 2323 Leo
3691 2268 3870 2324 Iudae
3906 2274 4051 2326 mus.

662 2446 841 2529 Quid
884 2446 1202 2512 Calvinus
1245 2445 1329 2510 ad
1373 2445 1535 2510 haee
1576 2426 1909 2527 proposita
1950 2441 2363 2525 responderit
2405 2441 2750 2506 nescimus.
2825 2441 3054 2524 Neque
3097 2441 3273 2507 enim
3310 2440 3380 2505 in
3417 2441 3561 2524 ipso
3606 2441 3822 2507 Bezae
3868 2442 4199 2520 thesaure,
4244 2463 4365 2507 ne-

338 2581 476 2643 que
519 2560 592 2623 in
626 2558 913 2625 archivis
948 2557 1385 2624 turicensibus
1429 2563 1545 2621 aut
1583 2555 2060 2641 genevensibus
2104 2554 2313 2619 ullum
2366 2552 2506 2618 eius
2558 2554 2804 2636 negotii
2844 2553 3196 2637 vestigium
3248 2551 3535 2636 reperire
3580 2554 3934 2635 potuimus.
4006 2551 4160 2635 Ipse
4203 2571 4366 2635 quo-

339 2692 479 2754 que
524 2669 783 2736 libellus
837 2671 1250 2753 germanicus
1294 2689 1490 2752 quem
1532 2669 1671 2732 Leo
1713 2666 2017 2732 Basileae
2081 2687 2398 2732 excusum
2444 2662 2605 2730 dicit
2656 2663 2785 2731 huc
2829 2685 3039 2748 usque
3081 2664 3303 2730 oculos
3347 2670 3604 2730 nostros
3647 2664 3821 2749 fugit
3836 2714 3853 2743 ‚
3911 2664 4051 2731 sive
4093 2663 4362 2728 omnino

340 2782 651 2868 perierit,
705 2782 844 2847 sive
885 2782 1119 2848 alicubi
1161 2782 1364 2846 lateat
1401 2786 1668 2863 propter
1710 2762 2053 2857 artarentur
2094 2778 2448 2862 neglectus.
2535 2775 2749 2841 Porro
2791 2777 2991 2841 etiam
3034 2775 3116 2841 de
3158 2776 3365 2841 altera
3407 2766 3713 2858 epistola,
3771 2796 3970 2858 quam
4016 2772 4364 2842 conradus

341 2893 683 2961 Zwickius
722 2895 1068 2977 Augustae
1110 2890 1558 2959 excudendam
1602 2912 1830 2957 curare
1873 2887 2153 2968 volebat,
2197 2886 2367 2953 nihil
2406 2888 2567 2954 certi
2612 2886 2948 2953 habemus.
3037 2886 3190 2952 Alia
3232 2894 3448 2952 exstat
3490 2886 3706 2952 versio
3750 2886 4098 2951 ambarum
4131 2906 4364 2952 recen-

346 3005 487 3072 tior
529 3004 624 3071 10.
672 3005 985 3090 Lenglini
1027 2987 1605 3090 Argentoratensis
1646 3001 1979 3088 Neoburgi
2023 3000 2108 3068 ad
2147 3000 2535 3067 Danubium
2579 2998 2755 3067 edita
2799 3018 2970 3064 anno
3022 3001 3205 3063 1557.

2044 3399 2452 3484 CAPUT
2511 3399 2669 3483 VI.

1231 3569 2157 3671 CATECHISMUS
2208 3568 2657 3667 PRIOR„
2711 3545 3099 3686 (1536)
3175 3545 3467 3656 1538.

664 3778 796 3842 Hic
841 3777 961 3843 tibi
1003 3777 1338 3843 offerimus
1378 3775 1691 3855 libellum,
1736 3773 2050 3841 benevole
2082 3772 2305 3852 lector,
2351 3793 2549 3856 quem
2591 3773 2660 3837 in
2704 3768 3193 3838 collectionibus
3236 3773 3662 3832 tractatuum
3683 3766 4203 3833 calvinianorum
4248 3786 4367 3830 an-

345 3890 549 3956 tehac
602 3887 795 3954 editis
847 3888 1093 3954 frustra
1148 3897 1436 3971 quaeres.
1528 3886 2013 3952 catechismum
2066 3885 2355 3968 priorem
2415 3884 2722 3962 dicimus,
2778 3883 3034 3948 ratione
3086 3877 3314 3946 habita
3371 3878 3640 3944 alterius
3692 3879 3952 3960 integro
4011 3874 4220 3940 lustro
4280 3874 4367 3940 ad

345 4001 704 4066 minimum
748 4000 1155 4079 recentioris,
1216 4020 1410 4083 quem
1453 3999 1718 4064 eaedem
1759 4017 1987 4063 omnes
2032 3995 2373 4074 exhibent,
2433 4006 2501 4061 et
2540 3997 2753 4061 forma
2795 4001 2864 4060 et
2916 3994 3067 4058 fatis
3111 3990 3193 4055 ab
3237 3990 3362 4057 hoc
3418 3988 3783 4072 antiquiore
3828 3986 4366 4053 diversissimum.

347 4111 593 4177 Liceat
643 4112 831 4176 nobis
876 4120 1223 4176 externam
1279 4110 1599 4176 rarissimi
1652 4107 1946 4192 opusculi
1997 4108 2230 4172 faciem
2275 4108 2500 4190 paucis
2557 4107 2920 4180 describere
2968 4109 3321 4187 antequam
3369 4100 3449 4166 de
3506 4100 3650 4165 eius
3705 4099 3956 4182 origine
4001 4098 4368 4163 accuratius

346 4221 715 4305 repetenda
755 4223 956 4288 verba
988 4223 1320 4289 faciamus.
1386 4219 1813 4304 Exemplaria
1855 4213 2209 4297 habentur,
2242 4227 2565 4303 quantum
2605 4239 2727 4285 nos
2771 4217 3033 4301 quidem
3074 4214 3478 4292 rescivimus,
3524 4212 3594 4276 in
3638 4211 3924 4294 quinque
3968 4215 4229 4274 tantum
4268 4208 4371 4275 bi-

346 4333 714 4415 bliothecis,
751 4332 1050 4400 Dresdae
1085 4333 1350 4412 scilicet,
1390 4332 1800 4418 Goettingae,
1846 4332 2198 4410 Monachii,
2243 4332 2684 4416 Regiomonti,
2722 4329 2962 4395 Turici.
3033 4328 3143 4394 Ex
3186 4325 3501 4391 turicensi
3537 4321 3896 4405 exemplari
3942 4320 4370 4406 apographon

349 4445 756 4511 sumendum
801 4446 1176 4511 curavimus
1215 4444 1386 4528 quod
1424 4444 1832 4530 typographo
1875 4451 2101 4509 nostro
2146 4442 2572 4508 traderemus.
2662 4441 2924 4508 Titulus
2967 4440 3076 4506 hic
3117 4445 3238 4503 est:

670 4543 1317 4627 OA'PEOHIS-
1349 4541 1356 4656 Ι
1392 4554 1605 4635 MUS,
1648 4554 1865 4622 SIVE
1922 4552 2399 4621 CHRIS'I'IA-
2425 4555 2436 4637 Ι
2459 4563 2613 4618 NAE
2646 4561 3071 4618 RELIffloms
3105 4557 3420 4615 ms'rl‘rv-
3448 4533 3603 4630 [tio
3620 4596 3645 4641 ,
3785 4531 4368 4615 communibus

346 4692 706 4764 renatae
766 4712 1041 4793 nuper
1104 4681 1192 4762 in
1251 4681 1539 4763 Evan-
1576 4679 1583 4793 1
1616 4681 1848 4791 gelio
1914 4678 2446 4763 Geneuensis
2508 4679 2944 4762 Ecclesiae
3006 4672 3432 4785 suffragiis
3496 4697 3632 4751 re-
3667 4666 3676 4784 1
3710 4681 3960 4781 cepta
4021 4680 4111 4751 et
4168 4666 4369 4749 uul-

340 4808 552 4921 gari
614 4810 958 4920 qm‘dem
1017 4810 1252 4922 prius
1301 4809 1726 4917 idiomate,
1784 4807 1793 4911 Ι
1848 4839 2070 4892 nunc
2127 4838 2327 4892 vero
2383 4807 2691 4891 Latine
2744 4809 2994 4891 etiam
3058 4833 3225 4915 quo
3283 4804 3390 4887 de
3440 4824 3700 4894 mel
3755 4798 3987 4880 illius
4074 4824 4372 4906 synce-

346 4938 617 5022 ritate
678 4939 996 5050 passim
1063 4939 1250 5021 aliis
1314 4939 1569 5021 etiam
1630 4939 1801 5021 Ec·
1835 4933 1841 5052 Ι
1875 4937 2151 5021 clesiis
2212 4948 2568 5045 constet,
2624 4937 2712 5018 in
2770 4935 3048 5019 lucem
3110 4932 3358 5016 edita.
3415 4938 3427 5042 Ι
3482 4955 3766 5012 mmm:
3846 4954 4165 5009 CALvmo
4242 4954 4369 5009 Av-

348 5069 574 5126 Tonn.
610 5070 622 5138 ι
660 5071 1045 5141 sAsnAEAE,
1078 5071 1280 5126 Anno
1320 5069 1331 5138 ι
1365 5072 1428 5126 M
1460 5072 1511 5125 D
1554 5072 1860 5127 xxxvm.

666 5172 916 5238 Forma
959 5171 1112 5238 libri
1150 5179 1254 5244 ¹est
1295 5173 1628 5238 octonaria
1667 5173 1901 5252 minor,
1947 5173 2406 5259 quaterniones
2440 5172 2742 5255 quinque,
2787 5190 3065 5252 quorum
3098 5170 3351 5252 primus
3388 5170 3488 5254 (a)
3528 5167 3900 5254 quindecim
3934 5165 4191 5252 paginis
4234 5188 4367 5233 non

343 5285 726 5440 nummatis
766 5284 1038 5350 exhibet
1088 5284 1431 5441 gpistolam
1474 5290 1814 5366 pastorum
1869 5286 2341 5369 genevensium
2394 5284 2661 5349 nomine
2705 5282 3041 5365 scriptam,
3099 5289 3380 5365 quatuor
3421 5279 3663 5364 reliqui
3703 5278 3982 5363 (A—D)
4023 5278 4376 5364 sexaginta.

676 5387 797 5441 oenc·
826 5402 1007 5456 opera.
1136 5387 1202 5442 οι.
1250 5387 1311 5441 v.
3912 5381 3958 5434 F·
