5100 6061
305 453 423 516 345
1966 438 2643 506 CATEOHISMUS.
4184 435 4309 497 346

429 625 939 703 oRAmoms
983 630 1515 698 DOMINIGAE
1559 609 2124 695 ENARRATIO.

477 776 622 839 Iam
682 771 1231 837 clementissimus
1287 776 1504 850 pater,
1575 777 2028 848 praeterquam
2084 764 2259 847 quod

306 884 424 929 nos
482 866 629 939 [pag.
670 865 776 938 36]
834 867 1057 922 monet
1108 863 1300 937 atque
1354 853 1672 930 hortatur,
1730 861 1807 916 ut
1849 873 1919 916 se
1962 853 2030 915 in
2059 853 2259 915 'omni

305 947 691 1015 necessitate
725 963 1133 1028 quaeramus,
1178 942 1483 1022 quoniam
1520 949 1738 1003 tamen
1774 937 2039 1003 videbat
2072 958 2156 1001 ne
2192 935 2261 999 id

308 1032 570 1118 quidem
594 1052 713 1096 nos
735 1031 1119 1113 perspicere,
1154 1026 1309 1110 quid
1335 1046 1615 1107 aequum
1638 1023 1991 1108 postulare,
2020 1023 2260 1106 quidve

309 1144 344 1186 e
378 1143 449 1184 re
485 1125 714 1183 nostra
756 1117 939 1192 foret,
985 1114 1138 1178 huic
1174 1114 1370 1177 etiam
1408 1121 1672 1175 nostrae
1706 1110 2117 1194 ignorantiae
2153 1129 2259 1173 oc-

309 1208 546 1274 currit:
595 1211 662 1268 et
703 1199 875 1286 quod
920 1201 1141 1283 captui
1179 1206 1400 1263 nostro
1437 1197 1677 1270 deerat,
1725 1196 1807 1260 de
1844 1217 1961 1261 suo
1998 1195 2259 1278 supple-

310 1296 406 1358 vit
449 1311 524 1356 ac
568 1289 840 1353 suffecit.
933 1286 1042 1350 Ea:
1086 1307 1210 1367 qua
1237 1286 1289 1363 ¹)
1344 1285 1481 1347 eius
1536 1283 1906 1364 beniynita-te
1961 1302 2260 1364 maynum

311 1377 755 1477 Qolat'ffflis
784 1374 1063 1470 stadum
1083 1372 1494 1451 percipimus,
1532 1370 1694 1468 22⁶de
1714 1367 1878 1465 Μ’Ῐῦζῐῖ
1899 1368 2261 1467 absurdum,
2537 1380 2793 1443 Nomen
2839 1378 2966 1442 Dei
3026 1390 3158 1454 est,
3214 1396 3344 1457 quo
3384 1385 3654 1457 propter
3695 1375 3977 1440 virtutes
4021 1396 4172 1439 suas
4216 1374 4318 1437 in-

313 1464 477 1530 mh‘tl
520 1462 795 1526 ahenum
839 1465 953 1525 aut
993 1463 1444 1556 ‘lmPO’jffunumy
1488 1454 1650 1518 ”27‘123
1692 1455 1951 1552 dsmfflm'
1993 1475 2115 1517 ΝΜ
2157 1453 2261 1517 2232
2309 1441 2315 1574 ᾗ
2366 1479 2467 1533 ter
2513 1465 2814 1529 homines
2868 1469 3270 1526 memoratur
3324 1483 3398 1526 ac
3453 1461 3842 1525 celebratur:
3901 1460 4120 1542 quales
4172 1464 4321 1523 sunt

312 1554 627 1630 acceptum
661 1546 985 1626 POStularss
1017 1564 1130 1607 ”⁰3
1167 1543 1591 1640 Μῗβῑῖῑθυηαθ,
1635 1561 1745 1620 <12⁴2
1768 1560 1973 1620 Ραθηθ
2009 1561 2083 1601 ΡῙ
2126 1541 2262 1602 eiu-³
2365 1554 2503 1616 eius
2540 1552 2878 1632 sapientia,
2904 1548 2955 1632 ¹)
3001 1549 3258 1625 bonitas,
3292 1547 3588 1627 potentia,
3626 1548 3889 1624 iustitia,
3924 1548 4170 1624 veritas,
4205 1545 4321 1608 mi-

315 1657 435 1734 ΟΥΘ,
457 1653 770 1734 ζθθᾳθηαθ·
842 1630 1018 1729 Ηαέθ
1052 1630 1276 1694 θναηᾶθ
1318 1648 1428 1718 seu
1461 1629 1686 1708 fffl'mas
1731 1646 1841 1688 8811-
1872 1626 2107 1723 regula,
2151 1645 2262 1722 sex·
2366 1637 2728 1702 sericordia,
2818 1635 3007 1699 Hanc
3050 1654 3191 1715 erqo
3233 1633 3613 1697 maiestatem
3657 1633 3729 1696 in
3769 1633 4073 1696 eiusmodi
4126 1633 4322 1695 virtu-

303 1719 710 1819 Ρθΐῑΐῗθηώαδ·
765 1722 1094 1816 Quum
1150 1720 1256 1813 esf·
1351 1719 1634 1793 Quarum
1676 1717 1800 1775 bre-9
1833 1732 2088 1790 PWOYCS
2135 1709 2263 1808 DQ
2368 1725 2532 1788 tibus
2577 1722 2963 1801 sanctificari
2998 1720 3303 1802 petimus:
3365 1723 3512 1796 [pag.
3554 1722 3660 1796 38]
3706 1739 3828 1782 non
3870 1720 3941 1781 in
3984 1717 4120 1782 Deo
4164 1719 4322 1796 ipso,

312 1808 553 1892 θῑθηαθ
595 1805 1008 1902 Ρθθῗιῑῑᾱηῑθθ·
1059 1802 1406 1866 Cle-mnata&
1464 1804 1636 1896 suni,
1699 1817 1888 1895 quas?
1939 1797 2138 1894 80lam}
2193 1816 2265 1859 2²2
2315 1845 2318 1852 <
2369 1812 2471 1873 cui-
2516 1809 2689 1890 apud
2731 1827 2796 1871 se
2838 1807 3002 1871 nihil
3040 1805 3321 1869 accedere
3364 1809 3474 1867 aut
3517 1804 3797 1868 decedere
3829 1809 4062 1882 potest:
4104 1823 4323 1866 verum

315 1894 448 1958 ‘WS
491 1895 726 1954 mim
770 1894 1025 1986 ΟΡΟΥῧθΐζ
1080 1886 1251 1950 nulls>
1306 1885 1605 1982 Οθηῖθηθᾶῡ
1660 1890 1858 1946 ‘'wsm
1876 1933 1890 1956 ‚
1941 1889 2014 1946 ut
2067 1887 2265 1957 munt,
2314 1857 2323 1978 Ῐ
2375 1901 2442 1959 ut
2485 1895 2563 1958 ab
2606 1893 2889 1959 omnibus
2930 1897 3146 1956 sancta
3190 1889 3507 1968 habeatur,
3553 1890 3661 1954 hoc
3703 1896 3806 1965 est,
3849 1910 3988 1953 vere
4030 1887 4324 1972 a'ynosca-

315 1983 612 2078 Υθδξῖθῑξξα·
711 1977 768 2040 Τ
764 1997 801 2039 ⁹¹
802 1996 866 2038 ⁶²3
909 1974 1187 2053 Yelffluass
1228 1977 1427 2036 ”OSW
1469 1990 1687 2034 curam
1726 1975 1966 2052 yerunt,
2013 1988 2086 2066 ⁶}ss
2115 1987 2268 2047 ΡΥΟ·
2317 1989 2325 2080 ι
2374 1987 2478 2045 tur
2533 1987 2588 2045 et
2640 1979 3087 2061 maynificetur.
3175 1976 3262 2039 Et
3303 1976 3612 2057 quidquid
3664 1977 3797 2058 ayit
3850 1973 4056 2051 DeuS,
4115 1976 4329 2040 omnia

306 2085 455 2162 PW?
498 2083 614 2140 ηδ,
669 2082 852 2159 ΨΜ,
885 2081 961 2124 ‘'oe
1015 2080 1141 2123 “8¹⁴
1188 2063 1388 2120 ”OStYO
1445 2063 1644 2155 suni,-
1665 2055 2068 2153 Ρθθΐαζαπᾶῦδ·
2124 2057 2270 2118 sunt
2376 2069 2511 2132 eius
2554 2087 2743 2147 opera
2782 2065 3075 2146 ylariosa,
3119 2069 3190 2126 ut
3230 2068 3393 2139 sunt,
3442 2067 3813 2143 appareant,
3865 2066 3961 2137 ut,
4017 2062 4147 2125 sive
4189 2062 4327 2140 ipse

317 2154 692 2234 αθθῑθηωΐαθ·
781 2145 897 2213 510
954 2154 1205 2222 tamen,
1265 2154 1340 2206 Ut
1381 2143 1650 2206 Domlm
1706 2142 2011 2223 glonam,
2071 2159 2268 2221 quam
2366 2154 2628 2235 puniat,
2673 2153 2911 2217 iustus:
2953 2151 3082 2214 sive
3124 2149 3416 2231 iynoscat,
3461 2149 3851 2211 misericors.-
3894 2147 4022 2210 sive
4054 2150 4328 2226 praestet

2361 632 2463 691 tus
2506 631 2663 691 esset
2694 630 2936 706 poten-9,
2980 623 3284 699 sublimis,
3329 618 3981 703 incomprehensibilis.
4047 619 4133 685 Id
4172 641 4315 686 vero

2351 713 2509 777 dum
2567 712 2891 790 audimus,
2947 709 3289 773 exserenda
3353 712 3441 771 est
3504 707 3699 771 altius
3740 710 3956 770 nostra
4010 707 4311 789 coyitatio,

2365 815 2557 878 quum:
2610 799 2685 862 de
2728 797 2864 875 Deo
2907 814 3106 859 sermo
3147 800 3264 871 est,
3322 814 3397 857 ne
3438 792 3787 874 quidquam
3838 797 4151 857 terrenum
4202 796 4315 855 aut

2360 884 2617 947 carnale
2661 883 2734 946 de
2776 884 2912 962 ipso
2955 880 3331 946 somniemus
3344 928 3359 956 ‚
3403 901 3478 943 ne
3520 880 3732 958 ipsum
3775 879 4003 943 nostris
4046 877 4314 943 modulis

2361 969 2717 1045 metiamwr,
2774 988 2849 1031 ne
2892 968 3029 1030 eius
3072 965 3443 1030 volumtatem
3482 965 3567 1029 ad
3608 969 3849 1028 nostros
3890 963 4148 1044 affectus
4187 963 4313 1027 exi-

2356 1074 2599 1138 9amus.
3834 1109 3839 1114 .

2363 1232 2657 1312 Prima
2698 1228 3022 1339 petitio.
3090 1226 3682 1310 Sanctificetur
3712 1255 4016 1308 nomen
4046 1237 4315 1306 tuum.

319 2257 516 2301 unam
562 2234 887 2316 prioribus
931 2231 1064 2294 illis
1108 2239 1511 2313 spectamuS‚
1561 2226 1802 2290 bonum
1847 2233 2183 2300 nostrum,
2230 2245 2269 2288 a

320 2324 504 2387 cuius
540 2320 934 2404 cogitatione
969 2325 1262 2380 mentem
1299 2314 1673 2390 avertimus,
1717 2312 1890 2376 ultro
1928 2320 2265 2394 sequatur:

321 2428 587 2472 rursum
631 2404 803 2488 quod
846 2402 1183 2470 commodo
1219 2412 1442 2465 nostro
1478 2399 1866 2481 expetimus,
1911 2418 2044 2462 non
2082 2398 2271 2460 aliter

322 2515 515 2576 quam
563 2493 632 2555 in
672 2490 944 2555 Domini
988 2488 1260 2574 gloriam
1308 2485 1634 2568 postulare
1679 2484 1888 2550 liceat.

542 2670 808 2751 Pater
869 2678 1182 2769 noster,
1248 2663 1395 2772 qui
1457 2691 1546 2743 es
1611 2663 1722 2746 in,
1761 2661 2036 2744 coelis

495 2818 791 2882 Primum
807 2819 861 2897 ²)
883 2818 978 2879 in
1022 2817 1159 2897 ipso
1203 2814 1417 2878 limine
1459 2813 1753 2889 occurrit,
1801 2831 2035 2875 omnem
2080 2831 2121 2873 a
2165 2829 2271 2872 no-

322 2907 414 2972 bis
456 2906 794 2970 orationem
847 2903 1063 2982 offerri
1107 2900 1243 2966 Deo
1296 2898 1507 2964 debere
1522 2949 1536 2977 ‚
1590 2899 1661 2961 in
1708 2897 1946 2961 Christi
1997 2896 2272 2960 nomine:

323 3000 391 3057 ut
431 2991 612 3057 nulla
646 2990 776 3056 alio
817 2988 1062 3054 nomine
1104 2985 1520 3051 commendari
1561 2985 1665 3049 illi
1697 2989 1908 3066 potest.
1980 2982 2153 3047 Nam
2196 3001 2272 3045 esc

325 3100 442 3160 quo
486 3082 742 3158 patrem
809 3076 1199 3156 appellamus
1253 3072 1462 3137 Deum
1480 3123 1494 3148 ,
1551 3090 1768 3135 nomen
1819 3076 1977 3135 certe
2035 3067 2272 3133 Christi

314 3164 801 3246 praetendimus.
875 3161 1136 3241 Quando
1155 3162 1213 3242 3)
1253 3179 1411 3222 sane
1455 3177 1629 3221 nemo
1664 3163 1754 3221 est
1783 3157 2103 3219 hominum
2134 3155 2270 3236 diq-

323 3271 438 3315 nus
455 3302 469 3329 ,
514 3249 624 3330 qui
665 3249 802 3314 Deo
844 3268 911 3311 se
950 3249 1358 3326 repraesentet
1371 3294 1384 3321 ‚
1441 3263 1516 3307 ac
1571 3244 1642 3305 in
1696 3244 1833 3306 eius
1886 3246 2272 3320 conspectum

313 3337 591 3417 prodeat,
638 3336 772 3415 ipse
814 3332 1084 3399 coelestis
1113 3336 1312 3410 pater,
1357 3335 1428 3393 ut
1460 3349 1571 3391 nos
1605 3328 1722 3392 hac
1756 3328 2108 3409 confusione
2141 3326 2270 3389 exi-

324 3427 507 3486 meret
523 3471 536 3497 ‚
592 3442 751 3501 quae
802 3425 1043 3484 nostros
1097 3417 1378 3481 omnium
1419 3416 1666 3478 animos
1707 3415 1968 3478 deiicere
2010 3411 2270 3489 debebat,

322 3508 529 3587 lilium
572 3507 748 3570 nobis
791 3525 980 3569 suum
1022 3510 1168 3582 [pag.
1209 3506 1317 3578 37]
1360 3501 1634 3577 donavit,
1679 3498 1896 3563 Iesum
1935 3498 2270 3573 Christum,

325 3596 432 3675 qui
471 3594 649 3674 apud
691 3593 900 3673 ipsum
937 3591 1109 3654 nobis
1143 3590 1228 3652 sit
1262 3588 1601 3651 advocatus
1633 3591 1691 3649 et
1723 3585 2046 3661 mediator,
2090 3586 2272 3648 cuius

325 3681 512 3745 ductu
542 3679 626 3743 ad
658 3681 871 3760 ipsum
903 3698 1112 3742 secure
1146 3673 1523 3750 accedamus,
1561 3672 1677 3736 tali
1709 3672 2102 3734 intercessore
2134 3688 2272 3732 con-

325 3765 447 3845 fisi,
490 3764 669 3842 nihil,
714 3764 878 3845 quod
920 3764 1060 3827 eius
1099 3762 1342 3825 nomine
1371 3758 1760 3838 petierimus,
1808 3757 1981 3821 nobis
2014 3756 2273 3837 deneya-

326 3859 454 3916 tum
496 3853 618 3915 iri:
659 3856 730 3913 ut
765 3850 870 3915 illi
912 3871 954 3912 a
999 3852 1186 3928 patre
1228 3844 1390 3909 nihil
1443 3844 1739 3925 denegari
1778 3848 1988 3924 potest.
2075 3842 2272 3904 Thro-

327 3958 476 4002 num
518 3956 756 4017 quoque
788 3935 935 4013 Dei,
981 3955 1102 3998 non
1136 3932 1483 3996 maiestatis
1517 3935 1763 3993 tantum
1797 3948 1929 3993 esse
1962 3927 2270 4003 thronum,

327 4026 431 4088 sed
463 4024 728 4107 mattae,
774 4021 948 4103 apud
982 4038 1161 4100 quem
1203 4018 1341 4083 eius
1373 4017 1619 4080 nomine
1652 4014 1861 4079 multa
1893 4013 2131 4078 fiducia
2164 4033 2276 4092 ap·

317 4130 544 4191 parere
585 4108 960 4183 audeamus,
1015 4102 1516 4170 misericordiam
1552 4101 1992 4181 consequutwri
2035 4104 2090 4163 et
2127 4118 2275 4181 yra-

326 4197 477 4260 tiam
527 4195 872 4270 inventuri,
929 4195 1002 4257 in
1056 4190 1301 4254 auxilio
1355 4193 1690 4268 opportuno
1751 4186 1982 4267 (Hebr.
2027 4195 2065 4247 4
2083 4236 2097 4257 ‚
2145 4184 2269 4266 16).

326 4283 530 4364 Atque
574 4286 641 4344 ut
684 4280 784 4346 lex
826 4279 900 4343 de
953 4255 1468 4355 invocandJDeo
1505 4275 1732 4355 posita.
1759 4277 1864 4347 est,
1907 4277 1976 4335 ut
1999 4272 2271 4352 promis-

326 4371 418 4434 sio
459 4369 630 4445 data,
675 4366 1039 4430 exauditum
1080 4364 1185 4441 iri,
1233 4362 1344 4443 qui
1387 4360 1838 4424 invocaverint.-
1892 4360 1986 4422 ita
2039 4356 2112 4421 in
2169 4378 2272 4421 no-

325 4457 490 4518 mine
548 4451 808 4530 Christi,
868 4452 1153 4514 invocare
1195 4447 1605 4531 peculiariter
1647 4445 1961 4510 iubemur:
2018 4448 2072 4507 et
2117 4462 2268 4524 pro-

324 4541 684 4605 missionem
725 4538 1020 4602 habemus
1050 4535 1471 4618 propositamu
1518 4533 1955 4613 impetraturos
1996 4529 2158 4611 quod
2200 4529 2273 4591 in

326 4629 460 4691 eius
499 4626 745 4690 nomine
775 4622 1146 4703 petierimus
1190 4620 1449 4704 (Ioann.
1483 4624 1578 4693 14,
1624 4621 1698 4681 16
1737 4625 1804 4680 et
1841 4621 1934 4691 15,
1975 4617 2060 4698 7).
2131 4613 2264 4679 Ad-

327 4711 660 4787 scribitur,
716 4711 935 4792 ipsum
978 4730 1119 4772 esse
1162 4708 1233 4771 in
1276 4706 1495 4770 coelis:
1557 4724 1684 4785 quo
1739 4701 2194 4768 inenarrabilis
2211 4702 2269 4783 ⁴)

263 4850 278 4867 „
324 4801 460 4865 eius
501 4798 825 4871 maiestas,
871 4815 1068 4877 quam
1102 4793 1286 4857 aliter
1320 4811 1491 4856 mens
1522 4796 1756 4868 nostra,
1787 4809 1913 4870 pro
1946 4808 2068 4852 sua
2101 4807 2273 4850 cras-

195 4947 200 4951 .
326 4887 532 4963 sitate‚
577 4884 892 4964 concipere
933 4900 1054 4943 non
1087 4882 1317 4958 potest,
1371 4875 1698 4958 desiynata
1740 4880 1854 4953 est,
1896 4874 2050 4957 quia
2094 4871 2273 4937 coelo

327 4971 489 5036 nihil
541 4970 874 5051 auyustius
887 5018 900 5043 ,
967 4969 1079 5029 aut
1128 4966 1446 5028 maiestate
1487 4963 1744 5041 plenius
1796 4962 1911 5024 sub
1961 4964 2275 5040 aspectum
2376 4951 2386 4962 ‘

328 5064 606 5122 nostrum
649 5055 857 5119 venire
887 5056 1105 5133 potest.
1170 5046 1364 5128 Quod
1396 5048 1660 5127 perinde
1698 5047 1888 5126 valet,
1935 5066 2007 5110 ac
2050 5046 2111 5108 si
2145 5045 2274 5109 dic-

466 5316 524 5379 1)
565 5314 749 5369 Instit.
781 5328 835 5380 p.
877 5308 980 5363 173
1013 5324 1070 5362 se
1108 5348 1120 5360 .
1338 5303 1399 5368 2)
1439 5302 1584 5357 Ibid.
1616 5317 1673 5368 p.
1713 5302 1827 5356 175.

323 5402 379 5453 p.
417 5383 520 5437 162
557 5400 661 5452 seq.
870 5379 930 5448 4)
970 5325 1114 5435 aid.
1146 5393 1199 5445 p.
1239 5372 1357 5427 181.

2375 2240 2537 2320 Quod
2569 2237 2892 2318 promisit,
2936 2254 3129 2300 verast
3161 2234 3574 2316 praedicetur.
3664 2232 3952 2314 Denique
3984 2231 4163 2295 nulla
4197 2252 4325 2295 om—

2375 2327 2525 2389 nino
2565 2344 2668 2388 res
2711 2325 2828 2398 sit,'
2856 2321 2927 2385 in
2971 2342 3098 2403 qua
3131 2341 3255 2384 non
3290 2321 3427 2384 eius
3456 2319 3664 2401 ylaria
3698 2319 4011 2400 insculpta
4042 2317 4331 2395 reluceat,

2377 2416 2434 2475 et
2487 2411 2606 2475 ita'
2628 2412 2697 2474 in
2741 2407 3028 2473 omnibus
3071 2407 3335 2482 animis,
3395 2407 3463 2469 in
3505 2404 3791 2469 munibus
3833 2405 4071 2487 linquis
4112 2403 4331 2468 laudes

2375 2497 2515 2561 eius
2548 2500 2896 2576 personent.

2499 2670 2909 2755 Secunda.
3019 2667 3451 2751 Adveniet
3511 2693 3875 2776 regnum
3940 2676 4208 2746 tuum.

2554 2819 2840 2905 Reynum
2855 2822 2910 2901 2)
2970 2818 3096 2883 Dei
3152 2823 3240 2882 est
3257 2868 3270 2888 ,
3324 2822 3533 2881 sancto
3587 2791 3701 2879 suo
3758 2814 3989 2895 spiritu
4035 2833 4213 2894 ayere
4256 2834 4331 2878 ac

2377 2928 2585 2991 reyere
2639 2928 2786 2971 suos
2800 2957 2814 2985 ‚
2874 2927 2993 2987 quo
3048 2906 3115 2968 in
3161 2901 3444 2966 onmibus
3486 2921 3699 2968 eor-um
3742 2900 4024 2980 operibus
4067 2899 4332 2964 divitias

2376 2995 2667 3059 bonitatis
2702 3013 2776 3058 ac
2812 2989 3273 3058 misericordiae
3306 3008 3458 3052 suae
3492 2987 3859 3066 conspicuas
3888 2984 4101 3066 saciat.
4162 2983 4332 3048 Rur-

2376 3101 2516 3144 sum
2539 3080 2844 3162 reprobos,
2888 3080 2999 3159 qui
3043 3096 3226 3160 reyno
3259 3094 3372 3139 suo
3416 3072 3643 3139 subiici
3691 3073 3915 3149 nolunt,
3945 3071 4212 3152 perdere
4256 3090 4331 3133 ac

2376 3167 2749 3248 contundere
2805 3171 2859 3229 et
2912 3163 3279 3246 sacrileyam
3335 3180 3549 3225 eorum
3593 3159 4025 3241 arroyantiam
4052 3161 4330 3236 proster-

2375 3274 2519 3317 nere
2536 3279 2554 3316 .·
2585 3274 2702 3334 quo
2734 3253 3133 3326 manifestum
3162 3246 3294 3328 siat,
3330 3246 3572 3311 nullam
3605 3265 3735 3310 esse
3759 3248 4136 3326 potestatem„
4171 3263 4329 3323 quae

2376 3361 2528 3403 suae
2558 3340 2852 3420 potestati
2896 3337 3179 3401 resistere
3222 3338 3416 3414 queat.
3493 3331 3772 3396 Oramus
3813 3331 4042 3411 itaque,
4086 3333 4157 3392 ut
4195 3349 4329 3412 rey-

2376 3444 2528 3490 num
2572 3425 2701 3490 Dei
2745 3424 3070 3488 adveniat.-
3113 3421 3222 3485 hoc
3265 3424 3369 3497 est,
3414 3424 3485 3482 ut
3514 3438 3742 3483 novum
3778 3418 3848 3480 in
3883 3416 4015 3480 dies
4048 3412 4330 3495 fidelium

2365 3510 2677 3593 populum
2722 3510 3038 3573 Dominus
3082 3506 3456 3587 multiplicet,
3507 3505 3617 3586 qui
3656 3503 3925 3587 ylariani
3967 3521 4151 3566 suam
4207 3521 4331 3565 mo-

2377 3598 2481 3662 dis
2523 3595 2811 3660 omnibus
2855 3594 3167 3669 celebrent,
3206 3593 3275 3654 in
3319 3610 3419 3656 eos
3456 3592 3815 3673 gratiarum
3857 3609 4122 3653 suarum
4154 3586 4331 3651 uber-

2376 3689 2561 3747 tatem
2606 3683 2853 3764 laryius
2892 3699 3133 3759 semper
3174 3677 3479 3758 effundat,
3513 3697 3635 3757 per
3677 3696 3836 3755 quas
3879 3676 4086 3755 mayis
4127 3674 4332 3738 indies

2379 3789 2451 3832 ac
2495 3768 2699 3851 mayis
2744 3768 2912 3830 vivat
2955 3768 3023 3829 in
3067 3764 3200 3828 illis
3243 3784 3316 3827 ac
3357 3768 3592 3844 reynel,
3649 3761 3834 3826 donec
3880 3760 4150 3840 perfecte
4205 3757 4330 3821 sibi

2377 3855 2699 3920 adiunctos
2752 3858 2910 3916 totus
2970 3850 3257 3931 impleat.-
3309 3846 3503 3912 simul
3545 3852 3616 3910 ut
3658 3847 3852 3910 lucem
3898 3866 3972 3909 ac
4013 3845 4332 3909 veritatem

2377 3960 2562 4004 suam
2603 3940 2782 4003 novis
2824 3958 3066 4019 semper
3108 3935 3501 3999 incrementis
3536 3933 3802 3997 illustret
3816 3983 3829 4009 ‚
3885 3931 4107 4011 quibus
4148 3927 4330 3992 Sata-

2377 4047 2495 4091 nae
2509 4076 2523 4103 ,
2583 4026 2878 4108 regnique
2922 4025 3059 4087 eius
3113 4019 3393 4084 tenebras
3446 4040 3519 4084 ac
3572 4018 3899 4081 mendacia
3952 4020 4328 4092 evanescant,

2377 4111 2811 4194 dispellantur,
2857 4130 2930 4174 ac
2962 4112 3243 4188 pereant.
3312 4105 3487 4169 Dum
3521 4109 3727 4170 autem
3760 4102 3924 4166 hunc
3965 4102 4038 4164 in
4079 4101 4332 4165 modum

2366 4218 2723 4281 precamur,
2768 4202 2838 4259 ut
2877 4212 3138 4278 reynum
3182 4190 3309 4257 Dei
3353 4191 3662 4267 adveniat,
3708 4188 3902 4252 simul
3944 4192 4229 4268 optamus
4262 4191 4332 4250 ut

2367 4284 2740 4367 perficiatur
2781 4283 3029 4347 tandem
3084 4284 3139 4341 et
3195 4276 3556 4359 impleatur.-
3611 4277 3681 4339 in
3734 4273 4163 4338 revelationem
4216 4274 4333 4337 sci-

2377 4371 2514 4435 licet
2558 4369 2783 4435 iudicii
2823 4370 2988 4445 eius,
3049 4385 3166 4448 quo
3209 4363 3310 4428 die
3351 4362 3523 4428 solus
3562 4363 3700 4442 ipse
3742 4359 4134 4437 exaltabitur,
4189 4360 4332 4422 erit-

2377 4478 2493 4537 que
2526 4458 2597 4520 in
2632 4455 2918 4520 omnibus
2952 4453 3161 4518 omnia
3207 4451 3268 4531 (l
3313 4448 3460 4514 Cor.
3508 4453 3603 4525 15,
3644 4450 3787 4527 28).·
3833 4446 4094 4510 collectis
4128 4465 4200 4508 ac
4238 4464 4333 4508 re—

2376 4544 2565 4623 ceptis
2608 4544 2679 4606 in
2717 4541 2987 4624 ylariani
3032 4544 3177 4615 [pag.
3218 4540 3325 4614 39]
3378 4534 3546 4612 suis,
3603 4554 3787 4616 reyno
3850 4552 3993 4596 vero
4054 4529 4331 4595 Satanae

2375 4628 2693 4693 deturbato
2727 4628 2986 4710 penitus
3027 4628 3085 4688 et
3114 4626 3453 4703 prostrato.

2380 4806 2695 4888 Tertia.
2801 4801 3001 4883 Fiat
3062 4799 3455 4881 voluntas
3518 4809 3693 4902 tua,
3757 4806 3859 4876 ut
3923 4794 4009 4875 in
4071 4795 4330 4901 coelo,

3061 4920 3183 5001 ita
3244 4919 3329 4999 in
3392 4929 3641 5000 terra..

2561 5079 2697 5155 Qua
2716 5072 2773 5155 ³)
2798 5050 3210 5152 postulamus,
3248 5075 3325 5132 ut
3359 5061 3903 5150 quemadmodum
3939 5063 4011 5126 in
4044 5064 4199 5129 coelo
4228 5086 4329 5129 so-

2379 5163 2490 5238 let,
2533 5162 2629 5225 ita
2670 5161 2739 5223 in
2782 5164 2970 5237 terra,
3014 5157 3225 5221 omnia
3259 5174 3384 5237 pro
3429 5174 3548 5217 sua
3582 5152 3885 5216 voluntate
3920 5154 4204 5230 temperet
4237 5155 4329 5214 at-

2524 5368 2583 5431 1)
2607 5365 2789 5420 mut.
2800 5382 2859 5433 p.
2881 5361 2998 5416 181.

3120 5360 3181 5430 2)
3203 5361 3346 5418 Ibid.
3362 5376 3417 5428 p.
3441 5355 3539 5411 182
3558 5373 3663 5427 seq.
3784 5353 3846 5423 3)
3866 5354 4011 5445 Ibid.
4028 5371 4086 5424 p.
4107 5354 4209 5409 184
4226 5370 4329 5425 seq.
