5100 6061
297 430 411 493 329

295 616 444 700 pulo
481 616 691 681 Israel
727 617 1134 700 spiritualem
1172 617 1460 701 requiem
1497 620 1812 702 figurare:
1851 638 1982 699 qua
2018 638 2056 680 a
2096 621 2243 697 [pag.

301 705 400 781 10]
446 704 731 785 propriis
777 703 1081 785 operibus
1124 705 1343 769 feriari
1390 703 1633 769 debent
1674 702 1901 768 fideles
1918 755 1934 782 ,
1988 712 2061 767 ut
2107 701 2243 766 Do-

291 789 547 852 minum
592 789 661 852 in
705 810 775 853 se
817 790 1071 871 operari
1117 791 1355 855 sinant.
1445 790 1705 856 Deinde
1766 798 2012 854 statum
2070 787 2243 852 diem

293 895 428 939 esse
472 875 711 967 voluit,
760 896 887 957 quo
932 875 1014 939 ad
1059 877 1273 960 legem
1293 941 1299 946 ,
1317 875 1740 954 audiendam,
1798 882 1865 939 et
1912 895 2241 940 caeremo-

290 961 432 1025 nias
477 981 560 1043 pe
683 960 915 1040 endaS,
963 963 1408 1027 convenirent.
1500 963 1724 1027 Tertio
1769 963 2005 1039 servis,
2052 969 2120 1025 et
2161 961 2242 1024 iis

330 1048 396 1111 ui
440 1046 564 1111 sub
680 1048 887 1111 'orum
932 1048 1206 1131 imperio
1253 1047 1587 1132 degerent,
1684 1048 1877 1112 uietis
1921 1047 2094 1110 diem
2138 1047 2241 1109 in-

292 1069 697 1216 dulgendum
741 1134 1025 1212 censuit,
1073 1155 1200 1216 quo
1244 1134 1530 1217 aliquam
1574 1134 1662 1198 ha
1706 1141 1894 1199 erent
1937 1154 1976 1196 a
2018 1132 2241 1197 labore

291 1219 757 1284 remissionem.
852 1217 1192 1299 Quantum
1252 1220 1333 1284 ad
1393 1222 1675 1302 primam
1744 1240 2037 1297 causam,
2107 1239 2239 1282 non

291 1304 560 1369 dubium
617 1305 778 1386 quin
831 1306 900 1369 in
946 1305 1211 1370 Christo
1266 1306 1635 1371 cessaverit.
1727 1305 1854 1368 Ille
1910 1306 2086 1369 enim
2140 1313 2242 1368 est

290 1393 551 1467 veritas,
598 1392 783 1456 0111110
826 1393 1199 1473 praesentia
1240 1395 1285 1456 fi

289 1498 359 1543 co
441 1499 552 1554 us,
613 1477 798 1541 cuius
851 1477 1139 1542 adventu
1183 1500 1298 1541 um
1345 1499 1456 1543 rac
1511 1479 1989 1560 relinquuntur.
2079 1475 2238 1540 Ideo

290 1563 397 1629 sab
490 1570 634 1626 tum
680 1562 978 1636 umbram
1026 1564 1121 1628 rei
1171 1565 1430 1629 futurae
1483 1565 1680 1629 fuisse
1736 1563 2020 1627 affirmat
2061 1563 2238 1628 Pau-

287 1649 384 1714 lus
441 1648 614 1734 (Col.
656 1652 712 1724 2,
759 1649 893 1732 17):
951 1651 1135 1715 cuius
1189 1651 1539 1714 veritatem
1599 1648 1752 1714 alibi
1808 1649 2026 1732 (Rom.
2070 1652 2127 1726 6,
2167 1648 2237 1731 8)
2287 1633 2291 1712 3
2395 1719 2406 1731 ‚
2770 1721 2782 1732 ,
3522 1723 3533 1735 ‚
3614 1724 3627 1737 ‚

2287 1731 2292 1744 '
2345 1740 2499 1782 nmo
2555 1740 2823 1800 quaevls
2890 1740 3087 1798 noxa,
3159 1742 3291 1803 qua
3350 1743 3629 1804 proximi
3689 1745 3922 1822 corpus
3979 1724 4292 1802 laedatur,

291 1734 607 1817 explicat,
670 1732 826 1799 dum
886 1757 1004 1800 nos
1046 1734 1315 1801 Christo
1370 1736 1784 1817 consepultos
1843 1756 1983 1799 esse
2029 1734 2236 1811 docet,

286 1831 357 1885 ut
395 1841 523 1904 per
566 1821 705 1885 eius
741 1830 1018 1886 mortem
1056 1823 1274 1886 carnis
1313 1831 1574 1886 nostrae
1623 1842 1814 1886 corru
1861 1821 2026 1885 tioni
2060 1840 2239 1884 emo-

287 1907 554 1971 riamur.
643 1905 724 1970 Id
769 1914 989 1972 autem
1044 1909 1122 1971 fit
1166 1930 1300 1972 non
1342 1928 1475 1973 uno
1529 1906 1662 1984 die,
1714 1928 1785 1971 se
1884 1915 2020 1971 1010
2063 1900 2239 1970 vitae

287 2001 550 2057 nostrae
594 2015 806 2068 cursu,
853 1992 1059 2058 donec
1102 1996 1366 2076 penitus,
1409 1995 1735 2058 nobismet
1775 1994 1932 2074 ipsis
1977 1993 2237 2069 mortui,

286 2077 408 2144 Dei
456 2079 602 2144 vita
645 2079 1053 2160 impleamur.
1145 2084 1208 2144 A
1243 2079 1618 2144 christianis
1662 2100 1817 2162 ergo
1861 2079 2086 2142 abesse
2129 2076 2240 2141 de-

286 2163 391 2228 bet
447 2164 710 2229 dierum
770 2166 1218 2247 superstitiosa
1275 2167 1662 2230 observatio.
1755 2162 1888 2228 Sed
1932 2164 2240 2246 quoniam

289 2250 450 2315 duae
510 2252 899 2333 posteriores
956 2273 1189 2316 causae
1235 2250 1564 2317 veteribus
1621 2250 1869 2316 umbris
1924 2271 2236 2314 annume-

288 2338 418 2400 rari
457 2359 595 2401 non
620 2335 878 2414 debent,
923 2336 1037 2403 sed
1072 2339 1349 2403 saeculis
1393 2338 1694 2402 omnibus
1731 2356 2051 2419 peraeque
2085 2358 2239 2401 con-

289 2423 599 2487 veniunt:
647 2423 959 2506 abrogato
1004 2424 1300 2502 sabbatO,
1359 2425 1533 2488 inter
1578 2443 1698 2487 nos
1743 2431 1964 2487 tamen
2010 2424 2241 2486 etiam·

290 2530 447 2573 num
497 2509 712 2572 locum
756 2508 935 2574 istud
975 2509 1191 2587 habet,
1236 2517 1313 2574 ut
1355 2510 1543 2574 statis
1589 2507 1816 2574 diebus
1853 2507 1937 2573 ad
1973 2507 2240 2573 audien-

291 2594 444 2658 dum
492 2595 790 2674 verbum,
848 2594 928 2658 ad
970 2596 1232 2681 mystici
1262 2597 1466 2691 panis
1508 2595 1920 2672 fractionem,
1979 2594 2062 2659 ad
2117 2616 2240 2676 pu-

289 2679 489 2746 blicas
536 2681 866 2748 orationes
910 2683 1404 2747 conveniamus:
1466 2680 1726 2759 deinde,
1786 2690 1863 2744 ut
1921 2681 2129 2745 servis
2176 2689 2242 2744 et

290 2766 606 2849 operariis
663 2787 787 2831 sua
841 2765 1035 2831 detur
1080 2790 1118 2831 a
1164 2767 1382 2832 labore
1444 2768 1755 2832 remissio.
1846 2766 1997 2830 Non
2041 2767 2236 2842 enim,

290 2873 448 2934 quae
495 2859 720 2916 nostra
763 2865 864 2917 est
909 2854 1281 2928 infirmitaS,
1329 2854 1609 2918 obtineri
1655 2865 1898 2936 potest,
1951 2865 2026 2916 ut
2069 2853 2238 2916 eius·
2289 2883 2293 2898 ·

288 2938 460 3003 modi
532 2948 896 3004 conventus
963 2939 1239 3022 singulis
1305 2938 1535 3003 diebus
1601 2946 1898 3023 agantur.
1989 2937 2239 3019 Quam-

288 3025 543 3103 obrem,
605 3023 778 3107 quod
834 3024 915 3090 ad
973 3024 1396 3091 evertendam
1453 3025 1985 3109 superstitionem
2041 3046 2238 3107 expe-

291 3110 543 3189 diebat,
604 3110 901 3176 sublatus
946 3122 1046 3176 est
1088 3112 1349 3177 Iudaeis
1405 3111 1790 3197 observatus
1845 3111 2010 3176 dies:
2067 3110 2240 3194 quod

287 3197 500 3261 ordini
556 3218 632 3262 00
694 3199 840 3279 paci
901 3199 968 3262 in
1027 3198 1298 3264 ecclesia
1365 3198 1744 3263 retinendae
1799 3198 2238 3263 necessarium

287 3293 423 3347 erat
444 3335 459 3360 ,
518 3284 686 3347 alter
727 3285 798 3347 in
854 3302 1026 3348 eumx
1058 3306 1249 3348 usum
1310 3284 1673 3350 destinatus
1729 3292 1843 3349 est.
1934 3284 2030 3349 Ut
2082 3304 2238 3367 ergo

285 3370 401 3433 sub
453 3371 670 3453 figura
712 3368 974 3435 Iudaeis
1018 3369 1398 3435 tradebatur
1433 3369 1700 3447 veritas,
1747 3372 1837 3433 ita
1874 3369 2060 3434 nobis
2097 3372 2238 3434 sine

283 3457 539 3522 umbris
598 3454 1112 3521 commendatur.
1202 3457 1458 3533 Primo,
1529 3463 1604 3519 111
1655 3467 2043 3538 perpetuum
2099 3464 2240 3520 tota

282 3543 415 3606 vita
467 3541 936 3607 sabbatismum
975 3541 1368 3606 meditemur
1401 3564 1440 3606 a
1484 3546 1629 3622 [pag.
1664 3545 1764 3620 11]
1812 3543 2050 3605 nostris
2087 3561 2238 3623 ope-

284 3628 501 3706 ribus,
557 3649 684 3710 quo
728 3629 1054 3693 Dominus
1114 3629 1182 3691 in
1238 3627 1455 3706 nobis,
1515 3648 1632 3710 per
1677 3648 1867 3691 suum
1911 3627 2234 3708 spiritum,

282 3734 318 3778 o
399 3724 611 3779 retur.
702 3714 987 3792 Deinde,
1046 3722 1122 3778 ut
1177 3715 1546 3798 legitimum
1591 3713 1896 3779 ecclesiae
1941 3711 2238 3777 ordinem

281 3736 678 3866 ageverbum
724 3799 1152 3877 audiendum,
1213 3800 1297 3864 ad
1351 3812 1904 3866 sacramentorum
1962 3798 2238 3862 admini-

279 3887 686 3964 strationem,
734 3886 816 3951 ad
862 3885 1154 3968 publicas
1190 3888 1514 3951 orationes
1551 3886 1983 3950 constitutum
2019 3883 2238 3949 obser-

277 3992 536 4038 vemus.
612 3972 853 4051 Tertio,
902 3993 986 4035 ne
1029 3971 1213 4037 nobis
1260 3971 1554 4037 subditos
1597 3971 2048 4036 inhumaniter
2091 3992 2238 4053 pre-

279 4079 560 4122 mamus.

403 4347 416 4361 ,
477 4251 833 4335 Honora
891 4264 1224 4362 patrem
1287 4259 1377 4335 et
1435 4265 1819 4356 matrem,
1885 4263 2040 4335 etc.

457 4401 607 4482 Quo
651 4401 861 4483 pietas
905 4423 1062 4485 erga
1103 4410 1427 4484 parentes,
1473 4410 1542 4466 et
1583 4423 1691 4466 eos
1735 4403 1846 4485 qui
1889 4408 2238 4483 parentum

279 4487 427 4553 vice
471 4487 677 4565 nobis,
724 4486 1134 4552 ordinatione
1179 4488 1476 4567 Domini,
1523 4496 1865 4571 praesunt,
1912 4494 1987 4551 ut·
2029 4488 2237 4571 magi-

282 4581 563 4649 stratus,
625 4573 813 4637 nobis
869 4574 1294 4656 praecipitur,
1352 4595 1585 4657 nempe
1628 4581 1703 4638 ut
1747 4594 2006 4638 summa
2048 4594 2236 4638 reve-

280 4659 531 4738 rentia,
576 4658 971 4736 obedientia,
1018 4659 1417 4742 gratitudine
1437 4712 1450 4737 ,
1497 4668 1566 4724 et
1607 4660 1843 4743 quibus
1888 4680 2236 4742 possumus

281 4746 546 4822 officiis,
600 4747 778 4829 ipsos
823 4764 1308 4827 prosequamur.
1401 4746 1572 4811 Nam
1615 4746 1778 4812 haec
1821 4753 1921 4809 est
1963 4743 2236 4809 Domini

281 4830 607 4908 voluntas,
645 4838 722 4895 ut
755 4839 1054 4903 mutuam
1088 4832 1300 4897 vicem
1337 4832 1442 4897 his
1477 4831 1930 4916 rependamus,
1968 4831 2077 4912 qui
2116 4850 2236 4897 nos

278 4917 352 4979 in
410 4917 585 4982 hanc
627 4918 835 4981 vitam
891 4917 1320 4982 sustulerunt.
1411 4918 1548 4984 Nec
1602 4919 1906 4995 interest,
1966 4915 2236 4999 dignine

280 5024 364 5066 an
415 5003 670 5087 indigni
717 5003 878 5082 sint,
935 5003 1167 5085 quibus
1211 5002 1420 5067 honor
1461 5005 1583 5068 iste
1629 5004 1972 5068 deferatur.
2062 5002 2235 5067 Nam

279 5088 770 5171 qualescunque
814 5090 974 5165 sint,
1029 5097 1380 5171 parentum
1437 5088 1577 5154 loco
1620 5089 1808 5155 nobis
1868 5111 1906 5153 a
1949 5087 2270 5151 Domino-

277 5176 598 5258 praesecti
644 5182 815 5253 sunt,
861 5176 974 5258 qui
1018 5196 1125 5240 eos
1169 5174 1476 5239 honorari
1512 5175 1738 5240 voluit.
1805 5176 1897 5239 Et
1934 5176 2056 5239 1100
2092 5174 2234 5256 qui-

280 5260 436 5325 dem
478 5268 576 5326 est
608 5260 992 5326 mandatum
1027 5262 1314 5345 primum
1351 5281 1499 5326 cum
1527 5261 1980 5345 promissione,
2022 5267 2096 5324 ut
2134 5260 2235 5323 in-

280 5348 427 5429 quit
476 5346 726 5412 Paulus
781 5347 981 5429 (Eph.
1025 5351 1080 5423 6,
1122 5346 1209 5431 2),
1266 5368 1393 5429 qua
1447 5345 1603 5411 dum
1648 5347 2015 5430 praesentis
2061 5346 2235 5410 vitae

1954 427 2630 497 OATEOHISMUS.

2287 1931 2293 1984 α
2343 1910 2497 1953 nem

4171 443 4295 503 330

2348 619 2866 685 benedictionem
2913 622 3239 687 Dominus
3282 623 3625 706 pollicetur
3666 625 3847 706 filiis,
3905 627 4014 710 qui
4059 648 4296 711 paren-

2348 712 2465 782 tes,
2512 726 2641 787 qua
2685 705 2887 785 decet,
2932 708 3385 774 observatione
3433 711 3779 776 coluerint:
3838 712 4031 778 simul
4075 714 4297 778 innuit

2347 791 2651 856 omnibus
2675 793 3109 877 immorigeris
3148 816 3222 860 00
3258 795 3831 879 inobsequentibus
3866 799 4297 865 certissimam

2351 876 2692 941 imminere
2727 878 3264 945 maledictionem.
3327 880 3461 947 Sed
3494 883 3667 948 istud
3706 885 3907 949 etiam
3940 884 4149 950 obiter
4181 883 4296 950 ad-

2347 962 2743 1038 notandum,
2804 964 2974 1046 quod
3032 965 3165 1029 illis
3219 965 3480 1032 obedire
3537 990 3669 1033 non
3714 971 3839 1036 nisi
3895 972 3964 1034 in
4006 971 4295 1035 Domino

2345 1047 2664 1113 iubemur.
2732 1049 3018 1115 Proinde
3063 1073 3194 1116 non
3241 1054 3799 1133 committendum,
3846 1063 3922 1120 ut
3965 1058 4034 1120 in
4070 1078 4295 1122 eorum

2345 1135 2627 1216 gratiam
2673 1132 2946 1199 Domini
2987 1137 3195 1221 legem
3243 1139 3819 1223 transgrediamur.
3910 1143 4081 1206 'Pum
4117 1144 4295 1208 enim

2346 1240 2479 1283 non
2524 1227 2831 1303 parentes
2875 1222 3057 1287 nobis
3102 1222 3387 1288 habendi
3432 1233 3606 1302 sunt,
3654 1227 3766 1292 sed
3812 1229 4138 1306 extranei,
4185 1228 4293 1311 qui

2344 1327 2463 1370 nos
2504 1328 2543 1368 a
2589 1307 2731 1370 veri
2778 1308 2981 1390 patris
3026 1308 3396 1374 obedientia
3439 1311 3799 1377 subducere
3844 1327 4179 1378 conantur.

1381 1413 1494 1457 rae
1538 1412 1763 1456 omnes
1808 1396 2237 1456 evanescunt:
2288 1435 2292 1482 ἔ

2286 1491 2293 1620 l
3014 1485 3209 1568 Non
3272 1489 3615 1571 occides

2516 1631 2664 1713 Quo
2722 1632 2906 1698 nobis
2948 1634 3265 1699 violentia
3307 1637 3519 1700 omnis
3576 1658 3649 1701 ac
3704 1639 3941 1702 iniuria
3962 1692 3975 1714 ,
4034 1649 4099 1703 et
4155 1661 4294 1704 om-

2347 1809 2493 1885 [pag.
2539 1809 2643 1883 12]
2689 1805 3039 1870 interdicta
3081 1818 3196 1871 est.
3269 1808 3439 1870 Nam
3476 1810 3528 1871 si
3577 1808 3906 1873 hommem
3946 1809 4028 1874 ad
4063 1813 4295 1896 imagi-

2534 1889 2664 1954 Dei
2708 1892 3203 1957 meminerimus
3240 1914 3382 1958 esse
3418 1892 3769 1972 conditum,
3817 1905 4296 1962 sacrosanctum

2346 1997 2494 2041 eum
2559 1977 2800 2042 habere
2858 1975 3196 2043 debemus:
3269 1989 3494 2062 utpote
3549 1981 3663 2062 qui
3717 1982 3943 2045 violari
4000 1992 4293 2065 nequeat,

2344 2064 2500 2144 quin
2547 2065 2765 2146 imago
2809 2085 3061 2145 quoque
3108 2064 3232 2128 Dei
3280 2066 3580 2130 violetur.

2892 2241 3084 2322 Non
3150 2243 3745 2326 moechaberis.

2516 2388 2667 2468 Quo
2723 2411 2917 2453 omne
2972 2391 3382 2455 scortationis
3453 2405 3519 2455 et
3575 2392 4023 2474 impudicitiae
4090 2415 4296 2477 genus

2344 2475 2660 2540 facessere
2704 2499 2743 2539 a
2788 2476 2972 2542 nobis
3016 2477 3209 2541 iubet.
3301 2476 3627 2543 Dominus
3672 2478 3851 2543 enim
3887 2479 4102 2543 virum
4146 2501 4295 2544 mu-

2343 2561 2486 2624 lieri
2543 2561 2683 2625 sola
2737 2563 3022 2645 coniugii
3076 2562 3222 2646 lege
3279 2563 3595 2627 adiunxit.
3687 2564 3778 2627 Et
3832 2584 3977 2628 eam
4021 2566 4298 2630 societa-

2345 2658 2496 2722 tem,
2544 2666 2666 2711 sua
2704 2649 3053 2712 autoritate
3095 2650 3344 2727 initam,
3392 2670 3511 2714 sua
3546 2669 3797 2732 quoque
3845 2649 4295 2716 benedictione

2289 2785 2293 2798 .
2344 2733 2793 2797 sanctificavit.
2883 2731 3077 2799 Unde
3122 2746 3412 2813 constat,
3471 2736 3697 2812 aliam,
3756 2755 3951 2816 quam
4009 2737 4296 2819 coniugii

2288 2807 2294 2872 1
2345 2819 2714 2883 societatem
2762 2841 2980 2883 coram
3024 2821 3169 2901 ipso
3214 2821 3630 2886 maledictam
3656 2811 3832 2885 esse.
3914 2820 4147 2902 Itaque
4181 2823 4295 2903 qui

2288 2915 2294 2990 ᾗ
2343 2905 2785 2968 continentiae
2808 2903 2996 2980 don0,
3035 2907 3352 2987 singulari
3377 2907 3640 2989 quidem
3676 2907 3806 2983 1110,
3845 2907 4058 2971 necin
4079 2907 4294 2971 cuius-

2288 2997 2293 3037 *
2343 2990 2503 3056 libet
2545 3003 2864 3074 potestate
2909 2993 3059 3071 sito,
3107 2991 3385 3074 praediti
3442 3015 3572 3057 non
3626 3003 3807 3069 sunt,
3866 2992 4082 3057 carnis
4139 3013 4295 3057 suae

2287 3074 2292 3155 Ι
2343 3078 2888 3159 intemperantiae
2933 3079 3205 3143 honesto
3251 3079 3647 3143 matrimonii
3702 3078 3986 3143 remedio
4030 3099 4294 3144 succur-

2343 3178 2511 3227 rant.
2602 3157 3005 3229 Honorabile
3063 3166 3238 3230 enim
3296 3167 3470 3230 inter
3523 3186 3749 3230 omnes
3804 3165 4295 3229 matrimonium

2287 3306 2292 3321 ,
2344 3249 2579 3328 (Ηο111.
2632 3253 2723 3327 13,
2762 3252 2860 3329 4);
2920 3262 3308 3316 scortatores
3354 3262 3605 3330 autem,
3664 3261 3733 3315 et
3783 3251 4141 3326 adulteros,
4198 3251 4294 3314 iu-

2287 3340 2292 3379 7
2345 3334 2585 3399 dicabit
2632 3335 2831 3400 Deus,

2963 3497 3157 3578 Non
3221 3498 3656 3580 furaberis

2518 3642 2666 3722 Quo
2711 3645 2878 3707 alter
2921 3645 3191 3709 alterius
3233 3645 3652 3711 facultatibus
3685 3645 4000 3723 insidiari,
4047 3648 4114 3709 in
4151 3646 4294 3709 uni-

2345 3751 2607 3794 versum
2654 3729 3097 3812 prohibemur.
3191 3730 3444 3798 Omnes
3491 3733 3667 3797 enim
3712 3734 4003 3815 rapinas,
4062 3731 4294 3813 quibus

2343 3814 2698 3881 imbecilles
2738 3830 3069 3880 vexentur
3103 3838 3177 3882 ac
3212 3819 3701 3900 opprimantur,
3748 3840 3971 3882 omnes
4014 3816 4293 3893 fraudes,

2343 3901 2579 3985 quibus
2601 3902 3069 3984 simpliciorum
3094 3903 3467 3968 innocentia
3491 3903 4061 3979 circumveniatur,
4100 3902 4294 3985 longe

2345 4011 2384 4052 a
2436 3987 2673 4071 populo
2730 4008 2845 4051 suo
2906 3986 3131 4054 abesse
3176 3988 3323 4053 vult
3364 3990 3709 4054 Dominus.
3801 3988 4024 4068 Quare
4073 3987 4130 4052 si
4172 4009 4294 4071 pu-

2344 4096 2451 4139 ras
2507 4081 2573 4137 et
2625 4074 3007 4139 innocentes
3050 4094 3089 4137 a
3132 4073 3307 4139 furto
3367 4096 3601 4139 manus
3660 4093 3925 4138 servare
3972 4073 4293 4151 volumus,

2344 4180 2475 4224 non
2521 4161 2740 4224 minus
2787 4159 2868 4224 ab
2913 4161 3089 4225 omni
3132 4159 3488 4225 calliditate
3531 4180 3605 4225 ae
3650 4159 3969 4235 versutia,
4014 4181 4212 4241 quam
4256 4182 4296 4223 a

2347 4247 2635 4311 violenta
2678 4245 3062 4329 direptione,
3111 4247 3296 4311 nobis
3341 4243 3816 4311 abstinendum.

2432 4422 2629 4504 Non
2692 4423 3003 4505 falsum
3067 4423 3645 4505 testimonium
3707 4422 3959 4526 diceS‚
4025 4436 4180 4505 etc.

2513 4572 2643 4637 Ubi
2672 4572 3195 4637 maledicentiam
3234 4580 3300 4637 et
3335 4570 3770 4637 conviciosam
3808 4572 4286 4655 procacitatem.

2341 4680 2470 4741 qua
2505 4658 2727 4722 fratris
2766 4658 2974 4722 nostri
3009 4658 3183 4722 fama
3216 4657 3682 4741 proscinditur,
3722 4667 3865 4722 tum
3889 4679 4082 4722 omne
4104 4677 4290 4720 men·

2342 4743 2619 4822 dacium,
2663 4764 2788 4825 quo
2823 4743 2961 4808 ulla
3004 4744 3075 4807 in
3117 4752 3306 4827 parte
3344 4744 3648 4820 laeditur,
3697 4743 3966 4809 damnat
4002 4748 4148 4824 [pag.
4184 4746 4286 4822 13]

2339 4829 2685 4895 Dominus
2775 4829 2946 4894 Nam
3001 4831 3054 4894 si
3114 4829 3510 4912 quibuslibet
3563 4831 3886 4896 thesauris
3941 4828 4287 4912 pretiosius

2340 4925 2442 4981 est
2479 4936 2722 4982 nomen
2767 4915 3040 4992 bonum,
3089 4916 3299 4981 nihilo
3344 4918 3595 4982 minore
3642 4938 3812 4980 noxa
3866 4915 4149 4979 nominis
4186 4915 4286 4977 in-

2340 5004 2677 5085 tegritate,
2724 5022 2919 5083 quam
2961 5002 3273 5081 fortunis,
3333 5002 3706 5085 spoliamur.
3797 5002 3880 5064 In
3924 4999 4290 5083 diripienda

2341 5096 2562 5152 autem
2586 5087 2724 5152 eius
2761 5087 3145 5167 substantia,
3174 5110 3310 5152 non
3348 5089 3566 5153 minus
3600 5085 3928 5151 interdum
3972 5085 4134 5151 falso
4157 5095 4286 5150 tes-

2340 5175 2613 5238 timonio
2647 5194 2840 5255 quam
2879 5195 3199 5239 manuum
3240 5175 3591 5257 rapacitate
3625 5174 3977 5257 proficitur.
4042 5170 4283 5254 Quare,

2338 5271 2414 5324 ut
2466 5260 2764 5343 proximo
2816 5280 3086 5341 manus,
3138 5262 3231 5325 ita
3288 5261 3411 5325 hoc
3466 5258 3775 5324 mandato
3831 5259 4054 5343 lingua
4111 5258 4287 5325 cohi-

2338 5347 2548 5411 betur.
4304 5357 4310 5363 ·
