5100 6061
733 418 950 488 an
1913 392 2458 495 maAo'rAws
2503 409 3090 477 fflonoam
3132 408 3579 477 MINORES.

739 615 822 674 et·
853 606 1107 672 duabus
1147 604 1408 690 paginis
1452 604 1666 688 primo
1713 604 1854 670 loco
1898 604 2115 686 ipsum
2162 600 2658 668 catechismum
2701 600 2876 685 (pag.
2923 604 3083 664 1-5
3094 600 3157 684 1)
3204 600 3565 677 continent,
3609 603 3754 663 tum
3798 598 3952 663 huic
3986 598 4399 663 subiunctam
4435 599 4758 684 antiquis-

737 719 979 786 simum
1019 716 1514 783 Confessionem
1557 718 1628 781 in
1672 737 1869 800 quam
1926 715 2103 781 cives
2159 733 2563 799 genevenses
2615 733 2843 779 omnes
2887 720 2953 777 et
2995 714 3105 797 qui
3159 710 3282 779 sub
3325 710 3723 794 reipublicae
3767 710 4012 775 ditione
4067 708 4348 794 agebant
4390 711 4610 777 iurare
4651 712 4757 776 iu-

739 829 1068 897 bebantur
1111 828 1288 913 (pag.
1340 827 1641 911 52—62).

1050 940 1135 1005 In
1189 939 1344 1005 folio
1399 938 1631 1003 ultimo
1684 948 1860 1004 recto
1910 937 2223 1022 leguntur
2277 936 2465 1000 haec:
2524 933 3027 1015 BASILEAE,
3078 936 3180 1000 IN
3236 933 3524 1013 OFFI-1
3554 943 3726 998 CINA
3770 942 4088 998 ROBERTI
4132 942 4462 1015 WINTER,
4503 942 4514 1011 Ι
4549 944 4758 1001 ANNO

700 1036 705 1045 ’
738 1062 822 1116 Μ.
859 1061 926 1115 D.
962 1062 1271 1117 XXXVIII.
1308 1059 1319 1128 Ι
1357 1050 1590 1115 Mense
1624 1049 2017 1114 Martioff—
2051 1047 2137 1111 In
2181 1045 2408 1113 eodem
2450 1046 2604 1111 folio
2649 1067 2836 1113 verso
2879 1047 3276 1130 conspicitur
3309 1047 3559 1130 effigies
3595 1045 3941 1110 Minervae
3979 1044 4273 1129 galeatae
4307 1046 4751 1131 hastataeque,

739 1163 981 1227 miram
1025 1160 1353 1244 quandam
1398 1159 1898 1225 similitudinem
1943 1161 2233 1225 referens
2278 1158 2456 1223 illius
2498 1179 2663 1242 quae
2706 1159 2776 1222 in
2820 1158 2995 1226 calce
3037 1158 3288 1241 primae
3331 1158 3776 1223 Institutionis
3818 1157 4063 1222 latinae
4106 1165 4406 1241 apparet,
4453 1159 4758 1225 officinae

740 1274 1036 1339 'rhomae
1079 1273 1329 1339 Plateri
1384 1278 1452 1338 et
1491 1271 1905 1337 Balthasaris
1947 1271 2137 1337 Lasii
2193 1271 2514 1337 emblema
2572 1270 2907 1355 (Prolegg.
2954 1268 3123 1354 Opp.
3171 1269 3435 1336 Calvini
3478 1271 3661 1335 Tom.
3706 1270 3760 1335 I.
3807 1290 3953 1354 pag.
4000 1268 4260 1354 XXX).
4351 1268 4428 1335 Si
4483 1291 4613 1336 non
4668 1271 4755 1337 ab

737 1384 972 1451 iisdem
1018 1383 1443 1469 typographis
1486 1394 1763 1466 uterque
1806 1382 1975 1448 liber
2020 1403 2300 1448 excusus
2345 1388 2463 1461 est,
2509 1389 2688 1449 certe
2732 1404 2814 1448 ex
2859 1380 3088 1448 eadem
3132 1382 3394 1448 officina
3438 1380 3708 1465 prodiit,
3766 1381 4127 1464 iisdemque
4180 1382 4362 1465 typis
4414 1382 4758 1465 utriusque

738 1496 1056 1581 praefatio
1101 1516 1413 1578 expressa
1456 1503 1572 1561 est.
1665 1492 1861 1574 Quod
1906 1493 2115 1577 ipsius
2158 1494 2415 1559 Platori
2457 1495 2907 1559 testimonium
2955 1496 3299 1559 confirmat
3340 1494 3413 1558 in
3459 1493 4003 1577 autobiographia
4046 1514 4192 1571 sua,
4240 1514 4280 1557 a
4322 1494 4484 1558 viro·
4512 1494 4753 1560 doctis—

739 1607 908 1673 simo
952 1607 1277 1674 Fechtero
1320 1595 1689 1672 Basileensi
1736 1605 1930 1683 edita,
1979 1626 2127 1690 pag.
2177 1609 2257 1670 89
2302 1625 2474 1688 seqq.
2521 1606 2892 1686 referentis,
2940 1606 3249 1671 societate
3292 1604 3769 1689 typographica
3809 1626 4007 1687 quam
4061 1605 4233 1670 circa
4287 1624 4534 1670 annum
4585 1608 4756 1670 1535

738 1739 891 1785 cum
933 1718 1149 1784 tribus
1194 1717 1489 1802 collegis,
1535 1717 1765 1795 Lasio,
1825 1714 2122 1801 Oporino
2167 1723 2233 1781 et
2276 1716 2589 1780 Wintero
2631 1717 2886 1797 inierat,
2934 1738 3067 1782 non
3109 1718 3202 1782 ita
3243 1717 3440 1801 longe
3496 1722 3646 1800 post
3698 1717 4065 1799 pactionem
4120 1716 4358 1781 factam
4414 1714 4749 1797 dissoluta,

736 1851 810 1896 se
863 1850 1129 1895 omnem
1182 1850 1372 1893 suam
1422 1828 1893 1912 supellectilem
1938 1827 2248 1893 Wintero
2306 1827 2673 1893 tradidisse.
2763 1826 2928 1893 Inde
2983 1829 3188 1913 igitur
3244 1828 3361 1893 illa
3414 1827 3816 1895 catechismi
3868 1829 4079 1892 nostri
4132 1848 4284 1893 cum
4326 1828 4756 1895 Institutione

736 1940 952 2023 prima
994 1940 1065 2003 in
1111 1941 1291 2025 typis
1336 1940 1670 2024 signisque
1715 1940 2068 2024 conspicua
2114 1939 2546 2005 necessitudo.
2638 1940 2856 2023 Atque
2896 1940 3058 2005 haec
3101 1938 3181 2004 de
3227 1948 3501 2005 externa
3542 1938 3697 2005 libri
3738 1940 3948 2004 forma
3991 1939 4167 2006 dicta
4209 1940 4553 2006 sufficiant.

1045 2051 1286 2117 Restat
1340 2058 1418 2115 ut
1471 2051 1552 2116 de
1605 2051 1896 2116 eiusdem
1951 2050 2237 2116 editione
2291 2046 2588 2135 principe
2646 2051 2965 2117 nonnulla
3019 2051 3418 2118 adiiciamus.
3509 2051 3656 2116 Iam
3712 2073 3795 2116 ex
3850 2050 4029 2115 tituli
4083 2061 4312 2116 tenore
4365 2051 4512 2117 luce
4567 2058 4755 2136 patet

736 2162 996 2242 clarius,
1041 2162 1218 2228 hunc
1260 2162 1747 2230 Catechismum
1792 2164 1863 2226 in
1906 2184 2098 2228 usum
2143 2163 2401 2229 scholae
2457 2171 2652 2248 atque
2704 2162 3011 2230 ecclesiae
3065 2164 3456 2249 genevensis
3515 2185 3554 2227 a
3597 2162 3878 2228 Calvino
3934 2163 4404 2244 conscriptum,
4462 2162 4750 2246 primum

736 2272 972 2357 gallice
1014 2272 1353 2357 prodiisse.
1443 2273 1570 2340 Oui
1613 2274 1987 2340 testimonio
2031 2295 2404 2358 quanquam
2446 2296 2568 2358 per
2606 2297 2676 2340 se
2721 2275 3083 2341 certissimo
3127 2276 3182 2341 si
3228 2275 3356 2340 duo
3400 2274 3531 2339 alia
3575 2274 3904 2353 addimus,
3960 2275 4230 2339 minime
4273 2284 4492 2340 actum
4536 2275 4750 2339 acturi
4873 2274 4884 2293 ⁸

738 2391 855 2448 aut
896 2383 1092 2466 plane
1138 2406 1692 2467 supervacaneum
1737 2385 1986 2469 aliquid
2031 2386 2267 2452 facturi
2311 2386 2499 2452 nobis
2542 2384 2872 2465 videmur,
2909 2387 3319 2470 ‘praesertim
3361 2406 3563 2469 quum
3609 2407 3775 2469 quae
3830 2385 4109 2466 aliorum
4151 2385 4545 2469 scriptorum
4589 2387 4749 2452 affe-

739 2516 961 2561 remus
1002 2495 1142 2562 loca
1188 2494 1265 2561 de
1308 2503 1531 2562 nostro
1576 2497 1698 2564 hoc
1743 2496 1961 2563 libello
2008 2499 2464 2577 tractantium,
2512 2497 2594 2562 de
2640 2505 2931 2582 tempore
2976 2520 3098 2564 nos
3141 2499 3450 2565 certiores
3493 2495 3766 2562 reddere
3804 2498 4060 2580 possint
4102 2517 4230 2581 quo
4274 2496 4510 2582 gallica
4554 2497 4754 2564 editio

737 2605 895 2671 olim
938 2608 1225 2689 primum
1271 2609 1450 2692 typis
1494 2608 1808 2693 evulgata
1850 2610 2065 2674 fuerit.

1044 2718 1131 2782 In
1173 2720 1313 2784 vita
1355 2718 1619 2787 Calvini
1673 2719 1905 2805 gallice
1964 2741 2137 2785 anno
2184 2725 2346 2783 1565
2403 2719 2581 2784 edita
2634 2729 2702 2785 et
2752 2721 2953 2805 vulgo
3007 2720 3350 2787 Theodoro
3403 2721 3624 2786 Bezae
3677 2720 3928 2786 tributa
3982 2720 4098 2785 sed
4149 2721 4293 2805 ipso
4345 2721 4526 2786 Beza
4582 2728 4754 2802 teste

735 2828 1008 2895 Nicolao
1051 2828 1434 2895 C'olladonio
1476 2831 1824 2897 tribuenda
1873 2832 2033 2898 haec
2084 2832 2398 2917 leguntur
2442 2830 2513 2914 (b
2557 2831 2603 2915 ij
2648 2834 2895 2917 verso):
2951 2832 3039 2896 Et
3090 2833 3308 2898 advint
3362 2836 3491 2897 tout
3543 2833 3665 2898 ceci
3709 2833 3838 2898 l'an
3888 2836 4072 2897 1536
4114 2853 4200 2897 au
4250 2838 4756 2899 commencement

735 2943 813 3007 de
861 2939 1239 3024 Septembre.-
1290 2943 1459 3007 mais
1511 2964 1597 3007 un
1643 2965 1773 3025 peu
1829 2963 2020 3025 apres
2061 2943 2113 3008 il
2149 2944 2250 3025 fut
2305 2943 2486 3008 aussi
2542 2945 2711 3010 esleu
2759 2944 3047 3010 Pasteur.
3137 2944 3369 3009 Estant
3420 2945 3594 3009 ainsi
3647 2942 3892 3008 declarc'
3941 2942 4211 3008 Pasteur
4263 2950 4320 3010 et
4360 2943 4631 3010 Docteur
4671 2965 4752 3009 eu

735 3060 890 3121 ceste
932 3053 1151 3138 Eylise
1203 3074 1349 3119 avec
1403 3056 1666 3139 leyitime
1722 3055 1969 3121 election
2023 3061 2081 3120 et
2133 3055 2550 3138 approbation
2593 3056 2645 3121 il
2685 3057 2904 3122 dressa
2947 3078 3037 3121 un
3078 3055 3245 3138 brief
3283 3057 3655 3139 formulaire
3696 3058 3773 3122 de
3813 3057 4153 3138 confession
4195 3062 4252 3121 et
4289 3057 4366 3122 de
4405 3056 4754 3140 discipline,

722 3187 894 3249 pour
934 3165 1174 3231 donner
1213 3167 1475 3247 quelque
1511 3166 1714 3247 forme
1757 3166 1800 3231 ὰ
1841 3173 1993 3233 ceste
2036 3167 2254 3252 Eylise
2306 3166 2747 3233 nouvellement
2795 3168 3049 3235 dressee.
3140 3167 3219 3233 Il
3267 3168 3344 3250 fit
3395 3169 3574 3235 aussi
3625 3189 3716 3233 un
3775 3166 4174 3248 Catechisme,
4229 3189 4354 3234 non
4398 3189 4523 3251 pas
4575 3168 4754 3252 celuy

737 3298 855 3360 que
896 3296 1059 3342 nous
1101 3297 1295 3342 avons
1336 3277 1755 3360 auiourdhuy‚
1799 3279 2070 3361 compose
2101 3299 2233 3361 par
2276 3279 2610 3345 demandes
2651 3283 2710 3343 et
2745 3299 3084 3361 respons-es,
3126 3281 3297 3344 mais
3337 3301 3428 3345 un
3472 3286 3649 3346 autre
3687 3284 4004 3345 contenant
4044 3281 4375 3345 seulement
4396 3301 4530 3362 par
4559 3279 4754 3362 briefs

736 3388 1106 3453 sommaires
1146 3387 1235 3452 les
1265 3388 1661 3469 principaux
1696 3390 1943 3471 poincte
1984 3390 2059 3455 de
2102 3390 2168 3454 la
2209 3390 2490 3473 reliyion.
2583 3390 2672 3454 Et
2712 3391 2980 3456 dautant
3028 3410 3145 3471 que
3196 3391 3306 3474 luy
3358 3396 3413 3456 et
3465 3411 3566 3456 ses
3622 3411 4036 3476 compaynons
4080 3390 4410 3456 Mnistres
4458 3396 4756 3475 voyoyent

735 3519 853 3580 que
894 3499 1119 3563 c‘estoit
1160 3518 1250 3562 un
1291 3499 1561 3581 mespris
1602 3500 1713 3565 des
1754 3519 2102 3566 sacr-emens
2143 3502 2220 3566 de
2256 3502 2526 3568 recevoir
2570 3501 2659 3567 les
2694 3522 2847 3587 qens
2890 3503 2931 3568 ὰ
2973 3503 3042 3569 la
3089 3500 3259 3582 Uene,
3305 3502 3486 3586 qu’on
3528 3525 3604 3569 ne
3642 3507 3811 3569 seust
3848 3503 3990 3568 s'ilz
4032 3507 4284 3586 avoyent
4325 3503 4582 3569 renonce
4613 3523 4752 3567 aux

736 3608 1074 3686 idolatrie-s,
1116 3609 1199 3674 ils
1240 3609 1558 3691 requirent
1597 3610 1686 3676 les
1726 3609 2107 3695 Maqistrats
2151 3613 2228 3678 de
2256 3633 2569 3696 procurer
2610 3634 2725 3696 que
2768 3614 2823 3679 le
2852 3614 3082 3697 peuple
3123 3618 3321 3678 estant
3362 3614 3601 3697 appelle
3644 3636 3779 3697 par
3821 3615 4108 3681 dixains
4140 3614 4347 3680 iurast
4399 3614 4468 3680 la
4520 3614 4752 3695 confes-

735 3741 879 3786 swn
920 3720 995 3786 de
1033 3720 1155 3802 foy.
1250 3719 1332 3786 Ge
1375 3723 1486 3802 qui
1526 3721 1626 3802 fut
1666 3723 1882 3788 trouve
1924 3723 2069 3804 bon,
2126 3728 2181 3788 et
2238 3729 2436 3790 estant
2492 3725 2766 3791 ordonn&
2795 3747 2930 3808 par
2970 3725 3028 3791 le
3073 3723 3342 3806 Gon-sed,
3387 3725 3443 3791 le
3474 3728 3705 3809 peuple
3742 3748 3787 3809 y
3827 3725 3981 3792 obeit
4032 3724 4461 3809 clame-ment,
4519 3745 4751 3791 comme

735 3832 1096 3916 luy-mesme
1138 3832 1225 3897 l’a
1268 3833 1452 3897 escrit
1493 3853 1569 3897 en
1610 3853 1732 3898 une
1780 3832 2044 3917 Preface
2088 3837 2247 3917 qu’il
2287 3837 2405 3901 mit
2447 3837 2663 3902 audiat
2707 3834 3108 3918 Oatechisme,
3149 3839 3205 3903 le
3241 3838 3487 3919 faisant
3515 3839 3676 3920 puis
3733 3860 3919 3922 apres
3973 3839 4301 3920 imprimer
4342 3857 4419 3901 en
4462 3837 4657 3902 Latin
4704 3836 4750 3901 ὰ

738 3942 937 4009 Basle
979 3944 1112 4009 l'an
1159 3948 1344 4009 1538
1386 3966 1475 4010 au
1517 3946 1676 4009 mois
1716 3946 1791 4010 de
1834 3944 2038 4012 Mars.
2127 3947 2312 4013 Haec
2354 3947 2483 4013 ille.
2973 4015 2976 4018 ,

1045 4055 1131 4119 In
1175 4055 1315 4120 vita
1358 4055 1619 4121 Calvini
1661 4056 1870 4122 latina
1911 4079 2076 4141 quae
2118 4079 2192 4123 re
2235 4081 2397 4126 vera
2417 4073 2471 4124 ‘a
2515 4059 2858 4124 Theodoro
2899 4060 3078 4125 Beza
3121 4081 3294 4129 anno
3343 4049 3504 4124 1555
3547 4061 3917 4143 conscripta
3961 4068 4089 4141 est,
4145 4060 4230 4126 ad
4283 4081 4530 4127 annum
4581 4063 4748 4124 1536

738 4167 943 4231 ferme
984 4164 1213 4230 eadem
1256 4167 1328 4230 in
1372 4166 1829 4250 compendium
1871 4168 2137 4235 redacta
2194 4170 2643 4254 reperiuntur:
2707 4171 2882 4237 Tunc
2939 4172 3118 4256 (post
3169 4171 3680 4254 disputationem
3738 4172 4242 4239 lausannensem
4294 4174 4398 4237 cui
4448 4171 4752 4236 interfuit

737 4275 1083 4353 Calvinus)
1132 4279 1301 4346 edita
1343 4283 1432 4344 est
1471 4299 1514 4343 a
1562 4277 1820 4344 Calvino
1862 4279 2242 4346 christianae
2285 4282 2599 4347 doctrinae
2636 4284 2944 4365 quaedam
2985 4283 3174 4348 veluti
3212 4283 3509 4367 formula,
3548 4286 3811 4351 vixdum
3855 4286 4184 4369 emeryenti
4227 4305 4259 4349 e
4290 4288 4575 4367 papatus
4615 4303 4758 4347 sor-
4841 4373 4858 4376 „

734 4387 921 4451 (libus
956 4391 1279 4470 yenevensi
1321 4391 1607 4455 ecclesiae
1649 4393 2120 4458 accommodata.
2212 4393 2488 4459 Addidit
2530 4395 2718 4459 etiam
2765 4393 3245 4476 Catechismum‚
3290 4417 3414 4462 non
3455 4397 3638 4461 illum
3682 4398 3753 4462 in
3795 4398 4182 4479 quaestiones
4223 4401 4278 4460 et
4318 4395 4758 4478 responsiones

737 4497 1144 4563 lis-tributum
1186 4520 1365 4580 quem
1403 4481 1571 4566 'nunc
1622 4501 1939 4583 habemus,
1994 4505 2104 4569 sed
2159 4505 2361 4569 alium
2415 4505 2604 4569 multo
2653 4506 3016 4586 brevior-M,
3057 4509 3410 4590 praecipua
3465 4509 3791 4594 reliyionis
3844 4510 4051 4590 capita
4103 4507 4502 4589 complexum.
4591 4505 4760 4588 Ipse

737 4609 1017 4693 denique
1072 4609 1392 4676 Calvinus
1444 4613 1516 4676 in
1571 4614 1843 4696 epistola
1899 4614 1981 4679 ad
2044 4615 2428 4701 Grynaeum
2472 4616 2736 4682 Bernae
2793 4619 3064 4702 scripta,
3120 4626 3268 4701 post
3322 4618 3649 4705 synodum
3705 4619 3810 4684 die
3861 4625 3954 4684 14.
4002 4619 4165 4685 Maii
4223 4618 4514 4683 habitam
4568 4638 4763 4681 anno

741 4724 926 4802 1537,
972 4722 1146 4786 inter
1186 4721 1314 4785 alia
1355 4723 1517 4790 haec
1564 4724 1745 4790 dicit:
1798 4709 2245 4811 Puryationem
2287 4728 2600 4793 duntaxat
2642 4749 2801 4811 quae
2833 4751 2995 4812 prae
3038 4731 3330 4795 manibus
3372 4737 3504 4796 erat
3546 4732 3876 4797 obiecimus
3921 4731 4466 4814 (accusationibus
4499 4729 4768 4796 scilicet

735 4834 918 4896 Petri
964 4832 1216 4916 Caroli)
1271 4855 1398 4915 qua
1428 4835 1567 4916 piis
1609 4838 1892 4902 omnibus
1947 4858 2022 4903 ac
2075 4839 2337 4922 inteyris
2390 4839 2553 4903 viris
2604 4839 2906 4922 satisfieri
2958 4843 3199 4908 abunde
3239 4849 3465 4926 posset.
3558 4841 3957 4926 Con-scriptus
4010 4845 4177 4908 enim
4231 4843 4547 4923 aliquanto
4602 4847 4769 4907 ante

741 4940 1167 5009 Catechismus
1210 4967 1251 5009 a
1293 4946 1469 5011 nobis
1505 4946 1743 5029 fuerat,
1798 4950 2022 5032 yallice
2078 4952 2267 5015 etiam
2321 4952 2552 5029 editus,
2610 4952 2718 5016 ubi
2756 4952 2870 5017 sub
2911 4975 3042 5018 una
3084 4954 3215 5019 Dei
3257 4953 3525 5020 essentia
3568 4962 3754 5021 caett.
3843 4956 4125 5039 Legitur
4166 4955 4330 5019 haec
4385 4951 4664 5037 epistola
4712 4975 4772 5019 a.

738 5054 914 5118 Beza
955 5054 1131 5120 edita
1174 5056 1274 5121 ed.
1322 5057 1575 5124 Genev.
1623 5080 1683 5141 p.
1732 5064 1886 5138 362;
1931 5060 2130 5138 Laus.
2175 5082 2236 5144 p.
2294 5066 2403 5141 103
2445 5063 2660 5131 Amst.
2707 5085 2768 5146 p.
2819 5069 2960 5130 227.
3789 5101 3794 5105 ·

1048 5165 1305 5247 Quibus
1349 5191 1432 5235 ex
1478 5169 1869 5234 testimoniis
1912 5170 2101 5252 haec,
2148 5174 2219 5237 ni
2263 5174 2584 5254 fallimur,
2631 5181 2774 5239 tuto
2818 5177 3036 5261 colligi
3076 5173 3371 5261 possunt.
3459 5180 3687 5246 Primo
3730 5177 4117 5262 opusculum
4160 5184 4458 5242 nostrum
4505 5175 4586 5241 ab
4628 5195 4777 5242 au-

737 5291 878 5341 tore
924 5277 1046 5341 sub
1090 5279 1291 5345 finem
1337 5281 1495 5346 anni
1548 5286 1710 5344 1536
1755 5282 1861 5347 vel
1906 5283 2096 5347 initio
2156 5287 2491 5367 sequentis
2534 5287 2769 5370 gallice
2811 5290 3251 5374 conscriptum
3310 5291 3685 5376 editumque
3729 5312 3901 5371 esse;
3947 5289 4211 5368 deinde,
4266 5289 4561 5354 additum
4603 5308 4780 5356 esse
