5100 6061
401 376 483 440 73
1929 378 2218 443 LIBER
2261 378 2317 442 Ι.
2406 376 2711 445 CAPUT
2753 381 2880 446 IX.
4319 390 4400 448 74

401 568 510 633 nis
552 566 930 645 deliberare,
979 568 1245 632 tandem
1291 569 1643 635 exclamat:
1702 569 1847 632 Iam
1893 590 2097 633 unum
2145 568 2353 632 homi-

398 673 556 717 nem
600 654 890 718 occidere
935 675 1068 717 non
1115 662 1386 736 poterat.
1544 674 1547 679 ⁴

583 740 786 820 Quum
842 739 935 803 M.
980 742 1297 804 Antonius
1312 796 1325 816 ,
1339 742 1823 821 proscriptionis
1878 738 2170 826 edictum]
2233 738 2353 802 Vi-

402 825 543 892 deri
596 834 816 907 posset
869 825 1092 907 lapsus
1151 826 1467 891 memoria
1519 824 1803 902 Seneca,
1872 837 1945 890 ut·
2002 825 2351 908 aliquando

400 912 583 977 solet.
658 909 733 977 Si
780 912 956 976 enim
1002 933 1200 994 supra
1244 913 1679 995 quadraginta
1722 932 1928 977 annos
1973 922 2170 975 natus
2212 913 2350 975 Au-

401 1007 654 1082 gustus,
701 1019 856 1081 ergo
903 1018 1139 1062 novem
1182 1000 1373 1064 annis
1418 1010 1535 1062 aut
1578 999 1834 1063 circiter
1876 1010 2024 1080 post
2069 996 2351 1062 debella-

398 1094 543 1148 tum
588 1085 981 1149 Antonium:
1043 1105 1172 1167 quo
1226 1093 1448 1149 tamen
1494 1096 1899 1168 expugnato,
1957 1093 2033 1148 ut
2076 1092 2353 1149 testatur

395 1169 833 1246 Plutarchus,
878 1169 1141 1252 publico
1187 1171 1397 1236 edicto
1439 1171 1720 1235 vetitum
1765 1181 1891 1248 est,
1949 1191 2033 1234 ne
2077 1172 2223 1252 quis
2268 1191 2352 1234 ex

397 1255 836 1321 Antoniorum
888 1256 1135 1319 familia
1176 1258 1444 1322 Marcus
1499 1256 1955 1340 appellaretur.
2044 1256 2150 1320 Ita
2206 1255 2351 1320 nul-

395 1341 504 1406 lus
554 1342 767 1425 potuit
810 1363 952 1406 esse
994 1342 1059 1405 id
1106 1345 1416 1424 temporis
1476 1344 1566 1407 M.
1592 1343 1975 1419 -Antom'us,
2037 1343 2146 1424 qui
2201 1362 2351 1423 pro-

394 1429 773 1512 scriptionis
840 1427 1122 1493 edictum
1184 1428 1472 1494 dictaret.
1565 1430 1657 1493 At
1712 1430 1825 1492 vix
1882 1428 2191 1494 credibile
2251 1437 2353 1492 est

394 1511 560 1579 adeo
625 1513 965 1596 pueriliter
1022 1514 1490 1579 hallucinatum
1560 1536 1700 1580 esse
1756 1512 2076 1581 Senecam
2141 1514 2214 1577 in
2282 1535 2351 1578 re

392 1602 781 1683 praesertim
826 1600 962 1665 suis
1008 1602 1413 1683 temporibus
1456 1610 1671 1683 gesta:
1719 1622 1844 1683 quo
1890 1602 1967 1665 fit
2008 1610 2080 1664 ut
2124 1600 2351 1664 malim

394 1688 699 1752 omittere
740 1707 976 1751 nomen
1022 1687 1114 1751 M.
1165 1688 1456 1751 Antonii.

579 1773 743 1854 Quid
808 1769 978 1858 erqo]
1047 1772 1523 1855 Dialogismos,
1591 1773 1857 1838 schema
1923 1773 2347 1849 rhetoricum,

392 1880 599 1941 quum
653 1860 799 1940 quis
856 1877 1076 1923 secum
1134 1858 1422 1941 disputat
1476 1868 1543 1923 et
1595 1859 1931 1923 deliberat.
2023 1856 2352 1923 Observat

391 1947 672 2010 formam
729 1956 796 2007 et
851 1944 1161 2009 decorum
1218 1946 1530 2010 orationis
1590 1946 1989 2028 patheticae,
2047 1964 2212 2026 quae
2269 1942 2352 2008 ab

395 2031 545 2096 odio
589 2042 658 2094 et
699 2030 1155 2113 indignatione
1207 2032 1657 2114 proficiscitur,
1703 2030 2055 2113 abruptum
2103 2030 2350 2095 habens

390 2117 684 2181 initium:
748 2130 821 2180 ut
877 2117 971 2180 ait
1025 2118 1416 2183 Macrobius.
1504 2117 1675 2181 Iuno
1731 2116 1903 2199 apud
1946 2115 2350 2199 Vergilium:

947 2220 1102 2273 Mene
1140 2223 1355 2288 incepto
1394 2220 1655 2274 desistere
1694 2220 1930 2273 victam?

602 2287 715 2342 Nec
751 2305 915 2356 posse
951 2288 1109 2342 Italia
1147 2289 1477 2343 Teucrorum
1516 2296 1762 2342 avertere
1798 2288 2052 2357 gentem?

393 2377 571 2441 Aiax
612 2374 810 2440 XIII.
847 2375 1499 2458 Metamorphoseon:

981 2481 1202 2547 Agimus
1235 2480 1374 2547 proh
1409 2478 1668 2546 Iuppiter,
1707 2478 1891 2545 inquit,

569 2549 710 2601 Ante
748 2555 895 2602 rates
934 2550 1190 2601 causam?
1231 2556 1285 2600 et
1320 2563 1528 2601 mecum
1566 2545 1842 2600 confertur
1882 2545 2144 2614 Ulysses?

391 2635 625 2699 Movet
666 2634 867 2698 etiam
910 2632 1448 2717 indignationem,
1493 2654 1696 2715 quum
1736 2652 2189 2715 percussorem
2236 2652 2350 2696 vo-

391 2729 529 2799 cat,
571 2722 757 2802 quasi
799 2722 934 2784 iam
974 2721 1450 2802 perpetraverit
1492 2716 1658 2802 quod
1717 2724 2051 2784 statuerat.
2146 2716 2349 2784 Secu-

388 2827 544 2871 rum
588 2827 756 2883 eum,
804 2828 873 2870 se
917 2806 1285 2871 sollicitum.
2025 2830 2037 2842 ι

574 2893 684 2956 Tot
727 2892 1013 2956 civilibus
1058 2892 1231 2957 bellis
1317 2891 1508 2956 Bella
1549 2890 1765 2957 civilia
1808 2891 2097 2973 quinque
2143 2891 2347 2974 gessit

387 2978 768 3062 Augustus,
838 2977 1227 3061 quemadmo
1274 2999 1388 3042 um
1453 2976 1907 3059 Tranquillus,
1947 2976 2341 3058 exsequitur.

387 3065 695 3130 Primum
738 3065 1145 3141 Mutinense,
1192 3073 1417 3129 contra
1459 3066 1550 3129 M.
1598 3064 1996 3138 Antonium,
2043 3084 2171 3144 quo
2208 3064 2344 3128 De-

388 3151 638 3216 cimum
683 3152 966 3216 Brutum
1025 3152 1355 3216 consulem
1412 3151 1829 3234 designatum
1885 3149 2219 3214 obsidione
2264 3149 2343 3213 li-

388 3235 662 3302 beravit.
754 3235 1134 3302 Secundum
1176 3237 1633 3320 Philippense,
1691 3235 2007 3301 adversus
2051 3235 2343 3300 Brutum

388 3330 459 3388 et
502 3322 834 3400 Cassium,
881 3343 1009 3405 quo
1054 3322 1413 3388 vindicavit
1454 3333 1734 3388 mortem
1780 3323 1983 3404 patris
2029 3320 2340 3403 adoptivi,

388 3409 506 3475 ubi
546 3410 729 3490 prius
774 3410 950 3474 inter
987 3410 1150 3474 Pom
1198 3410 1373 3474 eium
1409 3421 1476 3472 et
1511 3408 1858 3474 Caesarem
1898 3406 2343 3489 depugnatum

386 3499 537 3574 [pag.
577 3500 684 3574 64]
729 3496 958 3560 fuerat.
1016 3431 1212 3560 Unde
1254 3482 1576 3561 invidiose
1617 3494 1941 3559 exclamat
1983 3492 2339 3576 Vergilius:

630 3606 778 3676 Ergo
817 3609 957 3660 inter
993 3622 1115 3660 sese
1153 3607 1372 3674 paribus
1410 3620 1731 3660 concurrere
1770 3604 1893 3658 telis

630 3675 903 3730 Romanas
941 3677 1085 3729 acies
1123 3675 1315 3728 iterum
1352 3675 1534 3729 videre
1572 3674 1825 3743 Philippi.

629 3744 744 3798 Nec
780 3744 881 3798 fuit
916 3744 1185 3812 indignum
1221 3761 1282 3797 su
1326 3745 1447 3812 eris,
1485 3744 1565 3796 bis
1604 3743 1863 3811 sanguine
1899 3751 2087 3796 nostro

631 3813 967 3867 Aemathiam
1006 3819 1062 3865 et
1096 3812 1239 3866 latos
1278 3761 1467 3865 &aemi
1503 3813 1855 3880 pinguescere
1894 3827 2129 3879 campos.

381 3908 816 3986 Perusinum,
877 3907 1192 3972 adversus
1236 3909 1315 3972 L.
1363 3907 1757 3983 Antonium,
1816 3906 2148 3972 triumviri
2205 3905 2337 3970 fira-

382 4002 575 4058 trem.
636 3991 969 4076 Quartum
1008 3991 1324 4070 Siculum,
1363 4001 1592 4058 contra
1627 3990 1911 4057 Sextum
1944 3991 2335 4075 Pompeium

378 4080 725 4163 piraticam
780 4088 1211 4145 exercentem.
1303 4077 1630 4159 Quintum
1674 4079 2019 4144 Actiacum
2038 4129 2054 4156 ,
2108 4087 2338 4143 contra

376 4167 753 4231 Antonium
808 4175 877 4230 et
916 4164 1349 4249 Cleopatram.
1438 4164 1625 4230 Haec
1671 4163 1949 4230 Ovidius
2009 4164 2338 4230 recensuit

376 4250 494 4317 lib.
536 4251 691 4317 XV.
738 4252 1387 4333 Metamorphoseon:

590 4364 738 4418 Illius
776 4365 1027 4432 auspiciis
1067 4363 1324 4417 obsessae
1361 4364 1572 4415 moenia
1607 4378 1797 4430 pacem
1914 4419 1917 4426 ,

590 4432 746 4486 Victa
822 4440 972 4486 etent
1010 4433 1265 4499 Mutinae,
1304 4431 1587 4484 Pharsalia
1623 4432 1819 4484 sentiet
1856 4431 2021 4498 illum,

590 4500 783 4555 Aemat
822 4502 962 4569 iique
1000 4503 1189 4554 iterum
1229 4498 1599 4553 remadescent
1637 4499 1800 4553 caede
1841 4499 2088 4569 Philippi,

589 4570 661 4622 Et
693 4586 941 4637 magnum
980 4568 1170 4623 Siculis
1205 4585 1399 4622 nomen
1438 4568 1780 4636 superabitur
1814 4568 1986 4634 undiS,

587 4638 919 4706 Romanique
956 4638 1106 4692 ducis
1144 4640 1376 4691 coniunx
1415 4639 1681 4705 Aegyptia
1716 4637 1910 4690 taedae

586 4706 707 4762 Non
745 4709 883 4762 bene
921 4707 1030 4761 fixa
1068 4708 1228 4761 cadet
1279 4705 1586 4773 frustraque
1624 4707 1727 4760 erit
1760 4706 1854 4759 illa
1889 4707 2106 4774 minata,

586 4775 861 4831 Servitura
898 4793 995 4830 suo
1035 4749 1300 4843 Capitolia
1336 4781 1524 4830 nostra
1559 4774 1796 4843 Canopo.

366 4872 486 4936 Ex
540 4871 644 4936 his
697 4870 1019 4953 quaedam
1073 4869 1400 4952 pedestria
1454 4869 1749 4934 fuerunt:
1811 4877 1884 4933 ut
1926 4870 2329 4948 Mutinense,

365 4957 793 5035 Perusinum,
840 4955 1292 5039 Philippense:
1341 4954 1594 5037 reliqua
1636 4954 1764 5019 duo
1809 4955 2091 5034 navalia,
2139 4952 2329 5021 Sicu-

362 5043 512 5109 lum
554 5053 621 5108 et
662 5044 1023 5109 Actiacum.
1102 5042 1241 5106 Nec
1284 5041 1638 5106 defuerunt
1681 5049 1959 5106 externa
1997 5039 2199 5120 bella,
2257 5049 2332 5104 ut

362 5127 820 5195 Dalmaticum
889 5141 955 5194 et
1021 5127 1501 5193 Cantabricum.
1593 5125 1786 5207 Quod
1855 5149 1975 5192 sua
2040 5126 2332 5210 pericula

365 5222 836 5281 commemorat
869 5217 1232 5299 Augustus,
1280 5213 1457 5277 hunc
1500 5211 1699 5278 habet
1734 5233 2033 5278 sensum:
2126 5215 2196 5278 ui
2234 5223 2332 5279 tot

363 5300 690 5367 bellorum
734 5301 1028 5383 pericula
1071 5301 1308 5379 evasit,
1365 5317 1562 5382 quem
1618 5301 1884 5365 fortuna
1941 5307 2037 5364 tot
2141 5299 2325 5367 iscri-

2458 570 2745 634 minibus
2810 578 3145 635 servatum
3211 571 3450 649 voluit,
3483 610 3492 613 -
3530 572 3637 637 hic
3701 572 3844 638 vult
3906 573 4195 655 perdere.
4294 574 4402 639 Ab

2460 653 2715 719 hisdem
2769 655 2925 720 locis
2976 666 3199 720 movet
3253 655 3542 723 adfectus
3581 657 3958 723 Alexander
4010 659 4187 742 apud
4231 660 4400 724 Our-

2459 740 2626 803 tium
2691 741 2799 806 lib.
2848 741 2998 806 VI.:
3066 739 3281 821 Quam
3345 743 3620 808 feliciter
3675 746 3742 809 in
3800 745 3937 809 acie
4004 745 4400 823 cecidissem,

2458 827 2673 909 potius
2719 827 2925 892 hostis
2969 827 3227 910 praeda,
3275 850 3470 911 quam
3515 831 3675 896 civis
3697 829 4006 895 victima?
4054 853 4232 895 nunc
4266 853 4402 895 ser-

2461 921 2652 977 vatus
2697 934 2778 976 ex
2823 914 3163 994 periculis,
3207 935 3372 996 quae
3418 915 3555 980 sola
3597 916 3818 995 timui,
3863 916 3931 981 in
3977 917 4138 981 haec
4180 916 4400 996 incidi,

2456 1018 2622 1079 quae
2668 999 2899 1063 timere
2943 1021 3074 1063 non
3121 999 3331 1064 debui.

2635 1084 2982 1150 Pedestria
3013 1084 3311 1172 praeliis]
3359 1088 3795 1169 Frequentius
3838 1094 3905 1152 et
3947 1088 4254 1154 usitatius
4291 1110 4402 1170 pe-

2457 1167 2674 1233 destre
2718 1170 3038 1251 praelium
3085 1170 3339 1251 dicitur,
3386 1195 3581 1255 quam
3625 1173 4042 1256 pedestrium.
4130 1174 4260 1238 Hic
4305 1186 4401 1238 ta-

2455 1276 2610 1319 men
2668 1276 2746 1319 ea
2803 1257 3014 1321 forma
3066 1258 3327 1339 ponitur
3371 1258 3800 1342 pedestrium,
3857 1280 3984 1340 qua
4027 1261 4404 1343 vulgarium

2458 1339 2705 1418 Gellio,
2773 1363 2889 1424 pro
2947 1343 3231 1426 vulgari,
3296 1353 3360 1407 et
3426 1346 3822 1429 singularius
3887 1366 4005 1427 pro
4063 1346 4398 1430 singulari.

2458 1425 2629 1491 Vide
2673 1428 2962 1492 Nonium
3006 1428 3392 1494 Marcellum
3441 1430 3518 1495 de
3562 1440 3814 1495 mutata
3853 1430 4303 1497 declinatione.

2636 1513 2977 1595 Postquam
3035 1521 3205 1579 terra
3256 1518 3543 1597 marique
3588 1540 3723 1598 pax
3770 1523 3966 1599 parca
4029 1515 4142 1603 est]
4212 1518 4403 1583 Facit

2457 1598 2770 1664 invidiam
2807 1601 2886 1664 L.
2929 1601 3202 1675 Cinnae,
3251 1623 3332 1665 ex
3378 1622 3453 1665 eo
3498 1602 3666 1684 quod
3714 1616 3901 1667 autor
3942 1601 4239 1685 publicae
4284 1625 4400 1686 pa-

2455 1684 2580 1761 cis,
2640 1693 2829 1767 parta
2882 1685 3184 1751 omnibus
3239 1687 3497 1770 populis
3543 1689 3789 1770 quiete,
3844 1710 4015 1753 unus
4057 1689 4197 1772 ipse
4241 1690 4399 1754 insi-

2456 1769 2581 1834 diis
2625 1773 2890 1853 petitur.
2983 1771 3334 1856 Significat
3378 1781 3592 1838 autem
3646 1774 3713 1838 id
3771 1783 4057 1856 tempus,
4118 1797 4241 1857 quo
4287 1775 4397 1840 de-

2458 1856 2647 1921 victis
2693 1858 2982 1921 Antonio
3042 1870 3108 1925 et
3164 1858 3514 1941 Cleopa-tra
3572 1859 3654 1923 ad
3700 1861 3968 1925 Actium
4026 1871 4399 1942 promonto-

2455 1942 2648 2020 rium,
2695 1942 2843 2008 Iani
2888 1946 3204 2028 templum
3250 1945 3512 2023 clausit,
3573 1945 3742 2028 quod
3801 1944 4220 2011 observatum
4267 1948 4400 2032 sig-

2456 2050 2615 2092 num
2664 2041 2764 2093 est
2805 2030 3001 2112 pacis.
3094 2031 3347 2108 Livius,
3395 2031 3845 2113 Tranquillus,
3889 2033 4285 2097 Plutarchus
4326 2036 4400 2097 in

2457 2114 2595 2178 vita
2637 2115 2911 2181 Numae.
3003 2116 3365 2201 Vergilius:

2631 2225 2962 2280 Claudentur
2995 2227 3122 2281 belli
3158 2237 3367 2295 portae,
3406 2230 3558 2282 furor
3591 2231 3784 2297 impius
3821 2232 3962 2283 intus

2629 2293 2804 2348 Saeva
2841 2296 3034 2350 sedens
3072 2312 3132 2350 su
3175 2314 3236 2349 er
3271 2314 3435 2365 arma,
3474 2306 3526 2351 et
3565 2308 3774 2351 centum
3813 2300 4020 2352 vinctus
4057 2299 4244 2352 ahenis

2628 2363 2762 2417 Post
2799 2372 3006 2434 tergum
3041 2382 3111 2417 no
3152 2366 3215 2434 is,
3252 2366 3445 2419 fremet
3481 2366 3730 2420 horridus
3770 2383 3862 2421 ore
3900 2376 4139 2421 cruento.

2457 2464 2739 2533 Ovidius
2783 2467 2835 2533 Ι.
2882 2468 3262 2534 Fastorum:

2627 2578 2929 2633 Frondibus
2969 2582 3203 2633 Actiacis
3242 2591 3486 2648 comptos
3522 2581 3767 2634 redimita
3805 2581 4052 2649 capi1103‚

2766 2648 2879 2701 Pax
2917 2648 3063 2717 ades,
3102 2656 3157 2702 et
3194 2657 3310 2703 toto
3349 2650 3492 2702 mitis
3529 2651 3580 2702 in
3621 2650 3750 2703 orbe
3788 2665 3957 2703 mane.

2627 2715 2763 2769 Dum
2803 2716 2998 2769 desunt
3033 2718 3237 2785 hostes,
3275 2718 3415 2771 desit
3450 2733 3661 2799 quoque
3700 2735 3863 2771 causa
3899 2717 4168 2785 triumphi,

2765 2784 2846 2837 Tu
2885 2785 3122 2854 ducibuS‚
3160 2786 3306 2839 bello
3345 2787 3515 2854 gloria
3551 2786 3721 2840 maior
3757 2787 3881 2841 eris.

2627 2891 2774 2965 [pag.
2815 2892 2922 2966 65]
2976 2887 3121 2952 Non
3161 2888 3428 2954 occidere
3443 2940 3456 2964 ,
3512 2889 3621 2953 sed
3673 2887 4025 2975 ivnmolare]
4084 2887 4399 2954 Occidere

2451 2973 2713 3057 quidem
2748 2981 2817 3038 et
2855 2973 3208 3052 immolare,
3257 2973 3370 3040 sed
3405 2973 3566 3040 illud
3605 2982 3915 3059 tanquam
3950 2974 4177 3054 levius,
4224 2975 4398 3058 quod

2451 3071 2670 3125 tamen
2713 3082 2830 3143 per
2872 3083 2941 3126 se
2987 3082 3186 3144 grave
3231 3073 3347 3138 est,
3397 3060 3636 3126 elevat:
3697 3071 3770 3126 ut
3816 3061 4225 3126 atrocitatem
4267 3062 4394 3128 cri-

2449 3148 2648 3213 minis
2693 3156 3076 3230 exaggeret,
3133 3149 3286 3230 quia
3330 3157 3394 3212 et
3440 3145 3563 3211 diis
3615 3147 4075 3231 praesentibus
4118 3148 4393 3213 testibus

2448 3234 2698 3299 facinus
2743 3241 3173 3316 perpetratur,
3220 3245 3287 3299 et
3330 3234 3577 3299 hostiae
3614 3256 3814 3317 purae
3860 3243 3926 3298 et
3968 3242 4232 3300 sanctae
4268 3234 4394 3298 hu-

2447 3342 2642 3385 mano
2686 3321 3006 3403 sanguine
3051 3330 3539 3404 resperguntur.

2620 3403 2918 3492 Adoriri]
2979 3406 3178 3471 quta
3231 3405 3414 3472 verbi
3468 3406 3949 3489 proprietatem.
4037 3406 4166 3470 Est
4218 3407 4394 3471 enim
4475 3401 4483 3412 ⁸

2448 3492 2710 3569 adoriri,
2754 3500 2829 3556 ut
2871 3491 3179 3557 admonet
3221 3493 3526 3558 Donatus
3570 3492 3638 3556 in
3684 3491 4038 3570 Andriam,
4099 3513 4182 3556 ex
4232 3492 4394 3558 insi-

2447 3577 2573 3642 diis
2630 3586 2901 3661 repente
2959 3579 3302 3657 invadere,
3363 3600 3444 3642 ex
3507 3600 3581 3643 eo
3635 3578 3804 3661 quod
3859 3600 4126 3663 corpora
4175 3579 4243 3642 in
4366 3616 4394 3628 -

2447 3662 2778 3728 diuntium
2826 3684 2988 3728 exsu
3161 3673 3190 3727 t
3231 3664 3472 3744 subite,
3518 3675 3712 3747 atque
3755 3665 4139 3730 increscant.
4207 3666 4243 3729 I
4290 3687 4394 3729 em

2444 3749 2513 3813 in
2558 3747 2924 3832 Adelphos:
2982 3751 3430 3833 Aggredimur
3486 3750 3565 3815 de
3622 3750 4005 3835 longinque,
4063 3750 4394 3815 adorimur

2444 3857 2527 3899 ex
2572 3833 2844 3900 insidiis.
2937 3833 3167 3902 Cicero
3211 3837 3278 3900 in
3315 3836 3591 3901 Milone:
3640 3835 3775 3917 Qui
3820 3846 4007 3901 erant
4049 3858 4196 3902 cum
4242 3835 4393 3901 Clo-

2445 3921 2578 4000 dio,
2624 3921 2865 4003 partim
2909 3942 3245 3987 recurrere
3290 3922 3371 3987 ad
3413 3922 3686 3987 rhedam
3705 3975 3718 3998 ,
3765 3931 3842 3986 ut
3885 3945 3925 3986 a
3966 3931 4152 4006 tergo
4196 3921 4392 3986 Milo-

2443 4029 2597 4072 nem
2652 4007 3081 4072 adorirentur.
3173 4009 3409 4074 Livius
3465 4009 3572 4074 lib.
3616 4007 3802 4072 VIL:
3849 4007 3981 4072 Via
4032 4007 4394 4090 patentiore

2443 4094 2527 4159 ad
2593 4095 2850 4159 hostem
2920 4085 3281 4172 ducuntur,
3361 4116 3558 4176 quem
3634 4095 3973 4159 incautum
4039 4095 4393 4177 improviso

2443 4179 2707 4245 adortae
2753 4186 2872 4244 ete.
2963 4179 3149 4244 Idem
3195 4179 3302 4244 lib.
3349 4180 3577 4244 XX1.:
3637 4179 3733 4245 Ut
3770 4201 3973 4261 quum
4016 4179 4184 4245 facto
4231 4201 4391 4262 opus

2441 4267 2546 4344 sit,
2593 4264 2928 4330 adoriatur
2972 4288 3011 4330 a
3054 4278 3241 4350 tergo
3286 4266 3560 4331 hostem.
3651 4265 3921 4330 Curtius
3964 4265 4129 4331 libro
4167 4265 4389 4330 VIIL:

2440 4351 2656 4433 Quem
2701 4362 3264 4437 praetergressum
3320 4351 3605 4437 sylvam,
3662 4352 3772 4434 qui
3827 4352 3896 4416 in
3954 4374 4032 4417 ea
4087 4351 4394 4418 consede-

2438 4447 2619 4516 rant,
2674 4458 2757 4502 ex
2802 4437 3153 4520 improviso
3197 4436 3434 4516 adorti,
3493 4458 3640 4501 cum
3699 4436 4002 4502 omnibus
4045 4439 4392 4502 intereme-

2440 4534 2614 4590 runt.
2707 4523 2847 4588 Nec
2905 4533 3122 4588 tamen
3180 4523 3340 4589 haec
3384 4521 3752 4588 differentia
3791 4523 4027 4607 ubique
4072 4532 4388 4590 servatur.

2616 4610 2874 4676 Rttrsus
2938 4611 3182 4675 silentio
3286 4610 3486 4674 Prius
3550 4610 3897 4675 consilium
3959 4611 4257 4694 capiebat
4320 4611 4390 4676 in

2438 4706 2718 4762 mortem
2785 4696 3082 4760 hominis.
3241 4716 3325 4759 on
3391 4716 3672 4778 aequum
3738 4718 3879 4762 esse
3940 4717 4392 4780 percussorem

2438 4804 2635 4847 suum
2677 4783 3075 4863 impunitum
3123 4781 3365 4847 dimitti
3407 4804 3474 4847 se
3520 4782 3813 4848 sollicito.
3885 4783 4050 4847 Esse
4094 4783 4388 4866 irrogan-

2440 4868 2589 4934 dam
2634 4889 2912 4952 poenam
2954 4866 3339 4944 insidiatori,
3383 4869 3493 4950 qui
3537 4869 3608 4932 in
3645 4871 3784 4934 eius
3819 4877 4094 4932 mortem
4135 4868 4389 4951 conspi-

2435 4956 2710 5031 raverit,
2765 4955 2869 5019 cui
2923 4953 3184 5018 fortuna
3241 4953 3432 5019 toties
3487 4964 3880 5036 pepercerat.
3969 4957 4162 5018 Nunc
4203 4955 4274 5018 in
4318 4977 4388 5020 se

2435 5043 2652 5125 ipsum
2698 5040 2898 5104 vertit
2941 5041 3446 5118 accusationem,
3506 5050 3573 5104 et
3616 5042 3819 5105 vitam
3863 5063 4050 5105 suam
4106 5040 4386 5106 detesta-

2435 5135 2565 5202 tur,
2612 5146 2782 5208 quae
2828 5133 2924 5189 tot
2968 5125 3308 5191 hominum
3356 5135 3598 5190 mortes
3647 5147 3865 5191 secum
3911 5126 4149 5191 trahat.
4237 5128 4384 5192 Mo-

2433 5211 2744 5277 riendum
2786 5211 3002 5294 itaque
3053 5213 3178 5278 sibi
3223 5212 3580 5288 concludit,
3638 5212 3790 5294 quia
3832 5212 4054 5278 vivere
4098 5235 4229 5279 non
4270 5234 4386 5297 po-

2432 5306 2564 5363 test
2609 5297 2750 5362 sine
2795 5296 3154 5363 multorum
3199 5298 3389 5362 malo.
