5100 6061
703 425 919 493 m
1881 370 2424 484 TRAOTA'PUS
2470 412 3058 480 mnnonoemI
3101 408 3544 480 monas.

704 614 863 679 VH.
921 610 1378 678 catechismus
1433 629 1587 673 cum
1636 608 1771 672 suis
1828 604 2294 690 appendicibus
2347 611 2414 668 et
2456 603 2780 686 Liturgia.
2869 602 3031 667 ΧΠ.
3100 599 3366 684 Scripta
3419 607 3648 668 contra
3690 603 4157 685 Anabaptistas
4212 610 4282 671 et
4322 604 4729 677 Libertinos.

702 726 896 792 XIV.
962 722 1205 790 Libelli
1249 721 1329 786 de
1367 719 1656 786 vitandis
1698 694 2270 801 superstitionibus
2313 721 2381 780 et
2422 714 2726 780 XXXII.
2775 714 3089 780 adversus
3133 713 3561 779 Hollandum.
3631 714 3842 781 Adest
3876 737 4052 795 vero,
4098 715 4388 800 adeoque
4430 720 4724 801 primum

703 836 923 903 locum
981 836 1231 901 obtinet
1278 829 1946 917 Psychopannychia,
2013 829 2197 893 cuius
2255 828 2623 893 versionem
2678 826 2983 910 gallicam
3038 847 3210 891 anno
3275 830 3438 890 1558
3493 828 3785 910 primum
3838 827 4084 893 editam
4127 827 4256 893 Vir
4311 829 4722 897 clarissimus

704 950 832 1034 ipsi
856 947 1152 1027 ,calvino
1197 944 1448 1024 tribuit,
1494 944 1564 1007 in
1607 963 1733 1025 quo
1778 948 1853 1005 ut
1895 941 1955 1005 ei
1999 939 2454 1015 assentiamur,
2503 962 2542 1004 a
2588 939 2773 1004 nobis
2813 940 3167 1021 impetrare
3212 960 3346 1003 non
3388 959 3752 1021 possumus.

1011 1059 1099 1125 In
1141 1057 1339 1124 rebus
1383 1051 1908 1138 orthographicis
1949 1050 2160 1117 editor
2202 1059 2467 1116 nostrae
2511 1050 2745 1116 aetatis
2788 1071 3038 1115 morem
3081 1051 3341 1133 saepius
3394 1050 3689 1133 respexit
3731 1071 3930 1134 quam
3984 1051 4228 1119 saeculi
4270 1052 4504 1119 decimi
4547 1056 4724 1121 sexti

702 1170 1248 1240 consuetudinem
1262 1162 1301 1249 3'
1323 1170 1394 1232 in
1437 1164 1671 1249 quibus
1714 1162 2095 1229 ordinandis
2141 1162 2264 1227 etsi
2308 1161 2506 1227 aliam
2548 1163 2816 1227 omnino
2859 1161 3075 1245 legem
3115 1162 3303 1228 nobis
3357 1161 3747 1242 scribamus,
3805 1163 3860 1227 si
3920 1184 4118 1245 quem
4171 1166 4374 1230 finem
4431 1166 4556 1233 sibi
4608 1167 4722 1234 ille

704 1283 1122 1370 proposuerit
1161 1282 1233 1346 in
1275 1280 1443 1345 libro
1489 1297 1607 1341 suo
1652 1274 1906 1341 edendo
1941 1275 2446 1352 consideramus,
2492 1274 2637 1340 eius
2674 1275 2998 1338 rationem
3032 1292 3188 1338 sane
3224 1274 3682 1353 excusandam,
3727 1276 3861 1341 imo
3895 1274 4298 1342 laudandam
4334 1276 4711 1345 dixerimus.

1515 1716 1523 1723 ·
2414 1673 2824 1758 CAPUT
2886 1674 3001 1756 H.

1244 1856 1707 1955 NovAE
1763 1853 2449 1952 EDITIONIS
2506 1804 3244 1949 coNleIUM
3295 1852 3466 1949 ET
3521 1852 4165 1952 susssmlA.

1015 2062 1255 2128 Paucis
1297 2060 1448 2138 tibi,
1505 2058 1823 2125 benevole
1868 2058 2087 2136 lector,
2143 2056 2485 2123 consilium
2526 2064 2828 2123 nostrum
2869 2055 2943 2119 in
2987 2075 3163 2121 nova
3217 2056 3679 2140 opusculorum
3723 2056 3988 2124 Oalvini
4044 2058 4328 2125 editione
4383 2060 4720 2127 condenda

706 2176 1042 2243 declarare
1084 2194 1449 2257 possumus,
1494 2170 1905 2254 paucioribus
1938 2170 2138 2235 etiam
2180 2167 2355 2233 idem
2389 2168 2508 2234 tibi
2554 2167 3026 2234 commendare.
3100 2168 3284 2234 Adeo
3329 2166 3611 2250 simplex
3653 2176 3722 2232 et
3764 2170 4002 2234 rationi
4042 2178 4559 2239 consentaneum
4599 2194 4719 2239 no-

705 2288 809 2354 bis
859 2308 1003 2354 esse
1046 2286 1327 2352 videtur.
1417 2284 1565 2349 Iam
1611 2284 1770 2348 satis
1816 2281 2064 2348 dictum
2107 2288 2208 2345 est
2221 2333 2236 2360 ,
2294 2301 2828 2364 unumquemque
2875 2286 3229 2345 tractatum
3268 2300 3344 2345 eo
3390 2301 3688 2346 sermone
3733 2302 4036 2348 recusum
4079 2283 4162 2346 iri
4205 2304 4334 2366 quo
4378 2283 4537 2350 olim
4580 2285 4717 2369 pri-

704 2420 897 2466 mum
949 2396 1165 2464 editus
1219 2396 1445 2474 fuerit,
1500 2396 1897 2477 minimeque
1948 2395 2136 2459 nobis
2179 2395 2249 2458 in
2300 2393 2518 2458 animo
2564 2413 2705 2457 esse
2749 2401 2826 2457 ut
2867 2393 3080 2457 Bezae
3124 2391 3499 2474 exemplum
3553 2394 3810 2476 sequuti
3854 2393 3959 2461 vel
4013 2394 4082 2459 in
4123 2394 4472 2462 Gallorum
4514 2416 4712 2463 usum

703 2511 823 2596 qui
863 2511 1031 2576 forte
1072 2508 1292 2573 minus
1327 2506 1501 2574 docti
1537 2508 1800 2585 fuerint,
1846 2505 2066 2571 omnia
2103 2507 2398 2588 ipsorum
2440 2504 2672 2589 lingua
2706 2504 2994 2584 edamus,
3038 2502 3148 2569 vel
3191 2505 3261 2569 in
3296 2511 3673 2570 exterorum
3708 2505 4138 2585 commodum,
4185 2509 4295 2591 qui
4338 2508 4505 2574 forte
4548 2509 4721 2577 hanc

704 2642 844 2688 non
887 2622 1257 2698 calluerint,
1306 2620 1528 2684 omnia
1577 2618 1784 2684 latina
1832 2617 2164 2684 faciamus.
2257 2616 2616 2683 Calvinum
2659 2618 2881 2699 ipsum
2925 2623 2992 2682 et
3026 2617 3417 2701 genuinum,
3471 2637 3603 2681 non
3648 2617 3863 2703 aliena
3905 2627 4090 2685 veste
4132 2618 4438 2686 indutum
4482 2628 4549 2686 et
4591 2622 4716 2688 sibi

707 2733 1090 2800 dissimilem
1134 2732 1497 2816 posteritati
1532 2729 1793 2796 tradere
1829 2710 2145 2797 volumus.
2216 2729 2309 2794 Et
2351 2728 2523 2811 quod
2567 2728 2869 2794 nonnulli
2911 2729 3340 2807 somniarunt,
3397 2727 3585 2793 illum
3619 2728 3820 2794 talem
3864 2736 3931 2795 et
3973 2736 4230 2797 tantum
4263 2731 4505 2813 virum,
4551 2738 4719 2799 tam·

708 2867 838 2931 que
879 2845 1107 2911 multis
1149 2844 1323 2911 curis
1367 2851 1434 2908 et
1475 2843 1754 2927 negotiis
1800 2840 2207 2922 distractum,
2254 2842 2389 2907 suis
2432 2841 2695 2923 scriptis
2737 2862 2821 2906 ex
2861 2840 3067 2905 altera
3109 2839 3337 2925 lingua
3378 2840 3447 2905 in
3492 2839 3769 2905 alteram
3790 2841 4122 2908 vertendis
4157 2864 4424 2927 operam
4465 2846 4720 2930 impen-

712 2958 915 3039 disse,
972 2963 1124 3042 post
1164 2976 1242 3021 ea
1296 2976 1461 3039 quae
1510 2955 1581 3019 in
1637 2955 1779 3020 eius
1822 2953 2371 3019 Institutione
2426 2951 2774 3019 tractanda
2824 2974 3036 3038 nuper
3076 2952 3269 3035 plane
3323 2953 3644 3017 contraria
3699 2952 4137 3037 comperimus
4189 2962 4256 3020 et
4309 2956 4718 3024 demonstra-

706 3071 942 3150 vimus,
985 3069 1057 3135 id
1100 3070 1287 3135 nobis
1331 3068 1512 3134 nullo
1553 3065 1744 3133 modo
1786 3066 2169 3149 persuaderi
2210 3067 2542 3149 patiemur
2555 3117 2571 3145 ,
2630 3071 2724 3145 et,
2781 3064 2894 3130 ubi
2941 3087 2978 3131 e
3024 3086 3094 3130 re
3148 3064 3376 3143 fuerit,
3433 3064 3701 3130 omnino
3755 3087 4103 3132 erroneum
4156 3074 4226 3133 et
4269 3070 4723 3153 respuendum

707 3204 851 3251 esse
895 3183 1035 3250 suis
1077 3182 1235 3247 locis
1278 3180 1618 3265 sigillatim
1659 3178 2096 3245 ostendemus.

1019 3292 1276 3358 Verum
1319 3292 1480 3357 dum
1520 3291 1600 3357 de
1638 3290 1744 3357 his
1786 3289 1938 3356 inde
1992 3289 2075 3356 ab
2129 3291 2316 3356 initio
2360 3290 2535 3355 inter
2579 3311 2698 3355 nos
2742 3311 2826 3355 ne
2871 3289 3217 3355 minimum
3259 3288 3524 3372 quidem
3567 3288 3839 3356 dubium
3882 3290 4169 3371 exstitit,
4226 3292 4426 3375 paulo,
4467 3293 4713 3363 diutius

711 3407 1047 3472 haesimus
1090 3404 1305 3487 quoad
1347 3402 1645 3469 ordinem
1686 3401 2056 3468 libellorum
2099 3402 2613 3468 calvinianorum
2657 3401 2729 3465 in
2771 3400 2897 3466 hac
2939 3421 3111 3468 nova
3144 3400 3520 3467 collectione
3558 3401 4107 3468 constituendum.
4168 3401 4367 3484 Olim,
4411 3406 4714 3486 fatemur,

710 3538 846 3583 non
888 3537 1123 3599 parum
1158 3514 1487 3581 arridebat
1528 3516 1745 3580 Bezae
1782 3513 2115 3596 dispositio
2158 3515 2234 3579 in
2273 3514 2477 3579 latina
2519 3535 2644 3579 sua
2684 3512 2967 3579 editione
3011 3512 3269 3596 singula
3310 3512 3552 3595 scripta
3593 3533 3711 3595 pro
3754 3522 4139 3598 argumento
4181 3515 4254 3580 in
4295 3523 4509 3583 certas
4551 3509 4726 3585 clas—¹

713 3649 820 3696 ses
874 3627 1218 3694 referentis
1271 3635 1339 3692 et
1392 3627 1461 3691 in
1505 3627 1825 3692 lectorum
1877 3625 2289 3692 commodum
2342 3625 2663 3691 similibus
2716 3625 3050 3711 iungentis
3105 3623 3361 3690 similia.
3454 3621 3590 3690 Sed
3632 3646 3706 3690 re
3761 3626 4127 3692 accuratius
4182 3647 4470 3710 expensa
4525 3651 4566 3695 a
4600 3630 4722 3696 tali

711 3739 983 3807 consilio
1025 3739 1410 3805 destitimus.
1499 3738 1725 3821 Ipsam
1780 3738 1959 3802 enim
2000 3737 2217 3803 Bezae
2259 3726 2648 3803 divisionem
2687 3737 2986 3821 pluribus
3030 3736 3401 3802 nominibus
3443 3736 3857 3802 arbitrariam
3912 3744 3982 3802 et
4021 3738 4243 3805 minus
4286 3747 4534 3807 rectam
4576 3763 4721 3809 esse

711 3852 1154 3936 cognovimus.
1243 3850 1585 3917 Facillime
1646 3847 1907 3934 quidem
1926 3900 1942 3927 ,
1997 3871 2210 3932 neque
2250 3848 2659 3916 incommode
2674 3901 2689 3927 ,
2746 3856 3064 3915 tractatus
3119 3854 3351 3915 contra
3391 3849 3774 3915 Pontificios
3827 3847 4036 3915 editos
4050 3901 4066 3930 ,
4123 3857 4199 3914 ut
4241 3850 4365 3918 hoc
4418 3852 4721 3936 exemplo

713 3971 998 4041 utamur,
1046 3970 1159 4028 aut
1201 3970 1430 4028 contra
1471 3961 2013 4040 Antitrinitarios,
2059 3982 2099 4024 a
2141 3961 2414 4026 caeteris
2459 3967 2795 4043 separatos
2839 3980 2957 4026 suo
2998 3960 3260 4043 proprio
3302 3960 3442 4026 loco
3485 3981 3826 4026 reservare
3870 3967 4152 4044 poterat:
4199 3961 4316 4028 sed
4357 3984 4483 4045 quo
4525 3972 4722 4048 pacto

714 4075 1082 4160 dogmatica
1139 4097 1179 4140 a
1232 4074 1562 4158 polemicis
1618 4073 2022 4157 distinguere
2065 4084 2340 4140 conatus
2384 4073 2485 4152 sit,
2531 4073 2627 4137 ita
2671 4080 2750 4137 ut
2790 4073 2866 4137 in
2908 4079 3187 4154 utraque
3229 4071 3630 4138 collectionis
3670 4073 3809 4138 eius
3851 4079 4042 4154 parte
4084 4074 4329 4157 scripta
4368 4085 4719 4143 occurrant

714 4185 799 4252 de
841 4207 1044 4252 coena
1084 4185 1385 4265 Domini,
1432 4204 1554 4251 nec
1597 4206 1729 4250 non
1773 4183 1855 4250 de
1899 4183 2315 4251 reformanda
2357 4184 2630 4251 ecclesia
2643 4236 2659 4264 ,
2721 4183 2867 4250 iure
2911 4184 3146 4266 aliquis
3189 4183 3556 4265 quaesierit.
3644 4184 3880 4264 Plura,
3936 4186 3994 4251 si
4033 4186 4205 4252 iuste
4248 4187 4717 4269 aestimaveris,

715 4304 858 4362 tam
896 4299 1252 4383 singularis
1292 4298 1665 4382 argumenti
1709 4304 1880 4375 sunt,
1928 4297 2215 4381 adeoque
2258 4317 2299 4361 a
2341 4295 2609 4379 reliquis
2654 4295 2932 4373 diversa,
2979 4301 3057 4360 ut
3098 4294 3220 4362 sibi
3263 4295 3402 4360 sola
3436 4295 3711 4362 classem
3747 4296 4032 4381 aliquam
4074 4298 4505 4380 constituant,
4547 4300 4721 4384 quod

711 4409 932 4492 ipsum
978 4409 1221 4474 Bezam
1272 4410 1342 4474 in
1396 4408 1563 4475 libro
1621 4408 1702 4474 de
1748 4409 2127 4494 Astrologia
2176 4409 2520 4493 agnovisse
2567 4407 2881 4488 videmus,
2939 4409 3013 4472 in
3055 4407 3200 4474 aliis
3251 4429 3385 4474 non
3430 4409 3710 4473 sensisse
3763 4409 4100 4475 miramur.
4191 4407 4305 4476 Sic
4346 4411 4525 4494 apud
4566 4432 4722 4478 eum

711 4519 880 4614 liber
922 4519 1004 4584 de
1040 4517 1380 4586 Scandalis
1421 4520 1712 4586 medium
1746 4521 1959 4586 locum
2001 4522 2179 4585 inter
2217 4520 2710 4586 Oatechismum
2745 4528 2812 4586 et
2845 4520 3338 4586 confessionem
3380 4519 3660 4599 obtinet3
3703 4521 3797 4587 sic
3840 4541 4105 4588 carmen
4137 4521 4508 4605 Epinicion,
4553 4544 4722 4606 quae

714 4639 818 4698 est
859 4632 1105 4715 pagina
1146 4632 1318 4695 inter
1358 4632 1727 4697 calviniana
1769 4623 2192 4699 monumenta
2231 4633 2428 4715 plane
2469 4633 2836 4716 peculiaris,
2883 4633 3058 4696 inter
3101 4631 3467 4716 dogmatica
3507 4631 3752 4716 legitur
3794 4638 3945 4715 post
3989 4632 4247 4700 Coenae
4290 4633 4602 4713 libellum,
4648 4641 4727 4700 ut

713 4743 933 4829 locum
975 4764 1168 4809 suum
1210 4763 1392 4808 mero
1442 4764 1601 4810 casu
1643 4751 1914 4810 nactum
1956 4764 2099 4810 esse
2144 4741 2458 4810 videatur.
2548 4744 2735 4810 Haec
2785 4745 2993 4828 igitur
3047 4742 3389 4827 dispositio
3443 4744 3556 4811 vix
3593 4742 3918 4810 servanda
3960 4744 4194 4811 fuisset
4234 4746 4292 4811 si
4336 4745 4726 4828 simpliciter

716 4854 799 4920 de
843 4856 1218 4922 collectione
1253 4855 1517 4921 Bezana
1559 4855 1932 4922 recudenda
1973 4857 2441 4941 cogitassemus
2454 4879 2470 4935 ;
2517 4878 2748 4921 verum
2783 4876 2986 4939 quum
3018 4855 3146 4938 ipsi
3173 4854 3508 4942 xnonnulla
3551 4876 3590 4919 a
3624 4854 3835 4919 veteri
3877 4855 4127 4922 editore
4169 4857 4410 4923 omissa
4449 4858 4726 4924 caeteris

716 4965 956 5033 addere
1000 4968 1190 5034 nobis
1232 4967 1776 5050 proposuerimus,
1822 4967 1929 5034 his
1972 4968 2079 5034 vel
2123 4988 2330 5033 novos
2373 4966 2683 5033 classium
2725 4967 2947 5033 titulos
2989 4968 3200 5034 facere
3235 4966 3643 5049 oportuisset,
3687 4966 3796 5032 vel
3839 4969 4136 5052 pristinis
4179 4970 4461 5036 servatis
4502 4970 4727 5036 minus

706 5084 878 5162 -apta
910 5087 1122 5146 castra
1164 5081 1520 5165 assignare.
1602 5079 1862 5161 Quibus
1899 5077 1979 5144 de
2023 5079 2235 5145 causis
2278 5079 2495 5162 potius
2540 5098 2688 5144 eam
2730 5080 3052 5144 rationem
3095 5077 3492 5162 sequendam
3529 5078 3836 5145 duximus
3880 5102 4047 5164 quae
4090 5087 4157 5146 et
4201 5079 4494 5146 Gallasio
4532 5079 4726 5147 adeo-

717 5210 847 5272 que
880 5191 1006 5275 ipsi
1045 5191 1257 5257 Bezae
1300 5194 1373 5257 in
1415 5214 1538 5259 sua
1581 5191 1866 5257 editione
1910 5190 2144 5275 gallica
2184 5190 2546 5274 placuerat,
2608 5189 2854 5257 scilicet
2895 5197 2972 5255 ut
3011 5211 3339 5256 annorum
3380 5199 3682 5275 respectu
3722 5192 3945 5258 habito
4004 5192 4355 5276 unicuique
4413 5192 4725 5277 opusculo

714 5301 939 5368 locum
989 5324 1184 5368 suum
1232 5326 1351 5389 pro
1407 5303 1727 5370 natalium
1782 5301 1987 5385 ipsius
2035 5302 2179 5366 iure
2224 5302 2547 5368 daremus.
2632 5300 2779 5369 'I'ali
2831 5301 3059 5368 ordine
3117 5303 3341 5370 stricte
3396 5305 3741 5373 observato
3784 5301 4047 5370 Oalvini
4088 5303 4345 5372 labores
4358 5357 4375 5384 ,
4435 5312 4502 5371 et
4542 5305 4736 5371 omni
