5100 6061
745 444 881 511 XL
1012 466 1013 469 ¹
1409 493 1418 501 .
1920 430 2463 501 TRAOTATUS
2508 427 3096 496 THEOLOGICI
3137 423 3586 493 MINORES.

747 641 927 698 trum
970 632 1114 715 ipso
1165 633 1435 694 curante
1482 648 1518 691 e
1571 625 1751 710 prelo
1796 624 2032 690 exiisse
2088 621 2299 687 autori
2344 620 2706 685 renunciat.
2797 615 2933 683 Sed
2988 636 3222 700 operae
3276 616 3563 700 pretium
3615 615 3805 683 nobis
3847 615 4085 712 facturi
4132 613 4432 681 videmur
4475 614 4533 680 si
4585 630 4756 700 quae

744 745 877 810 huc
918 742 1253 827 pertinent
1296 738 1555 824 plenius
1600 738 1973 802 referamus.
2064 733 2417 818 Leguntur
2460 733 2532 795 in
2578 729 2735 796 cod.
2780 728 3090 795 Gothano
3136 731 3279 792 404.
3320 728 3427 793 fol.
3478 731 3621 792 772.
3664 729 3737 793 in
3781 726 4221 811 autographo:

643 964 655 985 ¹
750 940 1006 1026 Insiqrn'
1058 938 1324 1022 theoloye
1368 935 1494 1001 Dn.
1540 935 1775 1026 'Ioanni
1821 931 2081 998 Calvino
2130 950 2463 996 sacrarum
2515 929 2840 993 literarum
2880 926 3231 1008 professori
3279 904 3591 991 Gebennis
3648 926 3848 989 amico
3893 929 3948 990 et
3999 924 4198 1006 fratri
4237 923 4590 991 clarissimo
4632 944 4770 990 suo.

1064 1074 1129 1141 S.
1197 1074 1421 1157 Nuper
1474 1071 1790 1138 discedens
1834 1070 2055 1135 curavi
2096 1074 2168 1134 ut
2211 1089 2332 1152 per
2375 1067 2765 1133 Ludovicum
2820 1070 3100 1130 nostrum
3143 1062 3379 1128 libellos
3421 1062 3778 1144 epistolares
3819 1065 3957 1128 tuos
4000 1085 4043 1127 a
4085 1061 4259 1127 nobis
4300 1082 4554 1130 excusos
4603 1063 4779 1129 XII

746 1189 1057 1270 acciperes
1073 1240 1088 1267 ,
1131 1187 1357 1269 plures
1397 1184 1584 1248 etiam
1624 1183 1942 1248 missurus
1982 1201 2296 1264 perquam
2337 1178 2754 1260 {libentissime
2797 1176 2857 1241 si
2889 1166 3117 1258 plures
3169 1173 3395 1239 habere
3448 1174 3687 1255 cupias.
3782 1173 3953 1256 Quin
3995 1179 4052 1238 et
4104 1194 4182 1239 ex
4225 1174 4489 1256 reliquis
4533 1174 4765 1242 libellis

693 1308 700 1323 ⁸
749 1306 958 1368 nostro
988 1300 1173 1382 prelo
1215 1296 1567 1379 impressiS‚
1620 1296 1683 1359 si
1726 1296 1949 1378 quibus
1990 1293 2263 1359 maxime
2304 1290 2397 1355 vel
2433 1290 2720 1356 oblectari
2759 1296 2816 1378 te
2855 1287 2948 1352 vel
2989 1287 3203 1352 studia
3243 1290 3357 1351 tua
3399 1286 3614 1351 iuvari
3644 1304 3831 1383 posse
3873 1285 4248 1369 intelliqam‚
4303 1285 4551 1351 mittam
4583 1308 4767 1369 quos-

750 1433 992 1496 cunque
1048 1410 1339 1476 iusseris-,2
1416 1409 1621 1471 Tanta
1664 1408 1831 1470 enim
1873 1410 1965 1471 est
2022 1410 2132 1469 tua
2188 1405 2258 1468 in
2297 1424 2411 1469 nos
2446 1400 2876 1480 benevolentia,
2921 1419 3080 1481 quae
3121 1398 3294 1463 nullo
3336 1404 3540 1463 tamen
3581 1402 3785 1462 nostro
3839 1397 3912 1461 in
3951 1401 4008 1461 te
4057 1402 4272 1462 mutuo
4303 1398 4511 1480 possit
4552 1397 4763 1481 officio

752 1525 1013 1607 rependi
1049 1522 1250 1606 facile.
1347 1520 1523 1601 Quod
1563 1517 1883 1599 reliquum
1926 1523 2031 1595 est,
2076 1517 2136 1580 si
2182 1517 2251 1579 in
2297 1514 2674 1580 excudendis
2715 1513 2844 1577 tuis
2888 1512 3022 1576 illis
3060 1511 3219 1593 forte
3261 1529 3383 1574 non
3424 1509 3863 1589 respondimus
3896 1530 4022 1591 per
4065 1511 4280 1576 omnia
4319 1511 4764 1592 exspectationi

749 1642 910 1716 tuae,
970 1636 1156 1702 dabis
1202 1634 1446 1697 veniam
1489 1650 1682 1713 quam
1722 1629 1886 1695 soles
1918 1649 2040 1710 pro
2084 1627 2475 1693 humanitate
2519 1632 2629 1692 tua
2643 1677 2657 1704 ,
2697 1630 2751 1689 et
2795 1644 2988 1706 quam
3030 1623 3258 1689 dedisti
3292 1622 3601 1702 haetenus,
3637 1640 3996 1715 quanquam
4038 1621 4248 1687 sedulo
4292 1622 4581 1688 dedimus
4623 1643 4765 1705 ope-

749 1769 895 1815 ram
936 1753 1171 1826 tamen,
1199 1750 1269 1809 ut
1309 1748 1612 1826 quantum
1649 1740 1793 1821 lieri
1828 1746 2041 1822 posset
2084 1740 2398 1804 emendate
2442 1738 2914 1816 excuderentur,
2957 1756 3079 1801 non
3119 1735 3307 1801 semel
3347 1742 3541 1815 super
3580 1733 3730 1799 locis
3772 1734 4024 1815 aliquot,
4069 1736 4142 1799 in
4183 1734 4410 1817 quibus
4448 1736 4608 1819 forte
4649 1754 4768 1803 nos

750 1881 875 1926 non
915 1856 1395 1941 explieabamus,
1442 1854 1710 1919 consulto
1745 1858 1803 1917 et
1848 1853 2138 1935 Grynaeo
2181 1857 2234 1915 et
2280 1850 2592 1915 Ludovico
2634 1854 2751 1913 tue.
2825 1846 3041 1929 Neque
3077 1848 3147 1911 in
3189 1847 3558 1913 emendandi
3601 1844 3802 1928 officio
3842 1847 3917 1910 de
3958 1836 4330 1932 neqliqemtia
4372 1847 4589 1929 aliqua
4625 1870 4771 1915 nos-

752 1977 857 2038 tra
912 1969 1179 2035 multum
1233 1966 1557 2048 querebere
1625 1962 1736 2051 [333
1744 1963 1794 2052 J.
1888 1963 2187 2030 Cavimus
2240 1964 2405 2027 enim
2458 1962 2528 2025 id
2581 1981 2814 2043 quoque
2862 1980 2939 2024 ne
2994 1964 3345 2025 erratorum
3393 1959 3526 2022 nisi
3581 1958 4058 2023 leviusculorum
4111 1960 4317 2025 taedio
4365 1961 4628 2044 qravius
4680 1963 4774 2044 of-

750 2082 1115 2166 fendereris.
1209 2078 1382 2143 Nam
1425 2078 1585 2159 quod
1630 2098 1825 2141 unum
1870 2082 2055 2159 atque
2098 2076 2363 2142 alterum
2400 2075 2555 2156 forte
2608 2073 2868 2153 irrepsit
2905 2072 3094 2155 facile
3140 2072 3426 2155 iynosces.
3520 2071 3735 2153 Neque
3779 2071 3944 2135 enim
3986 2070 4157 2136 ullus
4199 2091 4479 2153 unquam
4520 2072 4675 2139 liber
4717 2094 4764 2139 a

754 2212 1068 2276 quoquam
1112 2196 1201 2256 est
1239 2190 1333 2255 ita
1374 2190 1723 2270 impressus
1756 2188 2082 2269 emendate,
2127 2193 2197 2252 ut
2238 2207 2360 2252 non
2394 2178 2590 2268 ‘facile
2634 2186 2824 2250 etiam
2866 2183 3027 2247 inter
3069 2183 3557 2265 inmrimendum
3600 2185 3906 2264 quaedam
3949 2184 4315 2266 obreperent,
4358 2204 4520 2265 quae
4554 2186 4768 2251 omnia

756 2305 990 2370 evitare
1030 2301 1410 2385 impossibile
1452 2302 1535 2367 sit
1558 2321 1685 2381 pro
1720 2321 1794 2365 ea
1835 2322 1961 2382 qua
2004 2299 2183 2365 hodie
2216 2298 2468 2382 passim
2508 2297 2745 2361 utimur
2788 2296 3129 2361 excudendi
3172 2296 3530 2361 ratione..
3580 2345 3593 2360 .
3639 2345 3655 2361 .

1062 2414 1342 2481 Caetera
1395 2413 1523 2477 alio
1566 2412 1706 2478 loco
1766 2413 2188 2477 excutiemus.
2277 2411 2388 2476 Ex
2430 2409 2627 2475 modo
2678 2409 3127 2493 transscriptis
3167 2414 3348 2492 patet
3388 2409 3606 2491 ipsum
3650 2405 4052 2493 Oporinum
4070 2407 4221 2475 libri
4266 2408 4503 2475 edendi
4542 2418 4767 2493 patro—

752 2549 915 2593 num
968 2527 1197 2601 fuisse,
1255 2525 1627 2590 Platterum
1670 2544 1827 2590 voro
1872 2530 1939 2589 et
1981 2523 2257 2588 Lasium
2303 2523 2442 2587 eius
2486 2520 2879 2607 typothetae.
2970 2520 3228 2586 Verum
3270 2520 3377 2586 his
3419 2520 3640 2586 missis
3695 2519 3779 2584 ad
3824 2519 4100 2586 alteram
4142 2520 4496 2588 editionem
4543 2518 4764 2589 trans·

753 2638 929 2704 imus
983 2638 1193 2702 multo
1246 2636 1742 2720 elegant-iorem,
1810 2656 1975 2719 quae
2024 2633 2352 2705 ,Genavae
2408 2633 2623 2699 lucem
2687 2632 2853 2697 vidit
2908 2653 3083 2697 anno
3148 2637 3330 2697 1550.
3419 2633 3905 2717 Typographus
3946 2654 4190 2698 nomen
4233 2655 4428 2700 suum
4470 2656 4605 2702 non
4647 2635 4767 2703 ad-

755 2750 1043 2833 scripsit,
1100 2769 1296 2831 quem
1341 2754 1561 2812 tamen
1605 2747 1698 2811 10.
1746 2746 2129 2830 Crispinum
2181 2746 2383 2811 fuisse
2437 2745 2846 2828 suspicamur
2887 2738 2923 2810 e
2979 2746 3163 2811 cuius
3220 2743 3481 2810 officina
3521 2744 3712 2827 plura
3765 2744 4137 2811 calviniana
4174 2746 4490 2829 opuscula
4533 2748 4764 2814 eodem

755 2882 930 2927 anno
974 2860 1331 2943 eademque
1373 2859 1585 2924 forma
1619 2859 1971 2941 separatim
2020 2879 2263 2924 excusa
2304 2856 2708 2941 prodierunt.
2794 2857 3054 2922 Titulus
3101 2865 3225 2923 est:

1066 2957 1574 3044 IOANNIS
1639 2956 1918 3041 GAL-
1946 2954 1952 3070 Ι
1978 2969 2203 3051 VIM,
2250 2968 2543 3035 VERBI
2586 2969 2782 3049 DEI,
2827 2968 2930 3035 [N
2970 2970 2979 3054 ι
3017 2968 3313 3036 E001esia
3337 2968 3735 3052 senonensi,
3779 2970 4144 3038 fidelissimi
4174 2971 4482 3052 ministri,
4522 2973 4533 3057 ι
4570 2972 4771 3057 Epis-

758 3087 928 3153 tolae
983 3085 1153 3150 duae
1168 3136 1183 3162 ‚
1240 3083 1321 3149 de
1376 3075 1741 3150 rebus-Hoc
1797 3082 2015 3148 seculo
2060 3083 2280 3167 appri—
2304 3079 2314 3165 Ι
2338 3103 2443 3147 me
2485 3082 2755 3167 cognitu
2797 3083 3199 3162 necessariis,
3245 3089 3399 3148 ante
3444 3104 3654 3150 annos
3694 3084 3910 3150 trede-
3933 3081 3945 3170 Ι
3969 3086 4098 3152 cim
4141 3084 4385 3165 editae,
4433 3105 4610 3151 nuno
4653 3084 4778 3151 de-

755 3220 894 3264 nuo
937 3196 1315 3281 castigatius
1359 3196 1733 3279 impressae.
1778 3193 1787 3279 Ι
1823 3194 2136 3275 PRIOR,
2181 3193 2311 3260 DE
2356 3194 2717 3260 FUGIEN
2719 3192 2875 3261 DIS
2915 3193 2926 3279 Ι
2962 3194 3314 3277 impiorum
3355 3194 3601 3260 illicitis
3643 3197 3864 3276 sacris,
3911 3205 3979 3261 et
4019 3198 4310 3280 puritate
4353 3195 4551 3263 chri·
4574 3199 4586 3286 Ι
4609 3198 4776 3264 stia—

758 3331 885 3377 nae
927 3308 1263 3393 religionis
1307 3305 1737 3373 obseruanda.
1777 3306 1786 3389 Ι
1828 3306 2224 3386 ALTERA,
2267 3305 2396 3372 DE
2441 3305 2853 3374 CHRISTI·
2880 3311 2891 3391 Ι
2916 3309 3028 3373 ani
3069 3306 3355 3373 hominis
3398 3308 3609 3374 officio
3651 3309 3724 3374 in
3767 3308 4147 3375 sacerdotiis
4188 3308 4456 3393 Papalis
4496 3313 4506 3397 Ι
4543 3309 4784 3378 Eccle-

758 3423 896 3488 siae
936 3421 1046 3487 vel
1089 3417 1643 3496 administrandis,
1683 3418 1793 3483 vel
1835 3417 2229 3484 abiiciendis.
2275 3419 2283 3503 Ι
2323 3416 2790 3485 GENEVAE.
2832 3419 2841 3502 Ι
2880 3420 2974 3485 Μ.
3020 3421 3103 3485 D.
3150 3420 3229 3484 L.

1074 3532 1322 3597 Forma
1363 3531 1696 3596 octonaria
1737 3530 1978 3610 minor,
2024 3531 2131 3596 vel
2172 3530 2226 3596 si
2271 3532 2483 3597 mavis
2528 3530 2820 3597 minima.
2912 3530 3391 3613 Quaterniones
3434 3532 3658 3598 decem
3702 3533 4000 3619 (A—K).
4088 3534 4573 3602 Praefationem
4615 3556 4781 3604 con-

758 3647 979 3711 tinent
1033 3665 1182 3729 pag.
1231 3647 1268 3708 3
1321 3650 1390 3707 et
1445 3645 1521 3722 43
1577 3641 1927 3725 epistolam
1986 3643 2268 3726 primam
2324 3665 2471 3729 pag.
2521 3648 2558 3706 5
2579 3647 2761 3708 -87
2775 3668 2792 3724 ;
2840 3645 3196 3711 secundam
3259 3619 3418 3730 pags
3455 3649 3536 3710 88
3555 3683 3638 3693 ——
3657 3650 3796 3711 155.
3884 3644 4271 3730 Sequuntur
4323 3656 4601 3731 quatuor
4651 3668 4779 3731 pa-

758 3758 956 3842 ginae
994 3778 1144 3823 cum
1167 3753 1381 3820 indice
1417 3756 1547 3820 iam
1572 3761 1950 3820 memorato,
2007 3753 2248 3820 Finem
2305 3756 2561 3822 faciunt
2602 3757 2800 3821 effata
2843 3756 2980 3822 duo'
3014 3754 3248 3823 biblica
3301 3757 3385 3822 ad
3429 3757 3551 3841 Ep.
3597 3757 3694 3822 Π.
3731 3759 4127 3842 pertinentia
4170 3758 4252 3825 de
4295 3760 4552 3844 quibusx
4571 3781 4786 3845 supra

760 3868 1029 3935 dictum.
1120 3867 1373 3934 Ultima
1426 3865 1667 3950 pagina
1719 3888 1945 3933 vacua.
2035 3868 2206 3952 'typi
2261 3868 2515 3932 romani
2572 3868 2731 3933 belli
2774 3876 2841 3933 et
2894 3868 3273 3935 laudabiles.
3363 3869 3727 3953 Exemplar
3767 3877 4068 3937 nostrum
4106 3873 4244 3937 fuit
4293 3872 4452 3938 olim
4497 3871 4778 3958 Georgii

760 3979 1275 4065 Veesenmeyeri
1310 3966 1694 4062 professoris
1739 3978 2097 4056 Ulmensis,
2136 3978 2371 4045 studiis
2414 3978 2487 4044 in
2528 3978 2808 4046 historia
2861 3981 3171 4047 ecclesiae
3229 3981 3618 4046 reformatae
3669 3981 3964 4048 literaria
4015 3983 4346 4050 collocatis
4400 3984 4772 4051 clarissimi.

1070 4092 1373 4157 Recusus
1413 4097 1514 4156 est
1556 4097 1779 4155 textus
1822 4090 2069 4155 latinus
2104 4089 2177 4153 in
2220 4090 2503 4157 editione
2547 4090 2830 4157 Gallasii
2879 4097 3041 4156 1552
3086 4113 3233 4176 pag.
3281 4097 3567 4173 41—93;
3626 4093 3802 4177 apud
3845 4095 4091 4160 Bezam
4143 4100 4304 4160 1576
4365 4116 4511 4182 pag.
4561 4100 4780 4160 656-

763 4207 920 4283 6963
964 4223 1159 4287 porro
1217 4207 1380 4267 1597
1423 4223 1572 4287 pag.
1634 4204 2006 4280 547-583;
2057 4202 2129 4265 in
2182 4201 2334 4268 edit.
2403 4200 2755 4269 Stoeriana
2809 4210 3027 4269 exstat
3080 4223 3226 4289 pag.
3284 4209 3654 4285 474—502;
3714 4205 3991 4290 denique
4045 4208 4116 4273 in
4171 4208 4775 4277 Amstelodamensi

762 4336 912 4399 pag.
960 4319 1321 4379 409—434.
1410 4315 1648 4379 Versio
1704 4312 1939 4396 gallica
1993 4314 2348 4395 separatim
2402 4335 2645 4381 excusa
2693 4336 2824 4380 non
2882 4315 3024 4380 fuit.
3113 4314 3419 4381 Habetur
3470 4337 3630 4382 vero
3673 4318 3744 4383 in
3795 4317 4172 4385 collectione
4226 4321 4691 4405 opusculorum
4735 4344 4788 4388 a.

762 4427 945 4492 Beza
982 4425 1289 4491 instituta
1340 4430 1503 4490 1566
1543 4445 1691 4511 pag.
1732 4428 2055 4503 57-131,
2096 4423 2331 4491 deinde
2369 4425 2543 4509 apud
2581 4425 2917 4493 Stoerium
2966 4432 3123 4492 1611
3164 4449 3311 4513 pag.
3360 4432 3674 4494 66-150.
3913 4413 3920 4416 ’

1072 4537 1137 4601 N
1138 4559 1175 4602 e
1218 4537 1375 4620 quid
1418 4538 1795 4602 omittamus
1837 4536 2009 4620 quod
2053 4537 2300 4622 egregii
2343 4536 2547 4603 libelli
2589 4539 2724 4605 fata
2762 4537 3095 4605 illustrare
3136 4539 3360 4625 possit,
3405 4562 3540 4606 non
3564 4541 3681 4606 abs
3726 4563 3799 4607 re
3843 4542 3970 4607 erit
4005 4542 4129 4620 hoc
4170 4544 4310 4611 loco
4353 4543 4620 4614 brevem
4664 4547 4796 4613 ali-

761 4670 961 4734 quam
1004 4648 1345 4733 epistolam
1389 4647 1629 4714 addere
1667 4649 1914 4714 Leonis
1958 4647 2166 4715 Iudae
2209 4648 2292 4715 ad
2330 4647 2703 4730 Calvinum,
2747 4652 2818 4715 in
2862 4672 2992 4734 qua
3032 4651 3144 4717 ille
3189 4651 3269 4717 de
3314 4653 3617 4718 versione
3652 4655 4028 4738 germanica
4068 4676 4109 4720 a
4142 4676 4213 4722 se
4255 4657 4518 4725 condita
4558 4659 4791 4728 refert.

765 4762 1053 4847 Legitur
1094 4762 1164 4826 in
1209 4759 1475 4827 Calvini
1518 4760 1811 4846 epistolis
1854 4781 1895 4825 a
1935 4761 2114 4827 Beza
2157 4759 2346 4827 editis
2388 4781 2565 4826 anno
2617 4756 2776 4826 1575
2821 4785 2968 4849 pag.
2996 4767 3105 4844 22,
3154 4765 3224 4829 in
3268 4765 3632 4849 exemplari
3670 4766 4095 4834 lausannensi
4141 4791 4285 4855 pag.
4312 4774 4414 4850 41,
4456 4771 4528 4836 in
4568 4771 4794 4838 hano-

764 4873 976 4940 viensi
1019 4894 1167 4956 pag.
1215 4877 1317 4951 46,
1361 4873 1434 4937 in
1477 4839 2045 4941 amstelodamensi
2094 4895 2240 4957 pag.
2292 4876 2388 4937 12.

1743 5071 2042 5135 Gratiam
2083 5078 2140 5137 et
2179 5073 2345 5137 vitae
2385 5071 2802 5137 innocentiam
2834 5093 2877 5137 a
2918 5073 3055 5140 Deo
3087 5079 3275 5156 patre
3303 5095 3428 5156 per
3473 5075 3808 5143 Christum.

1081 5208 1528 5292 Superioribus
1572 5210 1762 5274 annis
1778 5259 1793 5287 ,
1847 5209 1951 5273 vir
1991 5209 2363 5290 doctissime,
2419 5209 2719 5292 epistolas
2761 5209 2926 5276 duas
2972 5212 3203 5278 dedisti
3245 5233 3369 5279 non
3410 5219 3652 5280 tantum
3694 5216 3903 5283 doctas
3916 5267 3931 5295 ‚
3990 5217 4098 5281 sed
4136 5217 4325 5282 etiam
4367 5219 4545 5285 valde
4588 5219 4796 5287 utiles

762 5322 823 5382 et
864 5321 1249 5386 necessarias
1263 5373 1278 5402 ,
1333 5321 1610 5387 maxime
1641 5321 1965 5404 praesenti
2017 5342 2229 5386 rerum
2272 5327 2453 5386 statu.
2555 5320 2700 5388 Has
2741 5343 2844 5406 eqo
2889 5325 3107 5442 ambas
3148 5326 3306 5390 verti
3352 5328 3703 5410 qermanice
3746 5331 3817 5391 ut
3856 5333 3913 5391 et
3953 5328 4007 5392 ii
4045 5328 4321 5410 fructum
4361 5330 4593 5398 harum
4621 5351 4810 5412 per-
