5100 6061
2087 410 2822 478 PROLEGOMENA.
4369 418 4475 482 LI

766 601 1011 665 Forma
1054 602 1255 666 etiam
1301 602 1492 684 paulo
1536 604 1754 667 minor
1793 623 1987 685 quam
2045 600 2518 683 praecedentis.
2612 599 3094 680 Quaterniones
3138 607 3421 682 quatuor
3465 622 3609 664 oum
3660 576 3926 666 dimidio
3986 604 4229 686 (a—e),
4285 606 4470 687 pagi-

450 734 581 778 nae
625 722 1004 777 numeratae
1053 719 1148 776 70.
1242 713 1509 778 Folium
1574 714 1880 779 ultimum
1938 734 2237 787 vacuum,
2306 711 2696 794 subscriptio
2763 712 2960 777 nulla.
3052 710 3264 776 Adest
3329 734 3583 794 quoque
3639 714 4091 779 Acrostichon.
4181 716 4468 781 Unicum

450 824 794 915 exemplar
837 825 1200 907 reperimus
1243 826 1315 888 in
1359 824 1753 890 bibliotheca
1798 824 2013 890 ducali
2057 823 2391 902 Gothana,
2440 804 2643 889 cuius⁵
2670 824 2982 905 praefecti
3021 823 3187 888 illud
3231 844 3382 889 cum
3428 823 3575 888 aliis
3620 828 3949 902 κειμηλίοις
3995 826 4469 891 humanissime

448 934 797 1003 nobiscum
843 938 1428 1016 communicarunt,
1476 936 1714 1020 quibus
1762 937 1959 1001 etiam
2006 935 2087 1000 ob
2129 936 2340 1000 multo
2384 935 2751 1019 insigniora
2793 933 3035 999 favoris
3080 934 3454 999 testimonia
3508 934 3776 1018 posthae
3825 934 4157 1001 laudanda
4198 936 4470 1004 obstric-

450 1050 743 1114 tissimos
788 1070 905 1113 nos
950 1050 1352 1130 profitemur.

764 1160 847 1225 In
891 1160 1183 1244 catalogo
1225 1160 1438 1225 Musei
1485 1161 1853 1225 Britannici
1898 1160 2143 1224 mentio
2185 1160 2263 1222 fit
2302 1158 2521 1222 tertiae
2566 1156 2875 1222 editionis
2920 1176 3092 1220 anno
3145 1161 3304 1219 1545
3352 1158 3715 1241 evulgatae,
3763 1155 3842 1222 de
3880 1179 4025 1240 qua,
4074 1181 4276 1242 quum
4314 1161 4468 1228 alibi

448 1273 526 1337 in
572 1271 846 1337 eandem
889 1293 1023 1337 non
1067 1272 1508 1349 inciderimus,
1557 1271 1731 1354 quod
1774 1271 2067 1336 dicamus
2113 1292 2246 1334 non
2286 1268 2623 1333 habemus

764 1382 874 1447 Ad
916 1404 1151 1449 manus
1194 1391 1295 1453 est
1338 1382 1673 1465 exemplar
1716 1382 2090 1448 rarissimae
2144 1386 2403 1461 quartae
2457 1379 2759 1444 editionis
2803 1378 2976 1461 quod
3033 1397 3180 1442 cum
3234 1378 3529 1461 pluribus
3587 1380 3732 1444 aliis
3786 1381 4023 1446 libellis
4080 1382 4467 1449 calvinianis

449 1494 894 1577 Guelferbyto
939 1496 1130 1560 nobis
1176 1497 1452 1559 missum
1497 1502 1612 1560 est.
1701 1493 1962 1558 Titulus
2008 1495 2144 1558 fere
2187 1492 2364 1557 idem
2407 1500 2507 1556 est
2552 1511 2627 1556 ac
2671 1490 3025 1557 secundae:
3141 1518 3151 1528 -

763 1594 1130 1676 PETIT
1188 1592 1198 1696 Ι
1255 1616 1568 1669 TRAICTE
1616 1614 1717 1669 DE
1764 1615 1861 1668 LA
1910 1612 1918 1681 ι
1974 1614 2284 1670 SAINCTE
2340 1614 2531 1668 CENE
2586 1615 2687 1667 DE
2737 1604 2746 1688 Ι
2797 1609 3018 1667 nostre
3075 1600 3402 1685 seigneur
3457 1602 3642 1665 Iesus
3698 1603 3939 1669 Christ.
4202 1605 4470 1689 Auquel

447 1726 557 1783 est
600 1718 1008 1782 demonstree
1062 1716 1127 1780 la
1166 1739 1374 1801 vraye
1431 1717 1693 1781 institu-
1722 1718 1894 1802 {tion
1938 1719 2135 1800 profit
2179 1726 2245 1779 et
2287 1717 2500 1779 utilite
2543 1715 2805 1781 d'icelle.
2895 1715 3177 1779 Ensem—
3206 1709 3216 1798 Ι
3241 1713 3349 1777 ble
3401 1713 3470 1777 la
3513 1733 3704 1778 cause
3756 1736 4097 1799 pourquoy
4141 1716 4470 1799 plusieurs

449 1829 571 1894 des
610 1830 619 1914 Ι
659 1829 1011 1894 Modernes
1056 1827 1378 1893 semblent
1421 1851 1503 1892 en
1548 1828 1735 1893 auoir
1779 1829 1977 1894 escrit
2016 1837 2024 1904 Ι
2064 1828 2521 1893 diversement.
2566 1827 2575 1911 Ι
2617 1834 2970 1899 (Emblema.)
3012 1833 3020 1901 Ι
3070 1828 3250 1887 1549.

763 1941 1008 2004 Forma
1051 1940 1341 2018 minima,
1379 1940 1839 2022 quaterniones
1875 1947 2150 2022 quatuor
2185 1960 2334 2003 cum
2371 1938 2638 2003 dimidio
2683 1938 2972 2020 (A—E),
3019 1937 3296 2019 paginae
3331 1945 3712 2000 numeratae
3758 1941 3856 2013 70,
3894 1936 4200 2001 ultimum
4237 1939 4466 2003 folium

447 2071 753 2117 vacuum.
829 2052 999 2137 Typi
1044 2050 1262 2134 pusilli
1307 2050 1422 2115 sed
1465 2049 1676 2115 nitidi.
1766 2046 2023 2116 Nomen
2068 2051 2461 2134 typographi
2506 2056 2775 2114 tacetur.
2846 2048 3194 2113 Emblema
3237 2056 3337 2112 est
3379 2047 3599 2129 palma
3639 2047 3899 2130 qualem
3943 2051 4308 2115 accuratius
4354 2050 4468 2115 de-

446 2163 837 2245 scripsimus
880 2162 1084 2227 Tomo
1118 2161 1246 2226 ΠΙ.
1298 2184 1443 2246 pag.
1479 2163 1630 2227 XL.
1671 2171 1737 2226 et
1785 2184 1986 2244 supra
2019 2163 2223 2226 'Pomo
2258 2162 2342 2225 V.
2380 2182 2525 2244 pag.
2575 2159 2683 2239 K,
2733 2160 2849 2226 sed
2884 2181 3035 2226 cum
3071 2158 3454 2243 epigraphe:
3500 2156 3863 2225 PRESSA
3905 2159 4469 2227 VALENTIOR.

445 2273 668 2340 Adest
699 2295 952 2356 quoque
996 2294 1259 2338 carmen
1296 2273 1749 2363 acrostichon„
1811 2273 2033 2338 Habet
2078 2273 2239 2339 haec
2285 2274 2441 2337 hinc
2488 2271 2644 2336 inde
2702 2272 3032 2339 variantes
3082 2271 3389 2336 lectiones
3437 2292 3598 2352 quas
3657 2292 3772 2334 suo
3818 2270 3956 2335 loco
3992 2271 4469 2341 annotabimus

766 2386 1017 2450 'sextus
1066 2385 1339 2469 gallicus
1387 2393 1704 2449 tractatus
1753 2385 1833 2450 de
1880 2384 2104 2450 Coena
2156 2385 2401 2468 legitur
2446 2386 2517 2447 in
2573 2382 2858 2448 editione
2903 2384 3167 2447 Bezana
3236 2403 3381 2466 pag.
3442 2386 3809 2459 175—195;
3880 2383 3949 2446 in
4009 2382 4359 2448 Stoeriana
4401 2404 4472 2467 p.

450 2500 813 2575 199—222,
853 2506 920 2562 et
955 2497 1418 2562 Gosseliniana
1452 2517 1599 2580 pag.
1659 2501 2013 2561 181-210.

761 2609 1003 2673 Latine
1044 2608 1323 2673 eundem
1370 2608 1570 2673 vertit
1614 2607 1879 2673 Calvini
1914 2607 2165 2691 collega
2207 2607 2349 2671 Nic.
2397 2605 2511 2672 des
2548 2606 2813 2672 Gallars
2850 2625 3022 2669 anno
3073 2609 3254 2669 1545.
3346 2603 3534 2685 Quae
3571 2606 3780 2670 versio
3818 2605 4019 2671 semel
4063 2613 4324 2670 tantum
4369 2628 4471 2672 se-

438 2721 737 2807 paratim
772 2740 1013 2784 excusa
1057 2720 1258 2785 fuisse
1303 2719 1592 2797 videtur,
1630 2728 1855 2802 postea
1888 2719 2114 2784 latinis
2158 2726 2566 2783 tractatuum
2600 2717 2976 2800 corporibus
3019 2715 3324 2781 omnibus
3375 2717 3652 2780 inserta:
3701 2721 3862 2780 1552
3909 2738 4051 2800 pag.
4102 2721 4437 2809 129-147
4456 2743 4473 2798 ;

446 2836 622 2896 1576
660 2852 810 2916 pag.
855 2834 1091 2911 1—14;
1136 2835 1295 2895 1597
1343 2852 1490 2914 pag.
1525 2835 1758 2911 1—13;
1812 2834 1967 2894 1611
2018 2851 2162 2915 pag.
2195 2834 2429 2910 1-113
2480 2833 2636 2892 1671
2677 2850 2824 2912 pag.
2856 2831 3036 2891 1—9.
3112 2827 3437 2892 Editionis
3481 2827 3793 2910 principis
3827 2827 4165 2911 exemplar
4206 2828 4477 2895 unicum

440 2966 537 3010 ex
574 2944 964 3010 bibliotheca
998 2944 1181 3028 regia
1223 2942 1727 3026 Stuttgardiana
1760 2943 2097 3008 nobiscum
2132 2941 2609 3007 humanissime
2653 2940 3200 3006 communit-‚atum
3246 2938 3658 3016 contulimuS,
3697 2941 3879 3005 cuius
3915 2941 4148 3005 titulus
4192 2940 4300 3004 hic
4346 2954 4475 3007 est:

765 3041 1365 3127 LIBELLVS
1422 3049 1432 3153 Ι
1488 3056 1615 3120 DE
1661 3053 1973 3121 ooENA
2009 3053 2372 3133 nomm,
2416 3054 2423 3136 ι
2464 3055 2528 3119 A
2563 3052 2918 3118 IoANNE
2955 3049 3371 3116 oALvmo
3413 3053 3421 3135 ι
3459 3050 3714 3133 pridem
3742 3052 4000 3118 Gallica
4024 3052 4472 3137 linguascrip-

446 3177 583 3235 tus.
624 3168 635 3252 Ι
674 3169 868 3234 Nunc
913 3189 1069 3235 vero
1095 3168 1165 3231 in
1192 3168 1513 3232 Latinum
1549 3189 1655 3233 ser
1680 3174 1688 3251 Ι
1711 3187 1975 3231 monem
2020 3187 2391 3231 conuersus.
2436 3166 2443 3249 Ι
2486 3172 2837 3238 (Emblema.)
2878 3171 3232 3227 GENEVAE
3271 3162 3281 3247 Ι
3321 3173 3464 3227 PER
3500 3173 3587 3226 10.
3628 3173 4030 3229 GrIRARDVM.
4070 3165 4077 3248 Ι
4126 3169 4307 3229 1545.

766 3281 1012 3344 Forma
1037 3286 1139 3344 est
1172 3279 1506 3353 octonaria
1540 3280 1768 3343 minor.
1832 3277 2312 3358 Quaterniones
2348 3285 2503 3343 sunt
2524 3288 2804 3359 quatuor
2841 3294 2989 3339 cum
3011 3273 3281 3339 dimidio
3319 3274 3609 3360 (A—E),
3652 3276 3931 3358 paginae
3967 3283 4349 3341 numeratae
4376 3282 4476 3357 71,

446 3392 694 3468 ultima
738 3413 961 3456 vacua.
1048 3390 1395 3456 Emblema
1438 3400 1537 3455 est
1588 3391 1856 3456 Girardi
1905 3389 2160 3474 gladius
2211 3391 2550 3454 flammeus
2607 3410 2759 3454 cum
2807 3408 2929 3452 sua
2978 3387 3335 3470 epigraphe
3384 3386 3742 3464 notissima,
3789 3388 3974 3454 cuius
4010 3396 4235 3452 tamen
4269 3390 4481 3454 forma

446 3525 614 3570 cum
638 3503 823 3567 nulla
843 3523 1067 3568 earum
1091 3501 1399 3567 convenit
1431 3523 1593 3584 quas
1617 3502 1840 3585 plures
1875 3504 2009 3566 iam
2031 3504 2101 3566 in
2135 3503 2337 3568 variis
2371 3500 2558 3565 libris
2595 3499 2923 3564 adhibitas
2959 3498 3436 3579 descripsimus.
3489 3498 3804 3564 Gladium
3840 3521 3972 3564 una
4005 3506 4191 3564 tenet
4225 3522 4480 3580 manus,

445 3615 770 3698 adagium
812 3616 904 3679 sic
953 3614 1340 3697 dispositum
1382 3614 1655 3698 legitur:
1714 3614 1907 3680 NON
1954 3614 2180 3678 VENI
2214 3612 2538 3679 PAOEM
2588 3612 2597 3695 Ι
2644 3610 3061 3676 ΜῙΤΤΕΒΕ
3106 3609 3208 3674 IN
3253 3608 3729 3694 TEROEAM,
3787 3610 3968 3677 SED
4017 3612 4480 3678 GLADIVM.

448 3728 711 3792 'sextus
768 3726 1117 3792 exhibetur
1181 3747 1327 3810 pag.
1372 3701 1596 3791 '7—71.
1701 3726 1996 3791 'situlum
2056 3725 2353 3808 sequitur
2402 3746 2548 3808 pag.
2601 3727 2766 3787 3-5
2815 3720 3095 3787 Grallasii
3149 3721 3465 3801 praefatio
3510 3743 3638 3804 qua
3697 3722 3819 3788 hoc
3863 3723 4002 3788 loco
4057 3727 4304 3789 inserta
4340 3746 4482 3788 rem

449 3859 598 3903 non
640 3838 939 3902 inutilem
964 3839 1250 3902 facturos
1290 3859 1408 3902 nos
1453 3838 1855 3904 confidimus.
1929 3836 2434 3903 Observandum
2472 3847 2694 3900 tamen
2740 3832 3158 3916 praefationis
3213 3839 3278 3895 et
3323 3833 3640 3897 versionis
3678 3844 3972 3900 autorem
3999 3855 4236 3899 nomen
4283 3857 4481 3899 suum

450 3950 654 4015 modo
698 3949 888 4033 plane
926 3950 1243 4033 singulari
1288 3952 1358 4013 in
1398 3951 1678 4015 editione
1724 3951 2015 4032 principe
2054 3950 2473 4031 expressisse,
2513 3950 2792 4014 scilicet:
2841 3945 2920 4009 N.
2981 3943 3308 4007 Lasius.

1635 4121 2016 4216 Nic-olaus
2080 4122 2484 4216 Gallase'us
2535 4125 2697 4241 piis
2759 4117 3176 4213 lectoribus
3236 4113 3320 4208 S.

779 4286 1091 4351 Libellum
1124 4285 1285 4349 hune
1307 4287 1569 4368 pietatis
1609 4291 1665 4350 et
1698 4286 2007 4351 doetrinae
2032 4286 2291 4366 plenum
2328 4290 2468 4349 ante
2512 4305 2712 4350 annos
2754 4286 3025 4367 quinque
3073 4284 3376 4351 Calvinus
3403 4283 3664 4367 'scripsit
3697 4282 3944 4364 vulqari
3985 4301 4277 4360 sermone,
4322 4284 4487 4347 nude

452 4403 521 4464 et
580 4397 716 4462 sine
760 4397 888 4462 ullo
931 4402 1285 4477 apparatu,
1340 4402 1590 4461 venuste
1646 4403 1848 4461 tamen.
1891 4418 1964 4462 ae
2006 4398 2368 4478 perspicue,
2430 4397 2648 4461 ordine
2691 4397 2879 4461 etiam
2933 4391 3205 4463 adhibito
3248 4404 3304 4462 et
3347 4402 3510 4462 certa
3554 4394 3806 4460 docendi·
3860 4393 4098 4457 ratione.
4142 4394 4373 4474 quibus
4415 4397 4482 4456 in

455 4509 727 4590 scriptis
768 4508 906 4572 suis
944 4510 1039 4573 uti
1077 4509 1239 4574 solet.
1331 4508 1631 4588 Gupiebat
1664 4510 1829 4572 enim
1871 4510 2102 4573 nostris
2143 4508 2496 4573 hominibus
2541 4528 2614 4572 ae
2649 4510 2992 4590 praecipue
3031 4508 3352 4574 illiteratis
3394 4507 3737 4584 mbvenire,
3797 4526 4060 4587 qaorum
4102 4508 4356 4571 animus
4403 4505 4485 4570 ob

452 4620 920 4688 controversias
962 4621 1139 4700 illas,
1194 4641 1351 4703 quae
1393 4622 1555 4684 inter
1599 4641 1858 4702 maynos
1897 4622 2065 4685 viros
2107 4622 2377 4703 ayitatae
2421 4625 2627 4700 erant,
2686 4622 2777 4685 ita
2819 4621 3139 4686 aestuabat
3179 4619 3582 4692 dubitatione,
3638 4623 3708 4681 ut
3750 4618 3905 4700 quid
3948 4620 4350 4700 potissimum
4394 4637 4486 4680 se-

452 4737 801 4817 querentur
842 4733 1214 4815 iynorarertt.
1311 4733 1442 4814 Quo
1498 4733 1747 4812 quidem
1805 4733 1896 4796 ita
1954 4731 2130 4797 nobis
2169 4733 2417 4813 profuit
2457 4737 2527 4796 ut
2578 4753 2700 4797 non
2753 4737 2997 4797 tantum
3039 4731 3314 4812 imperiti
3354 4752 3427 4792 ae
3467 4731 3675 4807 rudeS,
3721 4731 3830 4794 secl
3872 4731 4057 4794 etiam
4091 4730 4249 4794 (loeti
4292 4748 4483 4808 qaam

436 4844 736 4928 plurimi
788 4863 1089 4926 maqnam
1130 4849 1195 4908 Se
1233 4865 1308 4909 ex
1350 4863 1416 4908 eo
1450 4844 1778 4908 utilitatem
1821 4844 2073 4924 adeptos
2114 4865 2244 4908 esse
2275 4844 2615 4925 fateantur.
2707 4843 3016 4909 Permulti
3058 4843 3226 4908 enim
3267 4843 3379 4924 qui
3422 4842 3623 4905 adhue
3664 4842 4054 4924 vayabantur
4096 4841 4327 4916 incerti,
4375 4838 4483 4905 hoc

443 4954 723 5040 perlecto
767 4954 965 5020 libello
1009 4957 1101 5020 ita
1147 4956 1644 5035 conquieverunt,
1703 4960 1773 5020 ut
1804 4956 2036 5036 positis
2092 4958 2567 5021 emitentionibus
2609 4957 2922 5020 veritatem
2965 4954 3093 5018 Dei
3139 4959 3528 5037 agnoscerent
3585 4959 3639 5016 et
3694 4955 4206 5034 amplecterentur.
4296 4950 4488 5015 Docet

457 5069 639 5135 enim
670 5067 784 5148 pie
823 5068 970 5147 quis
1023 5069 1107 5132 sit
1147 5071 1679 5133 sacramentorum
1730 5087 1917 5146 usne,
1978 5072 2284 5148 quantum
2324 5068 2417 5132 eis
2462 5068 2894 5138 tribuendum,
2953 5071 3083 5130 tum
3127 5067 3198 5129 in
3254 5087 3372 5147 quo
3419 5066 3799 5147 offenderunt
3842 5065 3893 5128 ii
3937 5065 4048 5143 qui
4091 5063 4243 5144 plus
4293 5083 4487 5143 aequo

454 5180 639 5263 ipsis
696 5176 964 5244 tribuere
979 5229 993 5257 ,
1049 5180 1158 5261 qui
1210 5179 1356 5242 item
1406 5178 1721 5244 detrahere
1778 5180 2117 5245 voluerunt.
2209 5179 2434 5260 Itaque
2488 5200 2679 5261 quum
2730 5178 3000 5242 viderem
3054 5177 3215 5243 hune
3262 5178 3534 5242 libellum
3587 5177 3772 5242 etiam
3827 5175 4092 5238 literatis·
4144 5174 4298 5239 usui
4353 5194 4487 5239 esse

434 5310 668 5377 posse,
715 5309 787 5353 ae
817 5289 1145 5372 plerosque
1187 5311 1308 5355 non
1353 5290 1642 5373 mdyoeres
1674 5291 1844 5354 viros
1858 5342 1873 5370 ,
1919 5292 2143 5373 quibus
2176 5291 2391 5357 nullus
2434 5291 2706 5376 linquae.
2729 5294 2973 5354 nostrae
3016 5310 3177 5354 usus
3219 5295 3337 5369 est,
3385 5290 3573 5354 latine
3615 5288 3918 5367 seriptum
3959 5286 4345 5364 desiderare,
4391 5305 4489 5349 me

4003 5390 4084 5445 G*

4602 2185 4625 2220 8
