5100 6061
350 441 471 499 40⁴.)

359 627 645 691 instituti
691 627 932 706 forent,
988 627 1234 692 multas
1290 627 1409 692 sibi
1465 630 1761 694 fabricati
1803 636 1995 693 erant
2045 628 2312 691 inutiles

362 734 605 796 nugaS,
673 712 906 796 quibus
963 715 1251 778 favorem
1310 715 1433 780 sibi
1488 727 1675 779 tuum
1729 713 2178 780 conciliarent:
2240 713 2312 776 in

362 798 603 882 quibus
657 800 749 862 ita
806 799 928 863 sibi
986 797 1517 878 blandiebantur,
1577 807 1655 864 ut
1710 822 1868 883 prae
1921 800 2049 864 illis
2103 819 2312 882 paene

362 892 874 962 contemnerent,
922 904 1118 967 quam
1162 886 1228 950 in
1275 886 1419 969 lege
1465 894 1581 950 tua
1623 885 2089 951 commendasti
2118 904 2312 951 verae

359 971 652 1036 iustitiae
708 971 1033 1054 regulam:
1091 971 1250 1035 adeo
1305 972 1595 1036 humana
1651 972 1938 1051 decreta,
2005 977 2312 1053 occupato

365 1055 570 1122 semel
614 1076 847 1139 regno,
904 1058 1033 1120 tuis
1089 1057 1294 1141 ipsius
1338 1059 1732 1141 praeceptis,
1794 1059 1848 1122 si
1906 1077 2040 1120 non
2092 1056 2308 1134 fidem,

356 1151 426 1208 at
469 1151 645 1206 certe
691 1142 1111 1206 autoritatem
1155 1142 1642 1226 derogaverant.
1733 1144 1946 1222 Haec,
2006 1143 2308 1220 Domine,

357 1236 438 1293 ut
498 1227 1122 1305 animadverterem,
1182 1237 1253 1292 tu
1311 1229 1475 1293 mihi
1533 1230 1801 1311 spiritus
1859 1231 1954 1293 tui
2015 1229 2311 1292 claritate

361 1315 698 1393 affulsisti;
757 1321 833 1378 ut
888 1313 1439 1395 deprehenderem
1496 1337 1692 1396 quam
1748 1317 1948 1398 impia
1992 1316 2311 1396 noxiaque

360 1408 602 1477 essent,
648 1408 721 1464 tu
766 1400 932 1463 mihi
976 1400 1182 1465 facem
1227 1401 1428 1466 verbo
1472 1409 1585 1465 tuo
1625 1402 1990 1483 praetulisti
2005 1425 2020 1480 ;
2075 1409 2152 1463 ut
2193 1421 2318 1482 pro

359 1487 600 1551 merito
658 1486 1100 1564 abominarer,
1163 1487 1454 1550 animum
1507 1493 1726 1551 meum
1787 1488 2138 1570 pupugisti.
2228 1486 2312 1549 In

359 1572 619 1637 ratione
642 1593 798 1636 vero
836 1571 1165 1636 doctrinae
1202 1571 1553 1650 reddenda,
1579 1572 1762 1637 vides
1785 1573 1941 1654 quid
1978 1572 2311 1638 conscien-

358 1659 454 1724 tia
498 1679 648 1721 mea
691 1659 883 1722 ferat:
944 1678 1078 1721 non
1134 1658 1331 1723 fuisse
1388 1659 1637 1723 scilicet
1679 1658 1841 1722 mihi
1884 1659 2306 1741 propositum,

355 1750 550 1809 extra
606 1765 713 1808 eos
769 1744 1031 1826 evagari
1089 1745 1281 1821 fines,
1342 1763 1501 1827 quos
1556 1743 1860 1809 videbam
1915 1744 2123 1809 servis
2177 1745 2310 1807 tuis

354 1830 662 1895 omnibus
720 1851 860 1894 esse
918 1828 1321 1895 constitutos.
1413 1829 1605 1910 Quod
1661 1851 1816 1913 ergo
1862 1830 2160 1896 didicisse
2204 1850 2310 1893 me

353 1938 436 1982 ex
475 1937 588 1981 ore
625 1925 741 1979 tuo
776 1936 910 1979 non
948 1915 1343 1993 dubitabam,
1388 1916 1668 1980 fideliter
1703 1916 2012 1981 ecelesiae
2050 1916 2310 1997 dispen-

351 2024 500 2068 sare
539 2001 736 2066 volui.
804 2002 906 2065 Eo
943 2011 1117 2065 certe
1159 2023 1267 2065 me
1311 2003 1721 2083 potissimum
1761 2002 2112 2066 tetendisse
2156 2021 2311 2064 con-

352 2096 508 2168 stat,
557 2088 626 2152 in
672 2109 798 2168 quo
842 2086 1200 2169 plurimum
1246 2087 1587 2152 elaboravi.
1679 2088 1933 2169 Nempe
1994 2096 2071 2151 ut
2127 2088 2309 2151 boni-

354 2175 517 2239 tatis
564 2175 981 2256 iustitiaeque
1027 2182 1176 2237 tuae
1222 2173 1447 2256 gloria,
1502 2178 1618 2252 [fol.
1660 2180 1766 2254 41]
1814 2173 2123 2238 discussis
2169 2174 2311 2254 qui-

354 2262 483 2325 bus
530 2270 724 2323 antea
766 2259 1194 2343 obtegebatur
1238 2260 1522 2334 nebulis,
1568 2259 1919 2342 conspicua
1963 2261 2278 2323 emineret
2292 2281 2308 2336 ;

349 2355 432 2411 ut
474 2347 764 2409 virtutes
821 2345 1261 2427 beneficiaque
1318 2343 1568 2409 Christi
1625 2347 1770 2424 tui,
1808 2344 2115 2410 abstersis
2171 2366 2309 2407 om-

349 2433 551 2497 nibus
595 2431 793 2508 fueiS,
839 2430 919 2495 ad
965 2432 1238 2513 plenum
1281 2431 1689 2514 effulgerent.
1779 2431 1951 2495 Nam
2008 2440 2074 2494 et
2126 2431 2309 2494 nefas

348 2539 499 2584 esse
545 2516 878 2594 ducebam,
929 2537 1039 2581 eas
1075 2538 1180 2580 res
1225 2517 1294 2580 in
1341 2518 1616 2582 obscuro
1661 2519 1888 2594 iacere,
1935 2518 2167 2599 quibus
2204 2536 2311 2580 co-

347 2602 645 2689 gitandis
691 2623 767 2666 ac
809 2601 1189 2685 reputandis
1243 2624 1532 2666 essemus
1589 2605 1745 2667 nati.
1834 2604 1972 2668 Nec
2021 2603 2309 2687 maligne

347 2699 470 2755 aut
516 2690 805 2754 tenuiter
847 2690 1157 2771 putabam
1204 2687 1616 2767 indicandas,
1675 2711 1952 2772 quarum
2007 2689 2308 2771 amplitu—

350 2775 511 2840 dine
570 2775 763 2858 longe
824 2775 1091 2838 inferior
1136 2783 1305 2839 esset
1364 2776 1577 2839 omnis
1622 2775 1848 2839 oratio,
1937 2775 2077 2839 Nec
2122 2774 2310 2838 dubi-

349 2863 578 2927 tabam
622 2862 690 2924 in
737 2859 870 2925 illis
917 2860 1166 2923 diutius
1207 2860 1504 2924 homines
1548 2859 1867 2940 detinere,
1924 2862 2036 2925 ubi
2083 2882 2310 2925 eorum

347 2969 611 3032 quoque
646 2945 823 3010 salus
855 2945 1194 3010 residebat.
1253 2945 1401 3010 Non
1439 2949 1617 3010 enim
1651 2946 1877 3011 fallere
1912 2953 2131 3029 posset
2165 2967 2310 3010 ora-

349 3034 583 3101 culum
637 3032 831 3097 illud:
887 3033 1057 3097 Esse
1113 3032 1282 3098 hanc
1328 3033 1530 3097 vitam
1578 3040 1940 3110 aeternam,
1998 3055 2188 3098 nosse
2245 3039 2310 3096 te

346 3140 592 3185 verum
615 3119 855 3196 Deum,
881 3126 948 3183 et
972 3140 1164 3201 quem
1186 3119 1426 3183 misisti
1443 3119 1663 3183 Iesum
1687 3118 2026 3184 Christum
2052 3120 2307 3202 (Ioann.

355 3212 459 3285 17,
500 3205 588 3289 3).
704 3203 899 3284 Quod
956 3213 1176 3268 autem
1226 3205 1388 3268 mihi
1448 3204 1526 3269 de
1599 3205 1988 3269 discessione
2059 3206 2138 3270 ab
2206 3227 2311 3270 ec-

348 3292 552 3359 clesia
596 3291 875 3355 obiicere
921 3290 1091 3355 soliti
1149 3296 1334 3367 sunt,
1393 3312 1605 3372 neque
1661 3292 1731 3354 in
1794 3312 1867 3354 eo
1921 3292 2094 3355 male
2146 3290 2311 3354 mihi

349 3378 653 3445 conscius
700 3397 875 3440 sum:
923 3377 1053 3439 nisi
1088 3376 1257 3440 forte
1292 3397 1408 3458 pro
1445 3376 1770 3440 desertore
1812 3376 2154 3441 habendus
2191 3385 2308 3453 est,

351 3466 472 3548 qui
513 3462 645 3545 ⁸ubi
703 3462 949 3525 milites
1005 3464 1182 3527 fusos
1229 3483 1303 3526 ac
1348 3461 1599 3543 palatos
1647 3462 1825 3526 videt
1866 3463 2093 3545 procul
2137 3462 2310 3526 ordi-

349 3571 476 3615 nes
522 3548 897 3631 reliquisse,
944 3548 1133 3631 signo
1176 3547 1359 3611 ducis
1401 3546 1682 3625 sublat0‚
1732 3568 1839 3611 eos
1883 3548 1954 3610 in
2001 3549 2312 3612 stationes

353 3657 513 3701 suas
556 3641 836 3700 revocat.
928 3631 1042 3697 Sic
1097 3633 1275 3697 enim
1330 3631 1608 3714 dispersi
1665 3642 1853 3697 erant
1906 3635 2002 3697 tui
2062 3654 2308 3712 omnes,

352 3722 674 3798 Domine,
732 3727 807 3782 ut
862 3740 993 3783 non
1037 3716 1241 3797 ¹modo
1299 3719 1571 3800 imperia
1624 3719 1936 3791 exaudire
1988 3740 2121 3783 non
2162 3741 2312 3803 pos-

354 3814 523 3883 sent,
573 3805 687 3871 sed
733 3805 930 3869 etia-m
975 3812 1052 3868 ut
1094 3803 1276 3868 obliti
1317 3804 1784 3886 propemodum
1822 3813 2043 3870 essent
2088 3814 2153 3870 et
2189 3806 2311 3870 du-

356 3895 452 3960 cis
501 3893 634 3970 sui,
693 3898 759 3954 et
801 3891 1104 3969 milit-iae,
1162 3897 1226 3953 et
1285 3892 1678 3955 sacrament-i
1734 3891 2054 3955 militaris.
2145 3892 2309 3975 EgO,

353 3987 436 4044 ut
483 3999 593 4042 eos
650 3977 731 4042 ab
778 3997 998 4041 errore
1056 3975 1457 4059 colligerem,
1515 3998 1645 4040 non
1706 3977 1991 4041 alienum
2048 3979 2311 4060 signum

355 4064 633 4143 sustuli,
678 4063 793 4128 sed
838 4063 1097 4146 insigne
1140 4061 1307 4125 illud
1351 4070 1538 4126 tuum
1585 4063 1931 4141 vexillum,
1977 4063 2148 4145 quod
2192 4085 2310 4127 no-

353 4152 457 4217 bis
502 4150 688 4232 sequi
732 4170 997 4214 necesse
1034 4157 1152 4228 est,
1198 4149 1252 4212 si
1288 4148 1594 4212 volumus
1628 4150 1698 4213 in
1734 4149 1988 4231 populo·
2012 4157 2123 4213 tuo
2159 4171 2309 4214 cen-

356 4238 507 4302 seri.
597 4236 730 4300 Hic
774 4257 1044 4299 manum
1088 4233 1253 4299 mihi
1294 4234 1686 4314 iniecerunt,
1745 4236 1854 4317 qui
1901 4257 2104 4316 quum
2150 4235 2308 4298 alios

355 4324 645 4388 retinere
688 4322 759 4384 in
798 4321 1023 4385 ordine
1061 4320 1390 4398 deberent,
1436 4322 1506 4383 in
1544 4342 1831 4385 errorem
1870 4320 2307 4399 abduxerant3

355 4417 423 4475 et
480 4429 682 4492 quum
752 4407 1024 4471 minime
1081 4407 1476 4485 desinerem,
1533 4406 1854 4471 violenter
1907 4411 2305 4471 restiterunt.

351 4496 486 4561 Hic
532 4502 833 4577 coeptum
882 4503 982 4557 est
1026 4494 1317 4577 graviter
1360 4493 1768 4569 tumultuari,
1816 4492 2017 4558 donec
2056 4493 2132 4557 ad
2175 4493 2306 4557 dis—

353 4581 596 4648 sidium
643 4601 848 4662 usque
889 4591 1219 4644 certamen
1266 4580 1528 4642 exarsit.
1598 4580 1853 4643 Verum
1896 4601 2098 4663 penes
2144 4599 2305 4663 quos

354 4669 442 4732 sit
496 4666 722 4749 culpa,
781 4675 967 4730 tuum
1027 4676 1128 4729 est
1171 4687 1346 4730 nunc
1399 4667 1861 4746 pronunciare,
1920 4687 1956 4728 o
1999 4664 2301 4729 Domine.

349 4753 498 4838 Ego
545 4772 808 4835 semper
845 4762 912 4815 et
949 4752 1162 4815 verbis
1204 4761 1269 4815 et
1303 4752 1490 4815 factis
1525 4759 1806 4816 testatus
1843 4772 2008 4828 sum,
2056 4759 2303 4833 quanto

349 4839 630 4904 unitatis
673 4837 889 4902 studio
923 4846 1199 4901 tenerer.
1268 4837 1524 4900 Verum
1559 4838 1676 4900 illa
1710 4837 1873 4901 mihi
1916 4852 2054 4900 erat
2098 4837 2302 4902 ecele-

352 4926 485 4990 siae
529 4924 778 5001 unitaS,
826 4943 992 5005 quae
1031 4921 1149 5011 abs
1193 4929 1260 4986 te
1299 4923 1644 5004 inciperet,
1705 4945 1778 4988 ac
1822 4925 1892 4986 in
1934 4931 2001 4985 te
2044 4922 2301 4988 desine-

349 5023 469 5077 ret.
564 5008 838 5090 Quoties
905 5008 1076 5072 enim
1145 5029 1368 5090 pacem
1436 5017 1502 5072 et
1554 5010 2046 5073 consensionem
2111 5009 2300 5073 nobis

349 5095 854 5173 commendasti,
914 5092 1108 5158 simul
1160 5093 1531 5170 ostendisti,
1590 5103 1654 5158 te
1709 5097 1981 5160 unicum
2035 5116 2174 5159 esse
2218 5094 2299 5156 il-

346 5183 479 5248 lius
524 5178 1013 5248 conservandae
1057 5179 1410 5245 vinculum.
1499 5180 1642 5258 Me,
1689 5182 1744 5244 si
1788 5201 2015 5262 pacem
2059 5181 2299 5245 habere

348 5270 592 5334 vellem
651 5289 798 5333 eum
844 5267 924 5332 iis
969 5266 1082 5348 qui
1126 5287 1196 5329 se
1237 5265 1571 5330 iactabant
1614 5266 1922 5331 ecclesiae
1966 5267 2298 5349 praesules

351 5363 420 5420 et
460 5356 615 5420 fidei
656 5355 1024 5430 columnas,
1073 5372 1218 5417 eam
1257 5350 1578 5415 redimere
1622 5352 1960 5434 oportebat
2003 5353 2298 5418 veritatis

1723 441 1850 504 AD
1900 437 2370 505 SADOLETI
2413 438 2970 505 EPISTOLAM.

4232 445 4361 508 410

2414 635 2566 691 tuae
2610 628 3056 711 abnegatione.
3126 628 3404 710 Quidvis
3440 638 3662 695 autem
3694 632 3909 713 potius
3947 631 4364 699 subeundum

2416 734 2558 777 esse
2602 716 2856 793 censui,
2914 735 3112 798 quam
3156 723 3230 780 ut
3273 716 3355 780 ad
3400 718 3714 780 nefariam
3760 718 3954 781 istam
3999 720 4364 800 pactionem

2416 797 2889 863 descenderem.
2962 801 3132 866 Nam
3171 801 3481 867 Christus
3524 804 3661 884 ipse
3705 811 3862 868 tuus
3905 802 4090 868 nobis
4135 805 4363 885 edixit,

2416 885 2611 947 etiam
2648 886 2703 948 si
2739 887 2989 950 coelum
3028 897 3240 952 terrae
3274 889 3761 969 permisceatur,
3808 897 4106 972 oportere
4141 898 4364 955 tamen

2416 969 2690 1034 verbum
2736 978 2919 1035 tuum
2967 982 3304 1037 aeternum
3353 995 3736 1056 permanere
3774 975 4042 1056 (Matth.
4086 980 4186 1053 24,
4228 977 4360 1061 35).

2415 1056 2644 1138 Neque
2687 1077 2846 1121 vero
2896 1058 3209 1124 dissidere
3253 1081 3359 1123 me
3411 1059 3494 1123 ab
3536 1061 3807 1125 ecclesia
3861 1070 3977 1124 tua
4028 1062 4361 1143 putabam,

2415 1142 2571 1224 quia
2615 1142 2780 1205 mihi
2825 1164 2972 1208 cum
3019 1145 3408 1227 primoribus
3463 1144 3595 1210 illis
3650 1146 3889 1210 bellum
3938 1162 4095 1211 erat.
4185 1148 4362 1211 Nam

2416 1237 2482 1291 et
2524 1249 2645 1310 per
2674 1227 2882 1292 filium
2921 1237 2987 1292 et
3015 1251 3133 1312 per
3166 1231 3490 1313 apostolos
3522 1252 4047 1313 praemonueraS‚
4092 1232 4172 1297 ad
4208 1254 4364 1299 eum

2415 1313 2631 1378 locum
2672 1335 3056 1394 emersuros,
3103 1315 3336 1399 quibus
3380 1317 3918 1381 consentiendum
3953 1319 4224 1383 minime
4259 1340 4364 1384 es-

2417 1407 2532 1463 set.
2624 1399 2776 1463 Non
2823 1398 2901 1463 de
2946 1403 3276 1466 extraneis
3321 1403 3436 1481 ille¹
3475 1403 3876 1480 hominibus,
3937 1404 4048 1468 sed
4093 1405 4201 1482 iis,
4248 1404 4361 1486 qui

2415 1507 2483 1549 se
2531 1506 2649 1568 pro
2693 1486 3063 1568 pastoribus
3110 1487 3542 1566 venditarent,
3588 1489 4034 1571 praedixerat,
4079 1490 4216 1553 fore
4258 1490 4361 1554 lu-

2415 1592 2530 1654 pos
2568 1592 2835 1652 rapaces
2880 1585 2946 1636 et
2987 1572 3605 1655 pseudoprophetas,
3653 1575 3973 1658 simulque
4008 1575 4361 1641 mandave-

2414 1665 2520 1721 rat
2564 1665 2640 1720 ut
2685 1671 2984 1721 caverem
3024 1658 3288 1740 (Matth.
3330 1663 3386 1736 7,
3434 1661 3556 1740 15).
3625 1661 3754 1726 Ubi
3798 1682 4030 1727 cavere
4076 1661 4360 1738 iubebat,

2416 1765 2497 1806 an
2547 1764 2667 1826 ego
2710 1764 2979 1807 manum
3036 1744 3526 1826 praebuissem?
3616 1746 3754 1811 Nec
3794 1747 4005 1831 magis
4050 1747 4363 1829 pestilen-

2417 1836 2514 1891 tes
2558 1829 2695 1892 fore
2740 1828 3046 1894 ecclesiae
3092 1838 3240 1893 tuae
3286 1830 3506 1894 hostes
3551 1831 4034 1896 denunciabant
4069 1833 4363 1915 apostoli,

2416 1913 2613 1996 quam
2671 1915 3017 2002 intestinos
3062 1917 3170 1998 qui
3230 1917 3353 1981 sub
3406 1923 3744 1998 pastorum
3790 1918 3980 1981 titulo
4026 1917 4362 1984 delitesce·

2417 2009 2566 2063 rent
2612 1999 2786 2077 (Act.
2828 2004 2925 2077 20,
2956 2005 3065 2080 29;
3104 2006 3139 2064 2
3164 2002 3341 2066 Petr.
3384 2006 3439 2080 2,
3472 2007 3491 2064 1
3520 2026 3534 2080 ;
3568 2008 3590 2064 1
3623 2002 3850 2066 Ioann.
3892 2006 3948 2080 2,
3983 2004 4105 2087 18).
4178 2004 4364 2084 Quos

2417 2086 2934 2168 pronunciabant
2975 2107 3116 2150 esse
3179 2092 3295 2164 [fol.
3335 2093 3443 2166 42]
3503 2088 3834 2152 habendos
3880 2111 3997 2171 pro
4040 2089 4359 2169 hostibus,

2417 2171 2495 2237 ab
2552 2173 2629 2235 iis
2688 2192 2805 2236 cur
2850 2171 3248 2236 dubitassem
3295 2195 3400 2237 me
3456 2173 3842 2258 seiungere?
3930 2176 4146 2238 Erant
4196 2177 4363 2239 mihi

2414 2257 2484 2320 in
2529 2258 2731 2322 oeulis
2774 2258 3242 2340 prophetarum
3282 2265 3544 2322 tuorum
3600 2260 3927 2342 exempla,
3985 2262 4218 2343 quibus
4262 2261 4363 2326 vi-

2381 2341 2647 2407 -debam
2702 2352 2919 2408 tantas
2972 2345 3176 2409 fuisse
3231 2345 3677 2410 contentiones
3743 2368 3893 2411 cum
3959 2346 4199 2412 saeculi
4259 2347 4362 2411 sui

2415 2428 2856 2494 sacerdotibus
2902 2452 2976 2496 ac
3019 2430 3382 2512 prophetis:
3442 2451 3603 2513 quos
3646 2441 3822 2495 certe
3866 2439 4121 2497 constat
4166 2432 4365 2497 fuisse

2413 2515 2484 2577 in
2548 2516 2791 2598 populo
2857 2516 3203 2582 israelitico
3271 2517 3579 2582 ecclesiae
3636 2517 3985 2598 praesules
4075 2519 4171 2582 At
4228 2537 4365 2581 non

2412 2600 2556 2664 ideo
2601 2600 2930 2666 habentur
2971 2624 3088 2684 pro
3134 2601 3563 2667 schismaticis
3607 2601 3961 2685 prophetae
4005 2605 4131 2682 tui,
4188 2602 4364 2687 quod

2415 2686 2573 2751 dum
2637 2687 2985 2771 collapsam
3051 2689 3430 2772 religionem
3487 2690 3853 2754 instaurare
3910 2689 4166 2766 volunt,
4232 2689 4364 2754 illis

2415 2795 2672 2838 summa
2718 2775 2780 2837 vi
2839 2775 3355 2857 repugnantibus
3397 2796 3532 2839 non
3577 2775 3910 2839 cesserint.
4000 2773 4366 2838 Manebant

2416 2880 2570 2943 ergo
2605 2860 2673 2922 in
2710 2881 2867 2923 vera
2903 2860 3210 2925 ecelesiae
3248 2862 3519 2936 unitate,
3566 2881 3769 2943 quum
3806 2880 3845 2922 a
3880 2859 4213 2924 sceleratis
4259 2881 4363 2923 sa-

2416 2944 2781 3009 cerdotibus
2828 2945 2985 3009 diris
3030 2945 3356 3009 ominibus
3384 2949 3427 3029 ¹)
3477 2946 3975 3022 devoverentur,
4023 2966 4223 3027 quum
4261 2946 4363 3009 in-

2416 3029 2596 3115 digni
2640 3046 3076 3110 censerentur,
3125 3034 3234 3115 qui
3276 3033 3493 3099 locum
3539 3033 3712 3096 inter
3755 3032 4071 3109 homines,
4118 3030 4363 3095 nedum

2413 3118 2588 3181 inter
2632 3128 2888 3182 sanctos
2932 3116 3269 3182 haberent..
3357 3120 3609 3183 Eorum
3655 3139 3810 3201 ergo
3851 3116 4166 3198 exemplis
4210 3138 4361 3181 con-

2415 3204 2716 3268 firmatus
2761 3204 2853 3269 sic
2898 3205 3186 3282 constiti,
3246 3211 3321 3267 ut
3375 3205 3542 3268 nihil
3583 3225 3690 3268 me
3735 3203 3885 3267 illae
3931 3202 4011 3266 de
4055 3202 4363 3269 ecelesiae

2416 3289 2781 3354 desertione
2838 3289 3373 3355 obnunciationes
3427 3291 3727 3356 minaeve
3771 3290 4178 3367 territarent,
4236 3310 4362 3371 quo

2416 3377 2639 3439 minus
2696 3384 3072 3440 constanter
3114 3375 3565 3459 intrepideque
3616 3397 3957 3460 pergerem
4002 3375 4085 3440 iis
4130 3374 4363 3439 adver·
4461 3456 4471 3466 ·

2416 3462 2565 3539 sari,
2604 3466 2714 3542 qui
2760 3462 2880 3525 sub
2916 3469 3252 3545 pastorum
3287 3483 3568 3545 persona
3609 3463 3759 3545 plus
3793 3484 3991 3544 quam
4032 3460 4234 3544 impia
4259 3469 4363 3545 ty-

2417 3547 2692 3611 rannide
2737 3547 3073 3611 ecclesiam
3132 3557 3315 3612 tuam
3371 3547 3846 3631 disperdebant.
3936 3549 4143 3613 Eram
4188 3549 4363 3612 enim

2415 3633 2579 3696 mihi
2617 3629 2857 3715 optime
2894 3634 3209 3713 conscius,
3246 3643 3487 3715 quanto
3512 3634 3831 3699 uniendae
3868 3635 4177 3699 ecclesiae
4212 3642 4363 3697 tuae

2418 3718 2637 3783 studio
2693 3719 3072 3801 flagrarem,
3145 3720 3339 3783 modo
3396 3718 3771 3786 concordiae
3830 3722 3966 3785 eius
4021 3719 4364 3784 vinculum

2416 3812 2589 3868 esset
2632 3812 2747 3868 tua
2793 3805 3051 3869 veritas.
3123 3804 3255 3885 Qui
3299 3806 3681 3888 subsequuti
3727 3814 3882 3870 sunt
3924 3812 4164 3879 motus,
4212 3812 4289 3867 ut
4324 3825 4364 3868 a

2414 3912 2520 3954 me
2576 3911 2704 3953 non
2752 3896 2909 3952 sunt
2966 3892 3259 3967 excitati,
3318 3893 3413 3955 ita
3465 3914 3593 3957 non
3642 3900 3741 3955 est
3783 3913 3898 3956 cur
3941 3890 4101 3953 mihi
4147 3890 4363 3972 impu-

2414 3983 2656 4039 tentur.
2748 3973 2922 4053 Seis,
2969 3977 3280 4054 Domine,
3344 4000 3448 4042 res
3500 3979 3695 4042 etiam
3749 3978 3891 4059 ipsa
3935 3974 4106 4057 apud
4151 3975 4362 4039 homi-

2414 4084 2529 4126 nes
2574 4068 2814 4126 testata
2850 4068 2969 4139 est,
3018 4072 3092 4125 ut
3134 4062 3299 4126 nihil
3335 4063 3744 4145 quaesierim,
3792 4082 3987 4143 quam
4011 4060 4213 4125 verbo
4248 4069 4362 4126 tuo

2415 4146 2893 4211 controversias
2937 4169 3163 4212 omnes
3221 4147 3468 4225 dirimi,
3524 4170 3649 4231 quo
3703 4147 4068 4212 coniunctis
4125 4148 4362 4211 animis

2413 4242 2690 4316 utraque
2734 4253 2888 4315 pars
2933 4232 3015 4297 ad
3059 4232 3519 4298 stabiliendum
3563 4254 3840 4316 regnum
3877 4241 4066 4297 tuum
4106 4234 4361 4315 conspi-

2412 4327 2620 4384 raret:
2682 4326 2761 4382 ut
2814 4341 2942 4383 non
3000 4319 3445 4396 detrectarim,
3492 4320 3597 4384 vel
3654 4320 3879 4401 capitis
3924 4320 4050 4381 mei
4100 4318 4360 4401 dispen-

2412 4403 2545 4484 dio,
2593 4426 2819 4487 pacem
2866 4406 3171 4471 ecclesiae
3216 4407 3501 4484 restitui,
3563 4406 3616 4467 si
3670 4405 3916 4469 fmistra
3970 4404 4358 4468 tumultuari

2412 4491 2857 4574 deprehensus
2892 4492 3115 4557 forem.
3185 4490 3364 4572 Quid
3401 4498 3623 4556 autem
3662 4491 4060 4556 adversarii?
4121 4492 4358 4555 Nonne

2411 4579 2713 4661 protinus
2750 4577 2830 4640 ad
2867 4579 3073 4658 ignee,
3121 4577 3204 4643 ad
3240 4599 3478 4655 craece,
3526 4578 3608 4641 ad
3642 4576 3891 4660 gladios
3926 4578 4167 4641 furiose
4204 4596 4355 4658 pro-

2409 4662 2803 4729 currerunt?
2892 4664 3128 4728 Nonne
3187 4664 3451 4730 unicum
3518 4663 3638 4728 sibi
3694 4663 4092 4745 praesidium
4138 4665 4203 4727 in
4250 4684 4355 4727 ar-

2405 4750 2533 4814 mis
2577 4759 2643 4814 et
2685 4750 2958 4814 saevitia
3002 4772 3141 4815 esse
3185 4748 3599 4814 iudicarunt?
3665 4750 3903 4813 Nonne
3947 4747 4030 4812 ad
4074 4748 4356 4813 eundem

2406 4837 2692 4900 furorem
2737 4856 2961 4900 omnes
3008 4836 3268 4901 ordines
3312 4835 3750 4919 instigarunt?
3840 4834 4074 4898 Nonne
4127 4855 4353 4899 omnes

2404 4920 2871 5005 pacificationis
2915 4922 3201 4987 rationes
3253 4920 3688 5005 respuerunt?
3777 4922 3876 4984 Eo
3933 4921 4180 4985 factum
4234 4927 4350 5000 est,

2542 5230 2603 5295 1)
2644 5227 2739 5284 Sic
2772 5232 2891 5283 sola
2922 5232 3185 5299 princeps
3218 5247 3339 5285 eum
3368 5229 3529 5284 Gallo
3554 5230 3651 5297 qui
3671 5228 3856 5282 vertit.-
3891 5227 3945 5281 ia
3971 5228 4077 5282 soit
4103 5243 4163 5281 ce
4189 5227 4349 5297 qu'ilz

2402 5301 2615 5354 fussent
2658 5299 2925 5353 maudictz
2975 5300 3041 5355 de
3088 5301 3319 5369 grandes
3366 5299 3753 5353 maledictione.
3829 5295 4046 5351 Caeteri
4077 5297 4209 5352 libri
4240 5312 4349 5351 om—

2379 5385 2496 5459 ¹nes
2510 5392 2524 5419 .·
2564 5369 2822 5423 omnibus.
