5100 6061
761 382 885 444 303

761 567 903 651 gari
938 585 1262 629 annerum
1297 564 1902 648 praescriptionem:
1947 583 2178 627 verum
2215 561 2272 624 si
2307 559 2581 625 huiusce
2616 561 2711 624 rei

762 650 1042 751 cognitio
1100 648 1183 714 ad
1240 650 1442 715 bones
1487 651 1662 715 viros
1717 647 2081 724 deferatur,
2138 646 2249 728 qui
2305 647 2552 710 iustum
2593 667 2709 728 pe-

763 738 892 802 tius
946 747 1012 800 et
1056 757 1366 818 aequum,
1422 757 1617 818 quam
1676 754 2000 799 annerum
2057 752 2408 796 numerum
2465 752 2709 814 expen-

762 822 952 898 dant,
1001 842 1128 905 que
1173 822 1390 900 titulo,
1436 821 1696 897 amabe,
1744 828 2031 885 vestram
2077 818 2554 900 possessionem
2598 817 2709 882 de·

761 906 1084 975 fendetis?
1174 908 1542 1007 Fingamus
1588 926 1740 972 vero
1799 904 1972 987 apud
2016 903 2144 968 Dei
2201 902 2494 968 tribunal
2536 902 2710 968 hanc

763 1015 1028 1061 causam
1064 994 1318 1078 agitari,
1358 990 1617 1090 quando
1651 1002 1718 1054 et
1750 988 1832 1054 ad
1868 990 2046 1055 111188
2082 989 2542 1088 cognitionem·
2562 1010 2709 1070 pro·

760 1081 902 1164 9118
945 1080 1244 1177 pertinet,
1288 1099 1409 1142 nec
1452 1078 1626 1140 inter
1668 1074 1968 1141 homines
2010 1075 2240 1140 melier
2274 1075 2547 1156 reperiri
2593 1095 2709 1156 po-

764 1176 894 1231 test
948 1175 1063 1229 aut
1118 1164 1348 1229 iustior
1402 1163 1659 1227 arbiter.
1761 1161 2170 1239 FacultateS,
2243 1168 2562 1242 quantum
2606 1161 2707 1224 in—

762 1251 1004 1334 tellige,
1051 1249 1517 1348 quadrifariam
1561 1248 1837 1331 981ι1ι88
1882 1247 2152 1311 118118ι18.
2243 1246 2417 1310 Ν818
2468 1247 2709 1329 partim

763 1337 1056 1409 decimis,
1124 1336 1362 1418 partim
1421 1334 1662 1398 annuis
1718 1342 1833 1397 aut
1976 1354 2196 1397 rerum
2253 1341 2365 1396 aut
2419 1332 2708 1415 vectiga—

761 1422 923 1486 lium
968 1419 1416 1503 pensionibus,
1471 1420 1714 1501 partim
1757 1419 1975 1482 blan
1987 1444 2018 1482 s
2062 1418 2468 1501 captionibus
2514 1417 2705 1500 (quas

765 1530 877 1573 ves
922 1504 1475 1571 extraordinarias
1519 1505 1929 1602 oblationes),
1977 1505 2221 1586 partim
2244 1503 2546 1568 violentis
2592 1525 2705 1567 ex-

761 1592 1119 1659 actionibus
1155 1593 1348 1690 (quas
1376 1589 1782 1673 spiritualia
1766 1611 1910 1653 1ura
1933 1591 2359 1672 nuncupatis)
2384 1597 2701 1654 constant.

758 1665 1064 1744 Decimae
1117 1678 1268 1760 quia
1324 1677 1434 1741 lex
1490 1675 1774 1740 mosaica
1827 1675 2082 1740 Levitis
2138 1674 2562 1751 attribuebat,
2623 1674 2705 1738 ad

760 1786 878 1832 vos
922 1763 1286 1848 (leviticum
1330 1761 1576 1827 scilicet
1620 1765 1858 1844 genus)
1915 1761 2188 1844 optima
2219 1761 2472 1826 ratione
2528 1781 2705 1825 nunc

759 1871 900 1917 esse
942 1849 1299 1914 translatas
1345 1847 1574 1912 dicitis.
1642 1847 1747 1911 De
1784 1847 1888 1911 his
1932 1868 2089 1930 erge
2133 1848 2342 1929 primo
2386 1846 2529 1912 lece
2576 1845 2705 1910 dis-

759 1935 1127 2002 serendum.
1218 1932 1612 2031 Quanquam
1668 1921 2173 2014 sulffirvacuum‚
2231 1953 2305 1997 88
2358 1952 2559 2015 prope
2617 1931 2705 1994 ri-

758 2021 1050 2086 diculum
1094 2019 1391 2096 arbitror,
1439 2019 1704 2083 anxiam
1749 2018 1828 2082 de
1870 2018 2016 2083 iure
2053 2017 2455 2083 decimarum
2488 2027 2705 2081 tecum

759 2106 1268 2190 disputationem
1307 2104 1669 2180 instituere,
1717 2104 1830 2186 qui
1872 2125 2004 2168 non
2047 2105 2312 2187 ignoras
2356 2103 2705 2168 successio·

759 2214 913 2258 nem
935 2194 1131 2256 istam
1163 2189 1545 2273 cupidorum
1582 2189 1922 2254 hominum
1956 2190 2327 2267 calliditate,
2354 2189 2538 2253 vafre
2563 2189 2705 2271 qui-

762 2278 941 2355 dem,
999 2275 1113 2342 sed
1155 2276 1339 2340 nulla
1380 2274 1698 2359 probabili
1745 2294 1943 2339 causa
1992 2276 2443 2359 excogitatam.
2532 2274 2705 2337 Nam

761 2363 930 2448 988(1
973 2384 1055 2427 ex
1100 2298 1764 2444 apostolop(Hebr.7,
1811 2360 1917 2444 12)
1963 2362 2194 2440 81ι88ι,
2241 2359 2557 2426 translato
2603 2381 2706 2423 sa-

761 2448 1061 2526 cerdotio,
1105 2447 1270 2531 18318
1300 2446 1799 2512 translationem
1833 2448 2195 2512 necessarie
2229 2453 2591 2529 sequutam,
2637 2445 2705 2509 id

761 2556 958 2619 quam
1014 2534 1353 2598 infirmum
1413 2533 1498 2598 sit
1552 2542 1619 2597 et
1673 2532 2055 2612 evanidum,
2112 2531 2457 2597 ostendere
2499 2533 2701 2615 9138ι.

761 2618 872 2685 Ad
894 2619 1232 2686 Christum
1255 2639 1415 2683 sane
1437 2619 1699 2683 transiit
1719 2620 2006 2684 Aaronis
2029 2617 2482 2695 sacerdotium,
2519 2619 2704 2681 cuius

758 2705 1067 2771 beneficio
1111 2726 1245 2770 non
1287 2713 1506 2770 certus
1537 2724 1834 2769 rasorum
1869 2726 2199 2781 88188188,
2246 2703 2360 2769 88(1
2394 2704 2705 2767 universa

761 2794 902 2857 sine
947 2792 1327 2873 exceptione
1371 2789 1664 2871 fidelium
1694 2790 1874 2855 natio
1907 2791 1978 2854 in
2015 2756 2236 2874 183818
2270 2788 2704 2855 sacerdotium

759 2891 1096 2959 assumpta
1139 2877 1281 2941 fuit.
1372 2873 1551 2956 Quid
1595 2876 1719 2940 hoc
1762 2876 1845 2940 ad
1890 2878 2108 2942 nescio
2153 2897 2315 2959 ques
2358 2873 2701 2974 pseudole-

763 2962 990 3028 vitas?
1018 2963 1252 3045 quibus
1296 2984 1379 3025 ne
1423 2970 1754 3044 postrema
1797 2961 2061 3061 quidem
2105 2961 2414 3027 subsellia
2457 2962 2528 3024 in
2576 2959 2705 3023 Dei

758 3050 996 3150 populo
1039 3048 1476 3116 concedimus.
1544 3047 1736 3129 Quod
1761 3051 1815 3114 si
1839 3050 1908 3112 in
1931 3050 2318 3113 Levitarum
2345 3048 2517 3113 vices
2552 3047 2704 3112 sub-

756 3139 993 3213 ierunt,
1034 3133 1264 3199 eadem
1296 3155 1423 3216 qua
1457 3135 1581 3216 ipsi
1611 3134 1881 3199 fuerunt
1914 3133 2311 3200 conditione:
2364 3155 2479 3198 cur
2515 3154 2703 3215 prae-

758 3234 861 3286 ter
904 3221 1189 3287 decimas
1232 3228 1330 3284 tot
1369 3222 1811 3318 possessiones
1856 3220 2229 3297 absorbere,
2287 3227 2538 3284 tantam
2581 3241 2704 3283 un-

758 3307 867 3389 diq
868 3328 952 3372 ue
995 3327 1216 3370 rerum
1257 3305 1644 3370 varietatem
1701 3302 2041 3370 corradere
2096 3305 2220 3369 sibi
2270 3304 2699 3387 permittunt?

755 3394 862 3457 Ea
913 3392 1090 3455 enim
1142 3392 1289 3475 lege
1345 3389 1723 3456 huiusmodi
1774 3391 1986 3473 portio
2031 3391 2287 3456 Levitis
2332 3391 2705 3474 assignaba-

760 3487 898 3555 tur,
959 3498 1044 3541 ne
1097 3474 1333 3558 pedem
1385 3488 1599 3540 terrae
1656 3483 1916 3559 praeter
1957 3475 2357 3541 domicilium
2414 3475 2702 3559 posside-

759 3571 912 3628 rent
967 3561 1122 3646 (Ios.
1166 3567 1261 3639 14,
1303 3565 1339 3624 3
1376 3571 1444 3625 et
1475 3498 1698 3639 alibif
1769 3561 1907 3627 Gur
1952 3564 2088 3627 vini
2145 3584 2339 3628 usum
2395 3569 2535 3626 tam
2593 3560 2703 3626 be·
2726 3600 2739 3607 s

758 3649 960 3732 nigne
1004 3668 1079 3711 ac
1118 3646 1478 3713 liberaliter
1520 3648 1642 3712 sibi
1685 3647 2046 3732 indulgent,
2092 3647 2264 3730 qued
2297 3648 2552 3713 Levitis
2585 3670 2704 3731 38-

761 3744 934 3799 stare
978 3754 1111 3797 nen
1144 3732 1421 3798 licebat?
1488 3734 1848 3799 Facessant
1879 3755 2035 3817 erge
2067 3755 2284 3817 nugae
2316 3735 2506 3798 istae:
2544 3755 2706 3815 quas

759 3818 1023 3885 tametsi
1071 3818 1463 3884 refutatione
1507 3819 1816 3902 indignas
1871 3818 2218 3898 ducebam,
2275 3818 2432 3902 quia
2483 3828 2704 3883 tamen

761 3904 950 3970 video
990 3905 1313 3987 imperitis
1356 3905 1570 3969 fumes
1615 3904 1972 3983 effundere,
2011 3904 2209 4004 verbo
2250 3926 2382 3969 uno
2416 3909 2566 3983 [pag.
2598 3910 2704 3983 71]

759 3992 1081 4088 attingere
1137 4010 1401 4055 8888888
1457 3990 1672 4055 1181181.
1761 3957 2092 4073 Equidem
2147 3991 2206 4056 81
2258 3990 2492 4073 quibus
2548 3990 2706 4054 ordo

2465 366 2931 436 EPISTOLA
2970 368 3061 436 II.

4642 374 4762 440 304

2814 558 2937 623 seli
2981 558 3352 636 referciunt,
3398 579 3484 623 ne
3524 560 3766 643 segetis
3801 560 4067 642 spicam,
4115 571 4231 625 aut
4312 559 4517 624 ullum
4556 582 4764 626 unum

2815 646 3159 729 attingant.
3222 644 3317 710 Ut
3352 664 3526 708 nunc
3561 652 3781 710 autem
3817 666 3922 710 res
3956 645 4220 723 habent,
4302 646 4543 711 ecimas
4580 647 4762 712 nullo

2814 751 3025 813 neque
3070 730 3313 807 divine,
3366 752 3576 813 neque
3620 731 3910 796 humano
3965 733 4107 796 iure
4163 696 4285 796 sibi
4339 731 4592 797 debitas
4651 755 4763 797 ex-

2814 816 3209 899 torquend0,
3253 816 3735 915 improbissimo
3792 817 3997 894 furte‚
4056 817 4127 881 in
4170 817 4419 882 alienas
4464 818 4762 883 fortunas

2810 901 3149 967 invadunt.
3209 901 3342 964 In
3326 923 3470 966 iure
3503 923 3868 966 annuarum
3892 904 4282 984 pensionum
4317 902 4761 982 describendo,

2815 987 2938 1053 hoc
2990 996 3089 1052 est,
3146 987 3302 1069 (nisi
3356 987 3576 1071 fallor)
3626 986 4006 1068 γενικώτατον
4055 988 4386 1072 θεώρημα,
4414 990 4459 1070 ι)
4532 1009 4763 1055 omnes

2813 1072 3184 1138 donationis
3222 1074 3412 1137 titulo
3450 1074 3634 1139 vobis
3678 1073 4037 1152 obvenisse,
4083 1096 4283 1156 quam
4317 1076 4763 1141 iurisconsulti

2815 1157 2918 1224 Ob
2965 1179 3229 1224 causam
3247 1160 3303 1240 ²)
3350 1167 3609 1224 vocant:
3666 1167 3745 1223 ut
3787 1161 4024 1226 missae
4067 1161 4440 1244 sacrilegio,
4485 1160 4761 1244 aliisque

2813 1245 3262 1310 incantator-iis
3300 1245 3650 1328 precibus,
3718 1268 3801 1309 ex
3849 1245 3963 1309 illo
4019 1246 4344 1329 utopiensi
4397 1249 4762 1330 purgatorii

2813 1351 3070 1396 carcere
3115 1339 3527 1395 mertuorum
3568 1330 3824 1395 animas
3880 1331 4215 1397 eliceretis.
4307 1332 4421 1398 Sic
4465 1334 4649 1397 enim
4692 1335 4761 1397 in

2812 1437 3019 1500 papae
3063 1416 3286 1482 8811818
3328 1417 3612 1481 instituti
3667 1416 3963 1482 homines
4016 1418 4314 1497 fuerunt,
4376 1426 4448 1483 ut
4491 1419 4761 1485 delicte·

2812 1524 2959 1566 rum
2996 1503 3396 1567 conscientia
3429 1502 3700 1585 trepidis
3739 1501 3860 1568 hac
3899 1503 4162 1568 demum
4207 1504 4577 1570 conditione
4615 1526 4760 1587 8988

2812 1587 3201 1652 obtinendae
3247 1589 3475 1653 veniae
3519 1598 4017 1687 preponeretur,
4076 1590 4130 1654 si
4179 1590 4282 1654 vel
4334 1611 4613 1673 poenam
4664 1592 4763 1654 ni-

2812 1673 3167 1739 hilominus
3221 1675 3349 1739 Dei
3407 1675 3744 1739 severitati
3800 1673 4240 1752 exsolverent,
4301 1676 4404 1741 vel
4464 1676 4760 1742 satisfac-

2810 1761 2987 1823 tione
3010 1759 3424 1824 redimerent.
3481 1757 3800 1843 Supplicii
3824 1761 4099 1839 exactio,
4136 1763 4550 1845 purgatoriae
4573 1763 4763 1826 flam-

2809 1866 2956 1910 mae
3001 1844 3233 1910 ardore
3278 1846 3511 1909 torreri
3555 1847 3709 1909 fuit:
3757 1846 4128 1926 satisfactio,
4175 1849 4242 1911 in
4287 1847 4762 1913 monachorum

2810 1952 2885 1995 ac
2925 1930 3335 1996 sacerdotum
3378 1938 3643 1996 ventres
3686 1931 4115 2031 ingurgitare,
4162 1933 4333 2015 quod
4386 1954 4616 1998 eorum
4666 1935 4764 1997 iu-

2813 2016 2977 2082 dicio
3022 2015 3108 2079 ad
3142 2016 3360 2082 (18118ιί
3396 2019 3989 2101 compensationem
4027 2019 4185 2083 satis
4220 2020 4403 2085 foret.
4472 2020 4582 2083 En
4616 2021 4764 2101 qui-

2810 2102 2934 2166 bus
2978 2111 3174 2166 natae
3219 2102 3533 2182 exordiis,
3581 2104 3817 2186 quibus
3860 2102 4095 2168 deinde
4140 2105 4562 2171 incrementis
4608 2127 4761 2188 pro-

2811 2209 3074 2273 gressae
3112 2188 3452 2271 hucusque
3488 2189 3621 2253 sint
3642 2200 3902 2254 vestrae
3936 2190 4409 2272 possessiones:
4447 2212 4572 2274 quo
4609 2212 4763 2274 per-

2813 2275 3067 2339 venisse
3123 2274 3316 2339 hodie
3360 2274 3685 2353 videmus,
3744 2288 3819 2340 ut
3872 2275 4058 2339 nulla
4101 2277 4187 2340 sit
4231 2297 4498 2359 prorsus
4544 2292 4763 2342 terrae

2811 2359 3028 2438 uncia,
3086 2382 3283 2442 quam
3339 2382 3475 2424 non
3528 2370 3860 2444 acceptam
3911 2363 4291 2445 purgatorio
4345 2364 4590 2428 referre
4652 2363 4761 2428 de·

2811 2446 3034 2511 beatis.
3124 2447 3319 2510 Nunc
3363 2455 3428 2511 te
3471 2467 3691 2511 coram
3730 2447 3878 2511 Dee
3922 2446 4195 2531 appello,
4238 2449 4341 2512 vir
4383 2449 4549 2513 mihi
4590 2451 4757 2513 ami-

2811 2531 3098 2609 cissime,
3158 2531 3446 2615 81188988
3489 2533 3600 2614 981
3654 2553 3694 2596 8
3735 2534 3920 2598 verbi
3963 2533 4091 2598 Dei
4132 2534 4420 2617 puritate
4461 2557 4596 2599 non
4649 2535 4758 2600 ab·

2811 2616 3101 2695 horrent,
3146 2639 3424 2716 querum
3468 2640 3551 2683 ex
3595 2619 3835 2683 animis
3878 2619 4210 2684 discussus
4253 2630 4354 2685 est
4390 2621 4612 2686 inanis
4653 2621 4759 2685 1118

2812 2704 3172 2787 purgatorii
3215 2703 3464 2768 fumus:
3511 2724 3712 2802 quum
3745 2699 3947 2786 probe
3980 2705 4383 2790 intelligatis,
4430 2727 4759 2790 quascun-

2811 2810 2936 2871 que
2982 2790 3216 2854 tenetis
3261 2791 3728 2871 988888818888,
3789 2812 3918 2854 888
3968 2792 4092 2855 8118
4136 2791 4283 2875 1838
4328 2793 4512 2857 vobis
4556 2793 4759 2858 fuisse

2809 2876 3273 2974 transscriptas
3328 2895 3368 2938 a
3422 2876 3559 2954 suis
3613 2874 3924 2955 dominis,
3983 2878 4112 2943 nisi
4170 2886 4247 2942 ut
4300 2898 4339 2941 a
4393 2878 4760 2962 purgatorii

2811 2962 3104 3026 cruciatu
3125 2972 3348 3025 vestra
3368 2962 3831 3026 intercessione
3860 2963 4288 3043 solverentur,
4324 2985 4560 3048 parum
4594 2962 4760 3043 dice,

2811 3049 2940 3112 nisi
2985 3057 3060 3112 ut
3104 3047 3575 3112 abominandae
3629 3049 3922 3130 ipserum
3975 3050 4297 3133 impietati
4341 3071 4381 3114 a
4424 3050 4609 3116 vobis
4660 3071 4761 3117 sa-

2811 3134 3109 3199 tisfieret:
3178 3134 3506 3198 iustamne
3568 3133 3943 3216 possidendi
3993 3136 4313 3200 rationem
4366 3137 4549 3202 vobis
4600 3158 4761 3202 eon·

2809 3227 2984 3284 stare
3040 3219 3323 3285 ducitis?
3414 3218 3592 3285 Sane
3644 3220 3823 3303 18388
3876 3222 4100 3287 civiles
4156 3224 4383 3305 (quum
4432 3222 4599 3286 nihil
4652 3245 4762 3288 vo-

2807 3304 3053 3370 luntati
3097 3305 3308 3389 magis
3347 3305 3694 3371 adversum
3743 3307 3829 3371 sit
3863 3327 4059 3389 quam
4102 3309 4314 3406 error)
4356 3308 4762 3387 donatorem,

2809 3391 2920 3474 981
2966 3392 3070 3455 vel
3126 3412 3345 3455 errore
3401 3391 3737 3472 deceptus,
3786 3391 3890 3457 vel
3944 3393 4172 3459 fraude
4227 3393 4764 3478 circumscriptus

2810 3477 3039 3554 fuerit,
3086 3476 3454 3543 absolvunt.
3542 3475 3952 3543 Donatienes
3997 3488 4222 3544 autem
4263 3480 4428 3545 istas
4473 3480 4618 3546 solo
4662 3503 4761 3546 er-

2811 3584 2957 3627 rore
3005 3564 3155 3639 niti,
3210 3563 3385 3628 bona
3437 3568 3585 3641 [pag.
3624 3577 3656 3626 7
3668 3568 3731 3643 2]
3790 3565 3989 3628 etiam
4034 3586 4117 3629 ex
4159 3576 4346 3653 parte
4400 3566 4766 3649 impostura

2811 3671 2941 3713 non
2976 3669 3199 3714 carere
3236 3649 3433 3715 scitis.
3491 3648 3737 3713 Iisdem
3770 3649 4041 3749 legibus,
4078 3673 4246 3733 quae
4278 3651 4579 3716 illicitam
4611 3675 4763 3719 cen-

2812 3733 3130 3798 ditionem
3185 3733 3382 3800 habet
3449 3734 3740 3811 denati0,
3807 3736 3997 3801 irrita
4062 3758 4203 3802 esse
4267 3739 4764 3820 pronunciatur.

2810 3819 3013 3885 Nulla
3079 3832 3178 3885 est
3231 3823 3508 3885 istarum
3565 3819 3991 3885 donationum
4049 3844 4218 3906 quae
4278 3823 4583 3889 horribili
4636 3823 4768 3888 Dei

2809 3905 3217 3988 blasphemia
3260 3928 3392 3971 non
3437 3925 3553 3971 vos
3596 3906 3981 3991 obstringat.
4048 3911 4143 3973 At
4183 3908 4376 3973 nihili
4419 3908 4762 3975 ducendae

2812 4000 2969 4056 sunt
3034 3991 3351 4057 eiusmodi
3411 3992 3607 4074 leges.
3699 3991 3866 4072 Quis
3932 4003 4150 4059 autem
4212 3994 4392 4059 vobis
4456 3996 4768 4078 permisit

759 4076 884 4139 iste
943 4077 1371 4159 approbetur,
1432 4086 1507 4139 ut
1549 4076 2094 4175 quemadmodum
2153 4076 2327 4159 apud
2370 4062 2760 4141 Israelitas'
2810 4078 3060 4142 alienas
3116 4079 3333 4160 copias
3392 4084 3611 4142 vestro
3666 4077 3936 4143 arbitrio
3993 4079 4315 4158 obtinere,
4374 4102 4544 4163 quae
4605 4081 4768 4146 dum

762 4160 1029 4227 decimis
1072 4161 1419 4226 alebantur
1450 4163 1748 4241 Levitae,
1794 4163 1888 4225 ita
1918 4163 1989 4226 in
2023 4162 2263 4246 989818
2298 4163 2496 4227 8ι1818
2530 4161 2705 4229 81111-

762 4247 975 4312 8ι1888
1019 4246 1306 4313 decimae
1347 4248 1757 4331 colligantur,
1803 4269 1968 4330 quae
2010 4250 2082 4312 in
2127 4247 2441 4313 alimenta
2483 4258 2705 4345 pasto-

762 4354 912 4396 rum
955 4333 1388 4409 cenferantur,
1436 4342 1504 4397 et
1544 4356 1925 4416 pauperum,
1970 4334 2140 4398 nihil
2183 4334 2494 4400 reclamo:
2543 4333 2707 4416 quin

759 4419 976 4500 potius
998 4438 1222 4482 eorum
1244 4420 1608 4483 sententiae
1642 4442 1863 4484 meum
1883 4440 2141 4503 quoque
2165 4419 2486 4485 calculum
2510 4418 2703 4498 adde3

760 4501 1286 4586 quandoquidem
1331 4503 1628 4569 alicunde
1673 4514 1848 4570 certe
1891 4504 2172 4584 desumi,
2216 4503 2392 4588 qued
2436 4504 2520 4569 ad
2564 4527 2708 4570 sus-

760 4588 1106 4653 tentandos
1146 4589 1565 4654 ecclesiarum
1598 4591 1936 4655 ministros
1971 4589 2408 4675 impendatur,
2441 4611 2707 4656 necesse

759 4686 875 4740 est.
965 4674 1030 4738 N
1033 4695 1106 4740 88
1162 4674 1469 4756 expedire
1519 4675 1683 4740 mihi
1739 4676 2030 4756 videtur,
2089 4676 2260 4776 quod
2317 4677 2706 4759 aequissime

759 4761 1190 4825 constitutum
1221 4760 1443 4838 fuerit,
1482 4762 1621 4826 sine
1657 4783 1857 4828 causa
1889 4764 2214 4828 innovari:
2261 4761 2452 4827 mode
2486 4783 2571 4826 ne
2604 4763 2705 4826 ius

759 4846 927 4910 illud
953 4845 1290 4911 leviticum
1313 4845 1476 4911 falso
1501 4846 1987 4930 praetendatur,
2025 4855 2093 4912 8ι
2117 4848 2536 4913 ecclesiastici
2556 4868 2706 4929 pas·

759 4932 923 4995 toris
955 4932 1371 5014 stipendium,
1410 4954 1540 4997 nen
1575 4934 1973 4998 decimarum
2008 4934 2360 5012 fertilitate,
2398 4931 2514 4997 sed
2553 4955 2706 5016 898-

763 5017 913 5081 8ι811
955 5018 1356 5101 praescripto
1402 5018 1780 5097 definiatur,
1831 5025 1907 5083 ut
1959 5020 2048 5084 sit
2105 5019 2488 5086 necessariis
2531 5020 2707 5084 vitae

761 5102 1067 5168 subsidiis
1121 5111 1487 5169 contentus.
1578 5103 1931 5169 Caeterum
1985 5127 2189 5188 quum
2243 5107 2311 5169 in
2371 5106 2491 5170 hos
2548 5126 2707 5170 usus

763 5185 1173 5253 destinantur
1215 5189 1533 5268 decimae,
1592 5190 1790 5254 simul
1842 5199 2175 5270 arcentur,
2234 5191 2420 5256 velut
2472 5192 2706 5272 positis

760 5274 1108 5356 repagulis,
1154 5295 1380 5341 omnes
1420 5277 1530 5340 isti
1574 5276 1746 5359 pigri
1781 5285 2066 5355 ventres,
2110 5278 2223 5360 qui
2259 5298 2330 5342 se
2366 5277 2495 5342 illis
2532 5299 2707 5342 nunc

2810 4163 3139 4247 adscripta
3181 4164 3326 4247 lege
3370 4165 3552 4229 vobis
3594 4163 3937 4243 ceduntur,
3982 4167 4111 4230 nisi
4153 4166 4268 4230 illa
4310 4166 4769 4232 intercedente

2814 4256 3035 4314 vestra
3088 4271 3219 4314 non
3263 4249 3475 4313 fiunt?
3566 4249 3680 4314 Ius
3737 4251 3915 4314 enim
3958 4250 4137 4316 istud
4178 4258 4549 4334 pactorum,
4595 4274 4771 4336 quae

2809 4347 3111 4400 mutuam
3156 4336 3403 4401 habeut
3464 4335 3946 4418 obligationem,
4013 4338 4476 4421 pervulgatum
4530 4347 4635 4404 est
4692 4361 4769 4404 88

2811 4421 3019 4486 cuivis
3063 4421 3435 4504 cognitum:
3482 4431 3556 4484 ut
3600 4442 3795 4504 agere
3840 4444 3922 4487 ex
3969 4430 4157 4507 pacto
4200 4444 4335 4487 non
4368 4426 4593 4507 possit,
4646 4446 4769 4492 888

2809 4507 3099 4571 fructum
3134 4506 3343 4570 ullum
3377 4506 3728 4590 percipere,
3766 4504 3891 4573 8181
3915 4510 4029 4591 981
4064 4508 4407 4574 defunctus
4442 4511 4771 4592 promisse

2810 4592 3026 4656 fuerit.
3116 4592 3349 4674 Itaque
3404 4600 3523 4656 88ι
3579 4593 3793 4657 811888
3834 4596 4195 4678 888198ιί8,
4254 4603 4372 4659 88ι
4419 4616 4497 4660 88
4538 4597 4769 4663 eondi-

2811 4678 2991 4743 tione
3035 4687 3260 4743 vestra
3304 4687 3490 4757 sunt,
3547 4700 3745 4761 quam
3789 4679 3857 4743 in
3902 4703 3971 4746 88
4017 4688 4433 4779 receperunt,
4480 4704 4772 4764 quorum

2810 4784 2930 4845 per
2972 4784 3210 4829 manus
3255 4763 3436 4828 vebis
3478 4772 3633 4828 sunt
3671 4764 3925 4830 tradita.
3991 4765 4185 4847 Quod
4220 4767 4276 4832 si
4312 4768 4565 4851 flagitia
4601 4769 4773 4833 haec

2811 4849 2944 4914 11118
2985 4850 3224 4933 9881881
3267 4850 3366 4915 fas
3411 4871 3547 4913 non
3590 4849 3744 4927 fuit,
3803 4852 3986 4917 vebis
4038 4852 4110 4917 in
4165 4853 4342 4936 pacti
4383 4855 4773 4919 societatem

2814 4936 3159 5002 succedere
3181 4936 3295 5018 qui
3328 4935 3540 5013 liceat,
3578 4902 4002 5003 considerate.
4062 4939 4290 5022 Itaque
4325 4940 4455 5003 nisi
4490 4960 4775 5006 8888888

2952 5227 3009 5293 1)
3045 5227 3162 5282 Une
3198 5243 3424 5282 maxime
3464 5229 3728 5297 generale,
3766 5229 3928 5284 vertit
3962 5230 4264 5285 translator
4294 5231 4539 5298 qallicus.

2812 5295 3085 5351 Donation
3120 5313 3262 5364 pour
3299 5312 3477 5364 cause,
3516 5296 3672 5351 idem.
4709 5232 4773 5296 2)
