5100 6061
324 437 409 495 41
1858 433 2149 499 LIBER
2190 434 2242 498 1.
2333 433 2638 500 offer
2678 434 2808 499 111.
4251 442 4333 537 42

327 618 465 685 Cui
501 621 716 685 simile
748 624 851 686 est
892 620 1055 685 illud
1101 620 1499 702 Quintiliani
1541 622 1611 685 in
1658 623 1876 706 Aegro
1918 621 2286 704 redempto:

324 705 568 770 Voluit
602 728 723 771 nos
759 707 871 771 ille
912 708 1332 772 mortalitatis
1355 708 1590 772 artifex
1633 707 1794 772 deus
1830 709 1897 771 in
1944 727 2290 773 commune

328 812 740 868 succurrere,
779 802 847 858 et
887 814 1006 875 per
1048 801 1306 858 mutuas
1351 793 1746 857 auxiliorum
1790 794 1969 859 vices
2012 795 2081 857 in
2128 793 2287 857 alte—

325 898 505 955 rum,
560 878 736 961 quod
792 900 909 961 pro
965 900 1034 944 se
1075 881 1346 961 quisque
1382 881 1675 954 timeret,
1732 900 2040 943 asserere.
2132 878 2288 943 Ideo

329 961 793 1043 Quintilianus
855 967 925 1028 in
994 965 1251 1046 Apibus
1280 968 1328 1049 ¹)
1385 965 1694 1048 pauperis
1714 1017 1727 1041 ,
1789 965 2073 1030 humano
2129 965 2285 1030 vitio

325 1050 581 1115 factum
638 1053 977 1133 queritur,
1032 1060 1106 1114 ut
1157 1052 1227 1114 in
1285 1052 1582 1135 proprios
1641 1050 1914 1133 quisque
1969 1073 2127 1116 usus
2186 1050 2285 1114 lu-

325 1154 523 1199 crum
568 1134 850 1201 duceret.

516 1222 690 1302 Quae
746 1242 967 1303 pacem
1010 1229 1209 1301 amat,
1277 1230 1332 1287 et
1383 1243 1612 1287 manus
1666 1220 1910 1308 retinet]
1980 1222 2126 1286 Hoc
2168 1241 2286 1303 pro

324 1306 742 1391 Cyrenaicis,
780 1312 891 1389 qui
934 1309 1003 1372 in
1049 1308 1351 1374 omuibus
1397 1316 1806 1390 prospectum
1851 1309 2088 1372 volunt
2130 1329 2286 1372 suae

322 1392 637 1468 utilitati,
696 1405 772 1457 ut
824 1395 1006 1476 prius
1062 1395 1456 1476 explicatum
1493 1402 1607 1458 est.
1699 1393 2020 1459 Serviunt
2063 1402 2287 1457 autem

320 1478 625 1542 maxime
648 1479 970 1562 voluptati
993 1488 1059 1543 et
1078 1480 1365 1557 utilitati,
1403 1501 1552 1561 pax,
1596 1480 1798 1561 quies,
1843 1479 2079 1543 otium:
2120 1500 2287 1561 quae

322 1572 558 1628 tamen
595 1566 712 1630 vix
748 1567 923 1629 inter
959 1566 1258 1630 homines
1294 1573 1470 1630 stare
1502 1574 1792 1648 possunt,
1830 1566 1958 1629 nisi
2003 1564 2286 1630 clemen-

322 1650 467 1714 tiae
514 1649 844 1717 beneficio.
933 1652 1213 1717 Manum
1253 1651 1361 1717 hic
1408 1652 1624 1733 accipe
1663 1672 1782 1732 pro
1827 1650 2144 1716 violentia
2158 1701 2171 1728 ,
2217 1652 2286 1714 in

322 1756 463 1818 qua
508 1737 982 1819 significatione
1027 1748 1129 1800 est
1172 1737 1343 1819 apud
1389 1736 1773 1802 Ciceronem
1816 1737 1923 1801 lib.
1971 1736 2025 1800 Ι.
2064 1735 2285 1801 Offio.:

322 1821 589 1886 Tamen
626 1844 730 1887 res
766 1825 835 1886 vi
872 1835 1199 1905 manuque
1235 1831 1421 1906 gesta
1455 1832 1569 1887 est.
1636 1823 1730 1886 Et
1750 1823 2035 1887 Verrina
2071 1831 2284 1886 sexta:

319 1906 520 1971 Nihil
585 1908 845 1991 aegrius
898 1910 1142 1973 factum
1195 1915 1321 1985 est,
1383 1928 1579 1990 quam
1633 1918 1707 1971 ut
1750 1929 1984 1971 manus
2038 1908 2119 1972 ab
2174 1907 2287 1971 illo

319 1992 736 2074 appellatore
772 1994 1275 2059 abstinerentur.
1344 1993 1763 2058 Contrarium
1802 2003 1902 2058 est
1936 1993 2019 2057 ad
2051 2014 2288 2057 manus

322 2098 581 2143 venire.

513 2164 783 2229 Nullum
837 2169 1039 2229 tamen
1081 2162 1427 2251 clementia]
1476 2165 1660 2229 Bene
1703 2164 2008 2230 cohaeret
2049 2164 2285 2228 oratio·

322 2249 439 2314 nis
484 2251 690 2314 filum.
780 2250 864 2313 In
908 2249 1443 2331 praecedentibus
1488 2251 1580 2315 sic
1625 2251 2032 2314 clementiam
2073 2250 2285 2314 homi-

323 2357 499 2400 num
536 2344 810 2400 naturae
847 2337 1194 2401 convenire
1230 2336 1613 2412 disserebat,
1652 2346 1730 2399 ut
1775 2336 2107 2400 hominem
2149 2356 2286 2399 non

325 2442 480 2486 esse
527 2421 953 2486 contenderet
977 2474 991 2499 ,
1049 2422 1161 2505 qui
1204 2443 1336 2486 non
1380 2422 1575 2485 simul
1620 2422 1923 2486 clementi
1969 2428 2142 2486 esset
2181 2422 2284 2485 in-

325 2508 560 2592 genio,
630 2515 823 2589 atque
913 2505 996 2569 ad
1064 2506 1655 2593 mansuetudinem*
1711 2527 2050 2589 propenso.
2160 2507 2287 2570 Est

325 2593 517 2657 enim
570 2593 920 2657 clementia
972 2613 1125 2656 vere
1192 2593 1594 2657 humanitas:
1667 2593 1849 2658 cuius
1904 2593 2286 2675 participem

326 2699 499 2756 esse,
526 2679 693 2742 nihil
717 2677 896 2743 aliud
918 2687 1032 2755 est,
1071 2700 1264 2761 quam
1302 2699 1444 2743 esse
1478 2679 1829 2742 hominem.
1885 2678 1948 2743 N
1951 2700 2079 2743 unc
2112 2677 2286 2761 quod

324 2766 609 2848 propius
641 2772 742 2828 est
770 2785 978 2847 scop0,
1004 2764 1187 2828 addit
1221 2785 1361 2828 esse
1398 2765 1711 2829 virtutem
1756 2763 2097 2843 heroicam,
2145 2765 2286 2827 sine

325 2870 467 2932 qua
508 2850 834 2932 imperare
877 2850 1205 2933 principes
1247 2871 1382 2914 non
1424 2852 1703 2934 possint:
1752 2851 1923 2914 sicut
1965 2849 2286 2931 Vopiscus

326 2937 445 3009 ait,
474 2937 759 3018 primam
784 2956 924 2999 esse
948 2958 1169 3001 rerum
1196 2936 1429 3000 dotem.
1478 2935 1555 2999 Id
1583 2936 1908 3000 convincit
1931 2934 2157 2999 multis
2180 2956 2285 3001 ra-

330 3020 648 3101 tionibus,
674 3022 1000 3106 quaesuis
1036 3022 1194 3088 locis
1224 3043 1516 3104 seorsum
1550 3020 2087 3087 observabuntur.
2133 3021 2284 3086 Pri-

326 3128 513 3172 mam
550 3101 773 3172 tamen
810 3110 1117 3172 continuo
1156 3108 1430 3173 subiicit.
1523 3107 1697 3188 Quia
1740 3109 2042 3191 princeps
2085 3107 2285 3172 nullis

326 3193 700 3260 virtutibus
736 3195 1015 3277 gratiam
1051 3194 1268 3277 populi
1307 3194 1431 3258 sibi
1467 3216 1610 3259 com
1658 3214 1844 3258 arare
1879 3202 2111 3275 potest,
2157 3194 2286 3257 nisi

328 3279 613 3345 salutari
665 3287 893 3343 utatur
954 3280 1263 3361 potentia.
1327 3279 1586 3344 Polleat
1659 3281 1781 3343 'cet
1824 3300 1959 3356 rex,
2006 3289 2120 3344 aut
2161 3281 2285 3343 im-

326 3373 616 3448 perator,
654 3365 798 3429 aliis
842 3366 1158 3442 fortunae,
1206 3366 1510 3448 corporis,
1557 3365 1760 3428 animi
1803 3365 2088 3430 dotibus:
2136 3387 2285 3448 per-

326 3450 504 3515 dunt
559 3451 781 3515 omnia
833 3452 1130 3534 gratiam,
1185 3452 1313 3515 nisi
1371 3473 1441 3516 se
1504 3449 2006 3515 mansuetudine
2060 3450 2288 3516 fecerit

328 3536 685 3601 amabilem
722 3537 857 3600 suis
894 3535 1188 3615 subditis,
1226 3558 1299 3602 ac
1344 3538 1720 3620 gratiosum.
1810 3536 2105 3600 Rursum
2138 3554 2284 3600 'om-

328 3622 448 3686 nia
493 3622 639 3687 eius
685 3622 857 3687 facta
897 3622 1197 3704 dictaque
1255 3622 1540 3705 benigne
1584 3623 2018 3704 excipientur,
2080 3622 2137 3684 si
2184 3622 2288 3685 fa-.

327 3728 566 3772 vorem
600 3707 821 3792 populi
857 3707 979 3771 sibi
1013 3708 1134 3772 hac
1171 3708 1421 3772 virtute
1457 3707 1656 3773 semel
1693 3706 2064 3771 conciliarit.
2129 3707 2285 3773 Huc

328 3795 649 3859 convenit
699 3794 1132 3877 apophtegma
1184 3793 1784 3876 Gymnosophistae
1838 3793 1951 3876 qui
2005 3794 2283 3857 interro-

329 3887 531 3962 gatus
600 3878 683 3942 ab
747 3878 1158 3957 Alexandro,
1214 3878 1531 3961 quomodo
1595 3880 1924 3960 imperans
1977 3898 2284 3962 magnam

329 3971 482 4044 [pag.
512 3971 623 4044 30]
659 3965 780 4029 sibi
817 3965 1092 4048 gloriam
1127 3973 1549 4047 compararet,
1570 3967 1628 4047 2)
1676 3962 2013 4047 respondit
2024 3960 2113 4028 *id
2147 3964 2285 4030 fore

332 4053 390 4116 si
436 4072 577 4115 non
614 4059 786 4115 esset
827 4050 1154 4115 terribilis.

511 4136 689 4201 Nam
730 4136 1039 4218 pestifera
1090 4138 1190 4200 vis
1255 4134 1371 4223 est]
1430 4134 1624 4217 Quod
1678 4134 1834 4200 alibi
1888 4135 2093 4214 dixit,
2151 4158 2285 4201 non

325 4223 444 4287 diu
487 4231 707 4306 potest
764 4242 928 4304 quae
977 4222 1336 4285 multorum
1392 4222 1564 4286 malo
1602 4229 1942 4286 exercetur
1997 4224 2289 4304 potentia

323 4320 526 4373 stare.
611 4308 740 4373 Est
784 4307 962 4372 enim
1003 4308 1478 4372 contrariorum
1521 4308 1847 4372 contentio
1864 4359 1880 4386 ,
1937 4308 2093 4391 quia
2136 4329 2285 4373 con·

325 4397 520 4459 tinuo
560 4393 878 4476 sequitur:
925 4392 1115 4457 Illius
1154 4392 1415 4471 demum
1451 4393 1834 4476 magnitudo
1870 4394 2121 4464 stabilis
2164 4405 2282 4460 etc.

507 4479 711 4544 Illius
765 4479 1010 4543 demum
1053 4476 1446 4628 magnitudo}
1496 4480 1647 4543 Non
1691 4488 1953 4544 tantum
1996 4480 2285 4562 cogitan-

326 4567 494 4630 dum
537 4574 642 4630 est
685 4565 998 4648 principi,
1055 4564 1210 4647 quid
1257 4564 1379 4628 sibi
1447 4567 1642 4643 iceat,
1695 4565 1810 4629 sed
1863 4585 1990 4647 qua
2033 4565 2283 4628 ratione

325 4660 602 4716 tueatur
636 4671 819 4716 suam
843 4651 1223 4733 potentiam.
1269 4652 1500 4716 Potest
1517 4651 1726 4714 instar
1752 4650 2046 4715 rabiosae
2060 4649 2285 4715 beluae

326 4738 622 4822 grassari
658 4757 779 4820 per
814 4744 1065 4819 strages
1101 4736 1458 4801 hominum.
1548 4735 1798 4800 Verum
1834 4736 1958 4799 hoc
1993 4735 2119 4799 erit
2152 4757 2286 4800 non

327 4844 650 4908 regnum,
717 4821 831 4886 sed
894 4822 1329 4886 latrocinium.
1419 4823 1697 4888 Latroni
1753 4842 1910 4886 vero
1977 4829 2077 4885 tot
2132 4828 2287 4885 sunt

329 4910 576 4987 hostes,
613 4917 775 4990 quot
807 4907 1123 4971 homines.
1181 4907 1360 4973 Male
1395 4929 1551 4992 ergo
1587 4906 1710 4971 sibi
1744 4907 2070 4989 prospicit,
2109 4908 2285 4990 quis-

331 4996 482 5078 quis
536 4992 999 5077 magnitudine
1042 4993 1112 5056 in
1156 4993 1512 5058 multorum
1564 4993 1918 5076 perniciem
1973 4992 2282 5071 abutitur,

476 5284 535 5348 1)
575 5284 724 5338 Edd.
757 5287 1080 5340 recentiores
1114 5281 1276 5350 (1611
1314 5284 1443 5346 88.).·
1479 5282 1686 5349 opibuS.

334 5361 390 5407 a
421 5369 596 5423 seqq„-
631 5363 920 5422 comparet.

1859 5281 1921 5349 2)
1959 5282 2110 5337 Εαα.
2152 5281 2284 5336 1597
2326 5240 2331 5246 ’

2391 628 2467 685 ut
2508 643 2734 687 omnes
2789 630 3017 688 contra
3060 645 3130 689 se
3171 634 3396 688 armet.
3486 626 3580 689 At
3621 645 3776 690 vero
3827 626 4005 691 illius
4056 648 4339 711 regnum

2393 716 2494 771 est
2538 707 2796 784 stabile,
2844 710 2954 792 qui
2997 730 3129 774 non
3166 718 3421 773 tantum
3468 731 3613 788 sua,
3661 712 3776 777 sed
3820 721 3886 777 et
3929 712 4338 779 subditorum

2392 813 2589 857 causa
2631 795 2937 875 imperat,
2995 796 3306 860 nimirum
3351 807 3571 878 pastor
3610 798 4032 879 populorum,
4080 808 4155 863 ut
4194 800 4336 863 Ho-

2393 899 2614 943 merus
2657 882 2915 945 vocavit
2959 883 3472 963 Agamemnona.

2568 963 2699 1029 Pro
2760 964 2960 1029 salute
3013 967 3400 1049 sinqulorum
3455 973 3635 1047 atque
3675 968 4135 1057 aniversorum]
4203 972 4338 1036 Re-

2390 1049 2779 1132 spicit'illud
2815 1062 3233 1134 praeceptum
3257 1052 3570 1131 Platonis,
3617 1062 3692 1117 ut
3709 1055 3825 1135 qui
3861 1063 4179 1137 praesunt
4211 1057 4337 1122 rei-

2389 1134 2703 1217 publicae,
2750 1144 2961 1200 totum
3008 1139 3144 1201 eius
3189 1158 3426 1221 corpus
3462 1146 3720 1203 curent:
3767 1162 3852 1204 ne
3888 1140 4046 1205 dum
4078 1151 4340 1224 partem

2391 1220 2680 1303 aliquam
2725 1230 3011 1298 tuentur,
3054 1222 3338 1305 reliquas
3384 1223 3705 1288 deserant.
3776 1224 3912 1305 Qui
3956 1229 4128 1292 enim
4165 1230 4340 1311 parti

2391 1307 2759 1386 consulunt,
2796 1316 3051 1390 partem
3088 1310 3447 1392 negligunt,
3486 1311 3697 1391 inquit
3732 1310 3980 1389 Cicero,
4020 1333 4162 1376 rem
4191 1335 4337 1395 per-

2390 1394 2891 1457 niciosissimam
2935 1394 3005 1456 in
3051 1395 3383 1458 civitatem
3429 1395 3778 1474 inducunt,
3836 1397 4217 1462 seditionem
4263 1420 4338 1464 ac

2388 1476 2794 1543 discordiam.

2568 1564 2766 1629 Cuius
2809 1584 3025 1629 curam
3069 1564 3395 1652 excubare]
3458 1566 3610 1629 Alia
3652 1569 4132 1633 constructione
4175 1590 4338 1633 usus

2392 1658 2493 1713 est
2535 1651 2822 1715 Plancus
2869 1650 3036 1716 libro
3079 1651 3289 1733 Epist.
3338 1651 3671 1716 Ciceronis
3715 1653 3804 1718 X.
3850 1675 3930 1716 ex
3975 1675 4101 1737 quo
4146 1655 4339 1718 intel-

2392 1735 2511 1818 ligi
2556 1744 2774 1819 potest
2827 1756 3046 1800 curam
3103 1737 3497 1819 reipublicae
3555 1759 3849 1802 summae
3894 1739 4339 1804 defendendae

2393 1821 2566 1904 apud
2611 1844 2727 1885 nos
2773 1822 3110 1887 excubare.
3204 1824 3441 1887 Tracta
3496 1835 3595 1887 est
3651 1823 4029 1906 metaphora
4084 1825 4164 1890 ab
4224 1846 4337 1889 ex-

2391 1905 2595 1973 cubiis
2643 1930 2806 1991 quae
2852 1908 3064 1972 solent
3097 1909 3167 1970 in
3205 1908 3478 1972 urbibus
3516 1908 3787 1992 disponi,
3834 1931 4033 1991 quum
4071 1910 4153 1975 ab
4187 1911 4337 1977 hos-

2390 1991 2565 2057 tibus
2621 2003 2720 2057 est
2776 1993 3171 2077 periculum,
3240 1996 3423 2076 quasi
3480 1992 3729 2060 diceret
3782 1996 4138 2078 principem
4197 2018 4337 2062 esse

2390 2077 2725 2159 publicum
2770 2080 3095 2162 quendam
3140 2079 3611 2157 excubitorem,
3659 2082 3770 2163 qui
3814 2083 4114 2147 omnibus
4160 2083 4337 2149 horis

2391 2165 2459 2226 in
2527 2165 2807 2229 salutem
2872 2164 3098 2249 populi
3162 2166 3479 2249 invigilet.
3586 2164 3699 2231 Sic
3765 2168 3940 2230 enim
4007 2169 4336 2251 sapienter

2388 2251 2707 2332 praecipit
2749 2251 3079 2316 Homerus
3124 2251 3394 2316 Illiados
3437 2254 3503 2333 βε

2621 2345 2703 2470 2:²3
2770 2350 2862 2471 353.
2877 2350 3404 2490 amissas:
3436 2348 3986 2491 :statutis

2390 2513 2457 2569 et
2498 2505 2710 2570 Iulius
2752 2507 3030 2572 vocabat
3071 2510 3415 2590 imperium
3460 2530 3682 2574 curam
3729 2509 3979 2574 alienae
4024 2510 4281 2575 salutis.

2568 2608 2896 2690 Tanquam
2961 2611 3200 2675 malum
3264 2610 3520 2691 aliquod
3571 2616 3682 2674 aut
3744 2613 4002 2676 noxium
4065 2612 4333 2700 animal]

2387 2695 2562 2759 Nam
2620 2696 2674 2759 si
2718 2696 3020 2779 princeps
3063 2696 3405 2779 tyrannice
3451 2698 3700 2761 saeviat
3742 2698 3812 2761 in
3871 2719 4052 2776 suOS,
4100 2720 4183 2762 ex
4221 2720 4340 2782 po-

2386 2780 2620 2864 pulosa
2665 2780 2826 2845 urbe
2883 2781 3077 2845 faciet
3120 2790 3370 2846 vastam
3416 2781 3851 2847 solitudinem.
3941 2783 4199 2849 Plinius
4243 2785 4337 2849 lo-

2387 2887 2592 2949 quens
2637 2866 2716 2929 de
2760 2867 3159 2949 temporibus
3194 2868 3548 2931 Domitiani
3595 2868 3666 2931 in
3710 2869 4150 2953 Panegyrico:
4197 2868 4337 2935 Nec

2388 2952 2820 3017 salutationes
2864 2959 3010 3016 tuas
3052 2953 3208 3037 fuga
3250 2974 3325 3017 ac
3367 2954 3637 3019 vastitas
3683 2955 4003 3038 sequitur3
4050 2975 4336 3019 remora-

2388 3061 2557 3118 mur,
2603 3040 2992 3117 resistimus,
3037 3047 3114 3103 ut
3155 3039 3224 3102 in
3271 3041 3603 3103 communi
3647 3040 3838 3104 domo
3887 3062 4082 3123 quam
4127 3062 4336 3123 nuper

2386 3125 2861 3190 immanissima
2904 3124 3094 3189 belua
3128 3124 3407 3208 plurimo
3449 3135 3695 3190 terrore
3741 3128 4089 3204 munierat,
4136 3147 4336 3208 quum

2388 3211 2575 3276 velut
2628 3210 2908 3294 quodam
2976 3232 3173 3294 specu
3224 3210 3506 3290 inclusa,
3574 3233 3754 3277 nunc
3819 3213 4333 3296 propinquorum

2390 3296 2775 3379 sanguinem
2830 3296 3172 3372 lamberet,
3222 3318 3393 3361 nunc
3438 3319 3507 3362 se
3551 3297 3635 3361 ad
3679 3297 4188 3363 clarissimorum
4231 3299 4334 3363 vi-

2390 3403 2613 3446 rorum
2649 3390 2898 3466 strages
2940 3380 3286 3466 cladesque
3366 3384 3669 3463 roferret3
3705 3382 4220 3449 obversabantur
4241 3385 4335 3448 fo-

2387 3467 2568 3532 ribus
2607 3467 2839 3532 horror
2873 3474 2940 3533 et
2973 3470 3218 3533 minae:
3269 3490 3308 3533 a
3381 3469 3540 3534 haec
3585 3471 3726 3553 ipso
3751 3490 4025 3535 occursu
4064 3471 4337 3553 visuque

2389 3553 2730 3633 terribilis;
2790 3553 3091 3636 superbia
3133 3555 3204 3618 in
3251 3556 3484 3632 fronte,
3530 3556 3631 3618 ira
3673 3555 3746 3619 in
3791 3554 3994 3621 oculis
4039 3563 4158 3622 etc.

2567 3655 2690 3718 Sed
2731 3661 3033 3737 tanquam
3088 3658 3174 3722 ad
3216 3655 3489 3743 clarum]
3536 3657 3722 3722 Haec
3767 3665 3867 3722 est
3910 3658 4152 3722 eximia
4193 3657 4337 3723 laus

2389 3741 2540 3807 boni
2582 3741 2926 3823 principis,
2976 3743 3156 3807 cuius
3202 3751 3470 3825 aspectu
3517 3742 3670 3806 dum
3717 3745 3816 3808 sui
3860 3744 4191 3822 fruuntur,
4235 3765 4338 3808 so·

2386 3827 2519 3891 lem
2566 3846 2634 3890 se
2692 3827 2936 3890 intueri
2992 3835 3253 3911 putant,
3310 3836 3424 3891 aut
3471 3827 3648 3892 aliud
3694 3829 3872 3893 sidus
3915 3827 4132 3894 vitale.
4225 3827 4338 3893 Sic

2387 3912 2706 3977 Horatius
2752 3911 2832 3975 ad
2878 3913 3253 3996 Augustum
3299 3915 3665 3979 carminum
3708 3914 3820 3978 lib.
3867 3885 4017 3978 15⁷³

2697 4014 2898 4069 Lucem
2935 4003 3098 4068 redde
3136 4024 3261 4069 tuae
3298 4015 3407 4069 dux
3442 4016 3580 4070 bone
3618 4018 3852 4084 patriae:

2696 4083 2873 4136 Instar
2905 4085 3047 4137 veris
3083 4084 3220 4136 enim
3255 4083 3437 4137 vultus
3472 4086 3562 4138 ubi
3597 4092 3721 4138 tuus

2699 4151 2918 4205 Affulsit
2952 4152 3172 4220 populo,
3208 4154 3413 4222 gratior
3446 4153 3488 4205 it
3522 4153 3636 4206 dies

2695 4220 2771 4273 Et
2807 4220 2952 4274 soles
2988 4220 3179 4275 melius
3213 4222 3400 4275 nitent.

2388 4309 2620 4390 Neque
2663 4326 3140 4388 supervacuum
3180 4313 3283 4370 est
3316 4306 3685 4389 epithetum
3719 4306 3880 4372 clari
3925 4328 3999 4372 ac
4042 4306 4332 4385 benefici,

2390 4415 2594 4476 quum
2630 4400 2698 4455 et
2728 4392 3102 4474 philosophi
3137 4392 3230 4457 sic
3275 4392 3702 4475 distinguant,
3750 4402 3826 4456 ut
3859 4393 4178 4476 quaedam
4224 4393 4333 4459 be-

2389 4480 2596 4562 nigna
2639 4483 2795 4557 [pag.
2851 4481 2957 4556 31]
3004 4479 3137 4542 sint
3178 4488 3247 4542 et
3288 4498 3618 4561 prospera,
3672 4478 3801 4542 alia
3855 4499 4015 4543 vero
4058 4479 4335 4544 adversa

2391 4586 2466 4630 ac
2493 4565 2708 4628 noxia.
2772 4561 2954 4642 Quin
2988 4570 3056 4627 et
3078 4563 3487 4647 Porphyrius
3533 4562 3686 4629 deos
3708 4563 4019 4630 coelestes
4045 4565 4156 4648 qui
4180 4572 4336 4631 sunt

2389 4652 2532 4734 ipsa
2573 4649 2806 4726 sidera,
2849 4647 3162 4731 quosdam
3206 4670 3347 4714 esse
3389 4648 3593 4713 tradit
3636 4649 3975 4729 beneficos,
4021 4651 4333 4734 quosdam

2387 4757 2547 4801 vero
2591 4735 2935 4800 maleficos.

2570 4822 2845 4886 obiicere
2879 4840 2947 4884 se
2969 4825 3093 4901 pro
3127 4818 3267 4907 illo]
3306 4821 3370 4885 N
3373 4842 3501 4886 unc
3532 4823 3739 4887 fusius
3762 4822 4046 4905 explicat
4076 4821 4144 4886 id
4165 4822 4337 4904 quod

2388 4909 2575 4991 prius
2596 4905 2868 4983 dixerat,
2893 4904 3192 4970 stabilem
3218 4907 3465 4973 scilicet
3486 4929 3625 4973 esse
3639 4909 3996 4990 potentiam
4020 4927 4180 4989 quae
4201 4929 4337 4972 non

2390 4995 2600 5077 magis
2637 4991 2836 5056 unius
2869 4990 3224 5057 commodis
3259 5013 3456 5076 quam
3490 4995 3820 5058 communi
3854 4992 4022 5058 bono
4068 4994 4331 5059 serviat.

2390 5080 2639 5162 Magna
2672 5078 2849 5142 enim
2884 5078 3148 5141 fortuna
3183 5089 3257 5143 ut
3288 5080 3423 5144 fere
3473 5079 3788 5144 invidiam
3825 5078 4025 5161 parit,
4075 5080 4335 5164 magnis

2390 5163 2731 5247 praesidiis
2755 5162 3156 5246 protegenda
3177 5173 3293 5229 est.
3340 5165 3471 5231 Hic
3493 5185 3651 5228 vero
3685 5166 3827 5229 iure
3850 5164 4126 5229 salutem
4149 5186 4333 5230 suam

2392 5247 2804 5314 commendat
2841 5249 3159 5328 omnibus,
3207 5253 3318 5332 qui
3356 5251 3648 5314 omnium
3695 5250 3971 5314 salutem
4003 5249 4075 5314 in
4109 5273 4334 5316 curam

2393 5356 2581 5400 suam
2623 5355 2698 5399 ac
2739 5334 2938 5400 fidem
2989 5335 3236 5419 recipit.
3324 5337 3650 5418 Principis
3704 5336 3880 5400 vitae
3927 5344 4041 5400 aut
4078 5338 4332 5403 externi
