5100 6061
351 363 431 422 ss
988 318 1005 339 ²
1802 359 2092 426 LIBER
2132 361 2186 425 1.
2275 360 2579 431 OAPUT
2623 365 2710 431 x.
2763 365 2888 430 x1.
4261 376 4345 437 ss

346 548 492 613 Hoc
538 548 784 613 factum
828 555 929 613 est
969 548 1178 612 Nonis
1221 548 1583 613 Februarii.
1672 549 1872 614 Errat
1928 556 2145 614 tamen
2191 551 2293 613 vir

348 636 429 700 de
468 633 705 699 studiis
749 634 1240 699 humanioribus
1260 634 1447 698 'bene
1490 635 1765 699 meritus
1809 635 2113 718 Baptista
2155 636 2291 718 Eg-

347 721 566 785 natius
624 720 691 783 in
747 721 882 783 suis
938 718 1362 793 Caesaribus,
1408 740 1608 802 quum
1666 720 1948 785 affirmat
1992 722 2293 803 Augusto

345 807 558 891 primo
640 806 1025 870 attributum
1107 826 1250 869 esse
1314 826 1673 889 cognomen
1743 807 1945 888 patris
2013 806 2288 888 patriae:

347 914 551 975 quum
599 892 779 973 prius
816 891 1112 956 dictatori
1170 892 1454 956 inditum
1511 893 1736 965 fuerit,
1786 902 1858 955 ut
1900 892 2053 957 alibi
2111 891 2291 956 vide-

346 979 541 1044 bitur.

524 1064 702 1145 Quod
751 1064 1155 1128 contumelias
1211 1083 1443 1144 quoque
1497 1084 1649 1128 suas
1740 1061 2291 1127 Animadverten-

347 1150 506 1214 dum
552 1148 657 1213 hio
700 1147 872 1230 quod
918 1148 1073 1213 dicit
1116 1148 1443 1231 principes
1488 1169 1635 1213 acer
1682 1150 1780 1212 ius
1841 1150 2009 1213 ferre
2065 1156 2292 1213 contu-

343 1235 611 1301 meliam
645 1255 842 1316 quam
880 1235 1204 1299 iniuriam.
1292 1233 1548 1299 Iniuria
1584 1254 1883 1316 namque,
1929 1246 2001 1298 ut
2045 1235 2139 1298 ait
2173 1234 2293 1299 Ul-

343 1323 598 1405 pianus,
645 1340 761 1385 seu
807 1341 896 1397 re,
942 1341 1058 1384 seu
1104 1320 1350 1397 verbis,
1396 1320 1566 1384 nihil
1610 1319 1829 1383 differt
1872 1339 1911 1383 a
1954 1329 2290 1384 contume-

343 1407 446 1472 lia.
556 1405 750 1487 Quod
808 1406 1055 1470 dictum
1108 1410 1255 1483 [pag.
1309 1412 1414 1484 Ἀθ]
1470 1427 1705 1490 parum
1775 1406 2081 1471 convenit
2139 1426 2292 1470 cum

344 1494 465 1559 hoc
504 1493 645 1558 loco
687 1489 988 1557 Senecae.
1057 1491 1289 1573 Itaque
1328 1490 1740 1556 referendum
1775 1490 1855 1554 ad
1894 1490 2074 1554 illam
2111 1491 2291 1555 Mar-

342 1578 492 1645 celli
542 1578 1054 1653 distinctionem,
1112 1575 1385 1642 dicentis
1439 1578 1748 1642 iniuriam
1803 1597 1841 1639 a
1898 1576 2294 1642 contumelia

343 1665 465 1730 hoc
510 1663 785 1741 distare,
832 1662 1007 1746 quod
1053 1663 1294 1727 iniuria
1335 1662 1546 1727 levior
1592 1683 1696 1727 res
1751 1670 1868 1727 est.
1958 1663 2290 1727 Pacuvius

343 1751 413 1814 in
458 1749 763 1819 Peribea:
811 1750 1038 1814 Patior
1091 1748 1277 1814 facile
1331 1749 1665 1827 iniuriam,
1727 1748 1782 1811 si
1837 1757 1938 1812 est
1993 1768 2199 1814 vacua
2254 1769 2293 1811 a

344 1835 762 1900 contumelia.
827 1835 1045 1898 Facile
1079 1855 1461 1898 aerumnam
1498 1836 1668 1898 ferre
1705 1855 1987 1916 possum,
2029 1833 2087 1898 si
2122 1833 2291 1897 male

342 1923 528 1987 abest
570 1921 826 1985 iniuria.
918 1921 1139 1984 Etiam
1182 1920 1521 1998 iniuriam,
1570 1921 1698 1984 nisi
1754 1928 1982 1984 contra
2035 1928 2292 1984 constat

339 2006 755 2073 contumelia.
846 2006 1261 2071 Contumelia
1301 2007 1477 2070 enim
1524 2027 1562 2069 a
1606 2004 2078 2071 contemnendo
2130 2004 2287 2070 dici-

340 2105 465 2170 tur‚
506 2104 581 2157 ut
619 2090 791 2157 idem
827 2092 1150 2175 Ulpianus
1187 2100 1377 2155 autor
1414 2101 1527 2156 est.
1618 2091 1801 2155 Nihil
1846 2102 2063 2154 autem
2105 2092 2289 2172 prin-

338 2180 518 2263 cipes
563 2180 773 2262 magis
817 2199 1010 2260 aegre
1054 2180 1421 2261 patiuntur,
1469 2198 1662 2259 quam
1712 2177 2057 2241 contemni.
2148 2176 2287 2239 Ha-

339 2267 449 2330 bet
492 2266 669 2329 enim
714 2264 1041 2347 quendam
1085 2264 1382 2329 aculeum
1429 2262 1850 2340 contumelia,
1903 2263 2119 2344 inquit
2175 2260 2287 2326 Ci—

336 2373 489 2417 cero
534 2350 819 2414 Verrina
862 2350 966 2427 V.,
1012 2370 1209 2431 quem
1250 2349 1405 2414 boni
1450 2350 1576 2412 viri
1621 2349 1789 2413 ferre
1831 2368 1963 2412 non
1998 2355 2286 2431 possunt.

336 2437 429 2502 Et
485 2435 766 2502 Publius
820 2436 1352 2519 Mimographus:
1412 2434 1891 2500 Contumeliam
1957 2434 2094 2516 pati
2166 2454 2288 2498 nec

338 2524 544 2599 fortis,
570 2521 779 2587 necin
827 2543 1037 2586 enuus
1061 2528 1288 2603 potest.
1320 2523 1368 2604 ¹)
1407 2520 1791 2585 Aristoteles
1812 2540 2069 2602 quoque
2092 2518 2285 2583 Ethi-

337 2629 565 2674 corum
588 2606 695 2672 lib.
826 2657 841 2670 .
868 2608 1104 2672 servile
1128 2628 1269 2672 esse
1294 2606 1613 2689 opinatur,
1641 2606 1929 2688 perferre
1952 2614 2287 2669 contume-

340 2694 481 2760 lias.
548 2693 693 2759 Hoc
727 2695 782 2758 si
815 2692 887 2756 in
918 2694 1063 2758 aliis
1092 2713 1321 2757 verum
1353 2703 1468 2768 ost,
1506 2692 1577 2755 in
1611 2692 1903 2774 principe
1934 2699 2150 2755 tamen
2176 2711 2287 2755 ve-

338 2781 694 2845 rissimum.
785 2778 1102 2843 Nazarius
1147 2779 1216 2841 in
1273 2779 1682 2863 Panegyrico
1725 2776 2166 2842 Constantini:
2225 2773 2285 2840 O

340 2886 539 2949 quam
603 2885 784 2929 acres
847 2865 1048 2929 habes
1104 2863 1398 2928 dolorum
1457 2864 1714 2929 aculeos
1771 2884 1807 2926 a
1875 2862 2285 2940 contumelia,

340 2972 539 3035 quam
606 2951 884 3033 imponit
950 2951 1235 3015 inferior.
1348 2949 1791 3014 Contumelias
1858 2958 2076 3013 autem
2136 2967 2288 3012 suas

342 3036 568 3104 eadem
623 3038 832 3101 forma
885 3059 1015 3119 qua
1070 3037 1299 3102 Cicero
1366 3036 1656 3118 loquitur
1710 3035 1995 3118 Philipp.
2057 3034 2283 3098 XHI.:

340 3125 573 3207 Pergit
609 3144 799 3205 porro
843 3124 914 3187 in
959 3144 1103 3187 mea
1146 3121 1506 3198 maledicta,
1552 3123 1737 3203 quasi
1785 3141 1937 3185 vero
1983 3119 2287 3203 pulcher-

341 3212 507 3274 rime
542 3210 760 3291 priora
793 3210 1243 3292 processerint.
1336 3206 1448 3273 Sic
1487 3209 1684 3272 etiam
1721 3207 1978 3289 passive
2024 3205 2289 3270 Coelius

341 3295 721 3361 memoriam
768 3302 944 3359 tuam
995 3293 1162 3358 dixit
1214 3294 1381 3359 libro
1426 3293 1620 3357 VIII.
1667 3294 1874 3375 Epist.
1936 3292 2285 3358 Ciceronis.

340 3383 488 3447 Non
527 3382 685 3463 quin
721 3381 884 3445 mihi
920 3381 1385 3445 suavissimum
1430 3381 1541 3444 sit‘
1564 3387 1717 3444 tuae
1754 3379 2104 3443 memoriae
2138 3398 2288 3459 ope-

344 3489 481 3532 ram
530 3467 704 3532 dare.
794 3466 1211 3531 Contumelia
1251 3467 1406 3541 fuit,
1454 3464 1625 3547 quod
1682 3465 1902 3529 Labeo
1957 3464 2287 3527 Antistius

342 3555 406 3618 in
465 3566 732 3618 senatus
788 3552 1060 3617 lectione
1115 3552 1277 3634 legit
1332 3552 1423 3616 M.
1477 3550 1800 3632 Lepidum
1859 3549 2131 3614 Circeiis
2173 3569 2288 3612 ex-

346 3640 670 3705 sulantem
729 3638 798 3702 in
855 3637 1270 3720 opprobrium
1323 3637 1642 3719 Augusti,
1704 3633 1873 3717 quod
1928 3636 2133 3717 sparsi
2191 3634 2286 3697 fa-

348 3727 508 3790 mosi
555 3724 636 3789 de
681 3746 755 3789 eo
797 3727 865 3787 in
908 3725 1091 3789 curia
1135 3723 1362 3800 libelli,
1411 3721 1583 3805 quod
1626 3721 1724 3786 illi
1768 3743 1807 3786 a
1851 3719 2129 3803 quodam
2183 3741 2284 3784 se-

348 3823 574 3876 natore
612 3809 857 3875 dictum
896 3818 1021 3874 est:
1066 3807 1591 3874 Contradicerem
1637 3809 1774 3884 tibi,
1821 3807 1876 3871 si
1912 3806 2126 3871 locum
2170 3805 2287 3869 ha-

353 3896 585 3962 berem.
677 3896 781 3961 Ab
834 3895 1003 3960 aliis:
1060 3896 1294 3961 Licere
1349 3895 1757 3959 senatoribus
1814 3892 1891 3956 de
1955 3892 2289 3975 republica

454 4005 540 4047 ui.

352 3982 451 4065 loq
526 4067 855 4133 Probrosis
877 4069 942 4131 in
966 4088 1033 4132 se
1070 4068 1256 4132 dictis
1289 4063 1537 4151 arrisit]
1578 4064 1961 4129 Celebratur
1998 4063 2287 4128 Alexan-

352 4153 448 4219 dri
484 4154 1031 4237 apophthegmaa
1051 4151 1437 4217 Plutarcho:
1477 4151 1781 4232 βασιλικόν
1815 4154 1971 4212 ἐστιν
1993 4147 2289 4211 &nomiv-

352 4264 420 4302 τα
473 4242 673 4313 κακῶς
725 4238 972 4302 ἀκούειν.
1060 4238 1348 4322 Regium
1405 4245 1503 4304 est
1558 4236 2067 4301 benefacientem
2125 4234 2291 4298 male

354 4324 587 4391 audire.
693 4325 885 4406 Quod
941 4337 1252 4406 sequutus
1312 4325 1657 4407 Augustus
1708 4324 2027 4405 patienter
2085 4319 2293 4385 audiit

353 4410 665 4476 loedorias
709 4420 775 4475 et
817 4419 1172 4475 scommata
1192 4430 1357 4491 quae
1389 4409 1457 4473 in
1495 4430 1562 4472 se
1598 4407 2028 4472 iactabantur:
2067 4428 2292 4490 quem-

354 4497 699 4563 admodum
770 4498 965 4561 etiam
1039 4497 1271 4561 recitat
1336 4494 1709 4560 Macrobius
1777 4494 1942 4558 libro
2009 4491 2098 4557 Π.
2170 4491 2293 4557 Sa-

353 4584 728 4648 turnalium.
820 4583 956 4646 Nos
993 4603 1198 4664 pauca
1240 4581 1673 4647 subiiciemus.
1765 4578 1991 4660 Quum
2035 4578 2293 4642 adules-

353 4677 604 4734 centem
647 4668 1118 4751 provincialem
1153 4667 1274 4732 sibi
1319 4666 1727 4730 simillimum
1774 4687 1887 4748 per
1932 4665 2159 4729 iocum·
2192 4666 2292 4728 in-

352 4764 765 4839 terrogasset,
812 4776 894 4819 an
942 4764 1150 4818 mater
1194 4774 1312 4818 sua
1347 4752 1693 4835 aliquando
1748 4751 1998 4815 Romae
2043 4750 2290 4828 fuisset,

354 4842 619 4925 negavit
638 4841 748 4904 ille
774 4862 786 4904 :
810 4862 929 4904 nec
964 4850 1311 4905 contentus
1347 4837 1601 4916 adiecit,
1639 4848 1826 4921 pater
1861 4856 2047 4901 meus
2081 4856 2289 4918 saepe.

354 4927 441 4991 Et
461 4927 671 4993 Pollio
694 4948 897 5009 quum
936 4927 1004 4989 in
1045 4946 1195 4989 eum
1232 4925 1672 4990 Fescenninos
1709 4927 2053 5007 Augustus
2089 4923 2292 5005 scrip-

488 5219 545 5284 l)
598 5217 930 5272 Sententiam
974 5217 1117 5270 hanc
1149 5213 1308 5267 hodie
1340 5216 1418 5266 sic
1452 5227 1761 5279 expressam
1796 5215 2048 5282 loquutus:
2092 5215 2290 5268 Contu-

321 5325 325 5329 ·
356 5288 563 5342 meliam
598 5303 698 5340 nec
731 5288 991 5354 ingenuus
1028 5285 1136 5338 fert
1168 5299 1269 5338 nec
1304 5283 1459 5336 fortis
1495 5282 1642 5335 facit.

2397 552 2608 630 sisset,
2647 554 2742 618 At
2780 574 2918 636 ego,
2965 555 3199 637 inquit,
3237 562 3438 622 taceo.
3508 555 3657 621 Non
3694 558 3868 622 enim
3913 566 4013 623 est
4044 559 4231 625 facile
4273 560 4350 624 in

2397 658 2548 702 eum
2586 640 2886 717 scribere,
2932 640 3042 722 qui
3089 649 3303 722 potest
3345 644 3760 723 proscribere.
3852 644 4005 708 Alia
4047 644 4342 711 eiusdem

2397 725 2657 872 generis
2700 726 2852 790 vide
2901 726 3074 807 apud
3130 726 3536 792 Macrobium
3593 738 3660 792 et
3713 726 4031 795 Senecam
4085 731 4158 795 in
4210 731 4336 795 III.

2437 829 2480 906 ρ
2533 810 2661 874 Ira.
2751 811 2903 892 Ipse
2955 812 3305 895 Augustus
3358 813 3629 895 epistola
3672 814 3950 896 quadam
4008 815 4088 879 ad
4150 816 4340 882 Tibe-

2397 915 2600 958 rium:
2647 895 2800 959 Noli
2830 896 2879 977 ¹)
2924 898 3204 961 nimium
3246 898 3581 981 indignari
3623 921 3989 982 quenquam
4034 923 4177 965 esse
4230 903 4341 985 qui

2397 977 2479 1044 de
2522 1001 2629 1045 me
2671 980 2842 1045 male
2886 981 3204 1065 loquatur.
3294 982 3475 1050 Satis
3517 993 3620 1049 est
3663 986 3838 1050 enim
3875 986 3929 1050 si
3976 987 4097 1061 hoc
4145 987 4338 1052 habe·

2399 1086 2568 1145 mus,
2616 1088 2701 1130 ne
2745 1068 2891 1148 quis
2932 1068 3121 1131 nobis
3166 1069 3547 1135 malefacere
3581 1072 3804 1154 possit.
4097 1082 4102 1099 ’

2576 1152 2974 1233 quoscunque
3007 1152 3076 1216 ob
3111 1153 3491 1219 adulterium
3521 1157 3811 1237 familiae
3853 1155 4033 1243 suae]
4093 1158 4338 1223 Notum

2395 1252 2496 1302 est
2538 1237 2743 1302 Iulias
2785 1238 2989 1302 filiam
3031 1248 3099 1302 et
3155 1249 3413 1322 neptem
3475 1240 3740 1306 domum
3791 1243 4075 1326 Augusti
4130 1244 4340 1308 omni·

2396 1323 2521 1388 bus
2559 1323 2813 1405 probris
2848 1324 3342 1401 contaminasse,
3380 1327 3461 1391 ob
3497 1327 3692 1409 idque
3739 1327 4077 1410 relegatas,
4169 1328 4338 1392 Vide

2398 1408 2858 1492 Tranquillum
2906 1417 2971 1472 et
3018 1407 3336 1476 Senecam
3392 1410 3499 1476 lib.
3546 1412 3667 1476 VI.
3726 1412 3806 1476 de
3848 1414 4222 1491 Beneficiis,
4272 1423 4340 1480 et

2396 1494 2691 1558 Plinium
2726 1494 2832 1558 lib.
2870 1494 3062 1561 XXI.
3155 1496 3256 1560 De
3292 1496 3371 1560 iis
3413 1497 3620 1579 igitur
3659 1521 3837 1564 nunc
3880 1500 4169 1581 loquitur
4214 1501 4335 1565 Se-

2396 1601 2586 1659 neca,
2642 1581 2754 1663 qui
2807 1580 3350 1647 consuetudinem
3396 1583 3711 1648 haberent
3757 1586 3966 1666 stupri
4012 1607 4161 1649 cum
4199 1585 4337 1651 filia

2397 1674 2461 1729 et
2517 1675 2742 1748 nepte,
2789 1674 2905 1730 aut
2947 1667 3058 1748 qui
3102 1668 3341 1733 conscii
3386 1677 3604 1734 essent
3647 1669 4142 1734 adulteriorum:
4192 1671 4335 1751 qui-

2398 1750 2666 1817 buscum
2710 1752 2934 1816 mitius
2976 1760 3195 1816 actum
3254 1774 3395 1818 esse
3438 1752 3623 1831 dicit,
3671 1755 3842 1836 quod
3889 1756 3966 1819 de
4014 1755 4335 1820 damnatis

2393 1859 2525 1902 non
2573 1842 2719 1917 [pag.
2749 1842 2854 1915 77]
2898 1847 2998 1902 est
3042 1849 3379 1920 sumptum
3429 1839 3736 1907 ultimum
3771 1841 4176 1923 supplicium,
4224 1841 4336 1905 sed

2393 1923 2622 1988 exsilio
2661 1930 2913 1987 tantum
2950 1924 3243 1988 mulctati
3279 1932 3459 1989 sunt:
3500 1927 3657 2006 quin
3694 1926 3890 1989 etiam
3926 1928 4202 2008 acceptis
4239 1926 4335 1990 di-

2393 2008 2785 2090 plomatibus
2820 2009 3072 2073 dimissi
3104 2024 3276 2073 sunt.
3349 2010 3483 2075 Nee
3516 2020 3736 2075 tamen
3773 2033 4004 2075 verum
4040 2023 4140 2075 est
4176 2012 4336 2076 adeo

2392 2095 2749 2160 clementer
2792 2103 3104 2159 tractatos
3150 2096 3230 2161 ab
3276 2098 3607 2179 Auguste,
3654 2118 3847 2179 quam
3895 2097 4000 2161 hic
4057 2098 4339 2162 affirmat

2394 2179 2666 2246 Seneca.
2755 2179 3093 2262 Siquidem
3136 2180 3436 2246 nonnulli
3472 2181 3702 2247 ultimo
3739 2183 4052 2264 supplicio
4090 2183 4333 2248 affecti:

2393 2267 2567 2331 inter
2620 2288 2779 2348 quos
2835 2266 3048 2330 Iulius
3103 2267 3449 2331 Antonius.
3554 2266 3722 2331 Vide
3780 2268 3981 2331 Tacit.
4039 2267 4145 2332 lib.
4215 2267 4334 2333 IV.

2393 2350 2589 2432 Quod
2633 2353 2738 2416 hic
2779 2353 3098 2418 Erasmus
3143 2352 3397 2417 divinat
3441 2352 3790 2436 legendum
3830 2354 4032 2433 filiae,
4090 2353 4338 2417 nullius

2392 2447 2495 2502 est
2538 2439 2867 2503 momenti.

3129 2728 3431 2794 CAPUT
3478 2730 3599 2794 XI.

2565 2863 2739 2928 Haec
2772 2864 3104 2947 Auyustus
3137 2886 3341 2942 senex,
3388 2871 3498 2929 aut
3539 2866 3670 2929 iam
3714 2867 3782 2929 in
3828 2870 4190 2931 senectutem
4226 2888 4337 2931 an-

2391 2952 2494 3015 nis
2527 2950 2929 3034 veryentibus.
2991 2949 3073 3014 In
3108 2950 3517 3017 adolescentia
3553 2952 3765 3029 caluit,
3802 2954 3964 3016 arsit
3987 2952 4107 3029 ira,
4141 2952 4339 3016 multa

2389 3038 2535 3121 fecit
2549 3088 2564 3116 ‚
2609 3037 2695 3103 ad
2738 3058 2895 3117 quae
2940 3038 3176 3101 invitus
3218 3038 3421 3102 oculos
3464 3037 3868 3119 retorquebat.
3962 3037 4340 3119 Comparare

2393 3144 2567 3187 nemo
2627 3123 3096 3187 mansuetudini
3157 3128 3301 3187 tuae
3365 3122 3616 3188 audebit
3682 3123 3899 3189 divum
3957 3125 4337 3206 Auyustum,

2394 3210 2581 3273 etiam
2604 3211 2612 3222 '
2639 3211 2696 3274 si
2751 3209 2820 3271 in
2863 3213 3165 3272 certamen
3209 3210 3580 3274 iuvenilium
3632 3230 3952 3273 armorum
4008 3209 4340 3274 deduxerit

2392 3300 2761 3359 senectutem
2794 3295 3136 3375 plusquam
3178 3299 3509 3358 maturam.
3600 3298 3826 3359 Fuerit
3877 3295 4232 3359 moderatus
4288 3300 4341 3358 et

2394 3382 2669 3446 clemens.
2762 3380 3000 3460 Nempe
3045 3385 3190 3461 post
3236 3380 3570 3445 Actiacum
3612 3402 3787 3446 mare
3831 3401 4086 3446 romano
4128 3401 4341 3445 cruore
4386 3454 4394 3462 ,

2394 3467 2701 3548 infectum.
2797 3466 3033 3547 Nempe
3077 3472 3224 3546 post
3270 3467 3516 3548 fractas
3570 3468 3638 3530 in
3694 3465 3921 3532 Sicilia
3979 3467 4202 3532 classes
4218 3517 4232 3544 ‚
4288 3471 4343 3532 et

2391 3572 2565 3629 suas,
2611 3556 2664 3616 et
2706 3552 2966 3616 alienas.
3062 3552 3297 3633 Nempe
3332 3558 3471 3632 post
3511 3553 3864 3617 Perusinas
3896 3573 4067 3628 aras,
4114 3558 4167 3617 et
4189 3573 4340 3634 pro-

2391 3638 2770 3717 scriptiones.
2837 3637 2974 3720 Eyo
3009 3658 3148 3702 vero
3184 3638 3569 3704 clementiam
3603 3660 3723 3702 non
3761 3658 3897 3703 voco
3931 3638 4166 3702 lassam
4203 3659 4343 3703 cru-

2390 3724 2717 3789 delitatem.
2813 3722 2980 3788 Haec
3023 3727 3127 3801 est,
3178 3721 3428 3800 Caesar,
3484 3725 3803 3789 clemffltia
3837 3745 3999 3801 vera,
4044 3744 4233 3804 quam
4273 3729 4342 3809 tu

2383 3813 2696 3890 praestas,
2741 3830 2898 3889 quae
2940 3828 3062 3872 non
3095 3806 3392 3876 saevitiae
3424 3811 3809 3888 poenitentia
3853 3810 4059 3888 coepit,
4098 3809 4341 3873 nullam

2391 3894 2614 3959 habere
2655 3894 2978 3973 maculam,
3023 3914 3344 3975 nunquam
3384 3895 3626 3959 civilem
3667 3896 4033 3977 sanquinem
4074 3895 4339 3975 fudisse.

2398 3980 2572 4045 Haec
2613 3986 2701 4044 est
2738 3982 2808 4043 iu
2842 3980 3125 4044 maxima
3154 3984 3451 4058 potestate
3494 3981 3825 4046 verissima
3868 3981 4072 4043 ani-mi
4125 3985 4334 4060 tempe-

2394 4067 2626 4145 rantia,
2673 4071 2728 4129 et
2771 4066 3032 4130 humani
3085 4067 3334 4148 yeneris
3376 4065 3938 4144 comprehensibilis
3975 4086 4176 4143 amor,
4221 4087 4343 4130 non

2394 4152 2729 4232 cupiditate
2767 4152 3012 4232 aliqua,
3072 4172 3192 4216 non
3242 4153 3576 4215 temeritate
3620 4152 3880 4215 incendi.
3978 4151 4121 4215 Non
4161 4153 4340 4233 prio-

2394 4257 2538 4302 rum
2573 4239 2939 4320 principum
2991 4238 3287 4318 exemplis
3330 4239 3640 4318 corruptis
3657 4287 3671 4315 ,
3727 4241 4028 4317 quantum
4071 4239 4139 4301 in
4182 4239 4344 4302 cives

2395 4344 2541 4388 suos
2583 4325 2778 4403 liceat,
2823 4323 3189 4407 experiendo
3229 4328 3495 4387 tentare:
3541 4323 3649 4387 sed
3682 4322 3957 4387 hebetare
3993 4324 4187 4387 aciem
4225 4324 4341 4386 im-

2384 4410 2563 4491 perii
2602 4411 2721 4474 sui.
2815 4409 3224 4487 Praestitisti,
3291 4406 3540 4486 Caesar,
3592 4409 3898 4474 civitatem
3940 4410 4341 4487 incruentam,

2397 4502 2453 4560 et
2493 4496 2623 4572 hoc,
2669 4497 2832 4577 quod
2874 4516 3097 4579 may-no
3139 4495 3347 4558 animo
3385 4494 3694 4576 yloriatus
3738 4515 3819 4573 es,
3865 4495 4104 4559 nullam
4137 4501 4189 4559 te
4225 4499 4340 4557 toto

2398 4582 2539 4646 orbe
2587 4582 2822 4646 stilla-m
2866 4582 3109 4648 cruoris
3161 4579 3421 4643 humani
3476 4581 3753 4644 misisse:
3807 4582 3969 4660 quod
4024 4601 4089 4644 eo
4132 4580 4344 4643 maius

2397 4673 2485 4732 est
2540 4669 3042 4749 mirabiliusque,
3096 4666 3259 4747 quod
3311 4666 3470 4730 nulli
3523 4686 3799 4746 unquam
3850 4668 4036 4730 citius
4087 4665 4343 4749 yladius

2394 4755 2759 4820 commissus
2801 4759 2903 4817 est.
2976 4752 3312 4816 Clementia
3350 4772 3491 4834 erqo
3527 4773 3648 4816 non
3684 4758 3923 4815 tantum
3956 4752 4339 4827 honestiore-5,

2397 4841 2504 4904 sed
2560 4841 2815 4904 tutiores
2855 4843 3156 4918 praestat.
3267 4837 3714 4902 Ornamentum
3779 4839 4187 4916 imperiorum
4254 4842 4346 4901 est

2396 4926 2618 5004 simul,
2678 4931 2734 4989 et
2778 4925 3124 4988 certissm
3167 4924 3299 4989 lux.
3396 4923 3561 5003 Quid
3603 4925 3770 4988 enim
3811 4929 3899 4988 est
3939 4944 4131 5003 quum
4173 4942 4346 5005 reyes

2396 5011 2837 5089 consenuerint,
2883 5010 3217 5092 liberisque
3251 5031 3322 5074 ac
3358 5009 3674 5089 nepotibus
3716 5008 4092 5074 tradiderint
4131 5029 4345 5092 reqna,

2755 5176 2802 5184 -

2539 5285 2595 5351 1)
2637 5285 2745 5338 Ed.
2783 5255 2981 5339 Amet..-
3015 5283 3152 5339 Nou.
