5100 6061
2074 360 2729 429 PROLEGOMEN
2729 365 2812 430 A.
3313 430 3318 451 ,
4151 368 4484 440 XXXIII

752 551 1109 616 Caeterum
1154 548 1233 614 ‹le
1290 550 1759 614 commentario
1802 549 1947 633 ipso
1992 549 2260 632 eiusque
2313 550 2535 617 indole
2580 574 2713 617 non
2765 560 2869 618 est
2907 552 3080 636 quod
3123 553 3247 620 hoc
3285 553 3426 620 loco
3489 556 3698 623 fusius
3738 557 4051 626 dicamus.
4138 559 4287 625 Iam
4329 583 4474 627 mo-

438 665 705 731 nuimus
749 684 902 728 eum
943 662 1152 745 magis
1197 659 1454 726 dicendi
1499 660 1796 726 formulis
1840 660 2244 744 explicandis
2288 660 2580 742 studere,
2628 662 2862 746 quibus
2907 661 3165 731 Seneca
3205 667 3452 749 passim
3494 667 3934 750 peculiaribus
3978 678 4046 736 et
4085 672 4307 738 minus
4349 674 4468 738 tri-

442 780 527 844 tis
570 797 730 841 usus
774 780 904 854 est,
961 795 1160 857 quam
1202 772 1329 855 ipsi
1373 771 1522 837 libri
1599 783 1992 857 argumento
2036 773 2397 839 tractando.
2490 772 2678 855 Quas
2719 782 2941 841 tamen
2989 791 3213 859 partes
3268 799 3398 843 non
3440 778 3638 862 plane
3681 780 3986 866 negligit,
4042 783 4176 848 imo
4219 784 4466 867 passim

438 890 521 954 iis
563 887 943 971 diligentius
1010 885 1273 951 insistit.
1364 883 1645 953 Griticas
1713 903 1869 951 vcro
1915 886 2359 968 quaestioneS,
2406 907 2569 969 quas
2616 885 2919 951 hodierni
2976 895 3520 955 commentatores
3574 893 3863 958 maxime
3906 902 4142 958 curant
4196 894 4465 961 omnino

434 1000 753 1085 praeterit
764 1023 782 1080 ;
829 998 909 1063 de
946 997 1247 1075 editione,
1292 1018 1457 1081 quae
1490 996 1618 1079 ipsi
1661 1003 1919 1063 textum
1943 996 2406 1081 suppeditavit,
2452 1018 2538 1062 ne
2577 997 2857 1064 verbum
2893 997 3154 1081 quidem
3192 1000 3384 1084 dicit3
3429 999 3510 1067 de
3552 1004 3967 1070 emendanda
4010 985 4093 1071 ex
4138 1005 4467 1073 codicibus

434 1112 715 1182 lectione
770 1132 1110 1193 nunquam
1152 1109 1426 1194 cogitat;
1470 1108 1587 1175 vix
1632 1109 1831 1173 semel
1891 1117 2007 1173 aut
2047 1110 2289 1174 iterum
2333 1109 2662 1176 variatam
2706 1109 3051 1194 significat.
3111 1111 3336 1177 Pauca
3380 1121 3540 1178 sunt
3584 1136 3750 1196 quae
3794 1116 3880 1181 ad
3924 1116 4073 1183 libri
4119 1117 4466 1184 historiam

434 1221 902 1290 illustrandam
946 1245 1029 1288 ex
1066 1221 1375 1288 thesauro
1400 1220 1664 1286 Calvini
1700 1220 2030 1304 epistolico
2067 1221 2197 1286 huc
2238 1220 2476 1286 afferre
2518 1242 2885 1304 possumus,
2934 1227 3128 1304 atque
3171 1222 3241 1287 id
3285 1225 3486 1289 semel
3531 1224 3778 1293 dixisse
3823 1229 4109 1296 sufficiat
4141 1229 4465 1296 Nostrum

436 1337 772 1402 rarissime
814 1335 887 1399 in
930 1334 1140 1400 literis
1182 1333 1266 1398 ad
1321 1333 1564 1399 amicos
1610 1332 1780 1398 datis
1836 1332 1917 1396 de
1960 1333 2098 1398 suis
2154 1332 2359 1417 ipsius
2404 1331 2593 1399 libris
2636 1333 2748 1398 vel
2801 1332 3163 1400 scribendis
3207 1334 3315 1400 vel
3347 1335 3536 1402 editis
3571 1338 3778 1404 verba
3819 1340 4063 1420 facere,
4122 1361 4334 1424 neque
4378 1341 4462 1407 ab

437 1448 685 1513 exteris
701 1500 717 1527 ,
775 1447 971 1513 simili
1020 1447 1359 1512 occasione
1404 1444 1652 1519 oblata,
1712 1443 1974 1510 eosdem
2019 1444 2113 1509 ita
2155 1446 2533 1539 frequenter
2586 1444 2843 1510 laudari
2888 1451 2963 1510 ut
3005 1444 3157 1510 inde
3216 1467 3384 1528 quae
3427 1445 3509 1511 ad
3568 1470 3796 1514 eorum
3837 1451 4160 1535 originem
4215 1460 4281 1518 et
4321 1453 4459 1518 fata

435 1561 775 1647 pertinent
827 1559 1193 1625 accuratius
1247 1555 1494 1621 discere
1552 1577 1770 1638 queas.
1862 1555 2059 1637 Quod
2113 1556 2195 1621 ad
2239 1556 2359 1621 hos
2413 1557 2483 1621 in
2541 1554 2868 1622 Senecam
2906 1557 3413 1622 commentarios
3469 1561 3731 1638 attinet,
3789 1582 4019 1628 eorum
4072 1564 4210 1646 ipse
4268 1570 4464 1630 autor

432 1672 739 1755 meminit
792 1672 864 1735 in
905 1669 1155 1735 duabus
1212 1667 1421 1733 literis
1465 1665 1546 1731 ad
1600 1668 2035 1733 Franciscum
2076 1667 2425 1733 Danielem
2486 1668 3004 1735 iureconsultum
3051 1667 3568 1736 aurelianensem
3626 1669 3813 1738 datis.
3913 1673 3995 1738 In
4049 1672 4268 1758 priore
4323 1676 4463 1759 epi-

433 1783 610 1849 stola
629 1783 909 1848 Parisiis
934 1805 990 1847 a.
1017 1781 1075 1845 d.
1124 1781 1209 1845 X.
1239 1779 1377 1845 Cal.
1403 1779 1618 1845 Maias
1655 1779 1853 1863 (citra
1879 1778 2151 1844 dubium
2185 1779 2343 1844 anni
2374 1780 2568 1864 1532)
2607 1786 2877 1845 exarata
2913 1781 3008 1845 ita
3035 1779 3352 1863 loquitur:
3416 1781 3697 1846 Tandem
3728 1784 3895 1848 iacta
3929 1790 4020 1849 est
4053 1787 4213 1851 alea.
4267 1785 4464 1852 Exie-

438 1900 591 1961 runt
624 1894 1052 1971 commentarii
1090 1893 1213 1956 mei
1256 1892 1326 1955 in
1343 1890 1536 1955 libros
1562 1890 1826 1955 Senecae
1868 1891 1944 1956 de
1986 1891 2318 1970 clementia,
2346 1893 2455 1957 sed
2494 1893 2654 1957 meis
2697 1892 3065 1973 sumptibus.
3132 1892 3257 1973 Qui
3288 1894 3446 1975 plus
3469 1894 3779 1975 pecuniae
3821 1895 4236 1961 exhauserunt
4268 1918 4460 1980 quam

434 2007 552 2072 tibi
592 2005 976 2088 persuaderi
1017 2005 1241 2088 possit.
1332 2003 1519 2067 Nune
1560 2023 1796 2068 omnem
1839 2023 2093 2085 operam
2146 2003 2224 2068 do
2278 2008 2348 2067 ut
2400 2002 2651 2084 aliquid
2703 2004 3047 2087 colliyatur.
3136 2002 3402 2086 Aliquot
3441 2006 3841 2089 professores
3897 2007 4160 2072 excitavi
4215 2010 4287 2073 in
4340 2008 4459 2076 hac

434 2119 586 2185 urbe
625 2119 736 2199 qui
766 2117 1190 2200 praeleyerent
1231 2116 1301 2179 iu
1342 2113 1582 2179 scholis.
1654 2113 2061 2197 Bituriyibus
2104 2115 2306 2179 amico
2336 2116 2642 2196 persuasi
2683 2118 2755 2179 ut
2794 2118 3145 2197 suyyestum
3189 2116 3606 2182 conscenderet
3646 2117 3734 2183 ad
3763 2117 4089 2199 publicam
4121 2120 4460 2200 professio-

432 2252 593 2297 nem.
688 2229 790 2296 Tu
834 2230 1022 2295 etiam
1064 2228 1225 2294 mih-i
1265 2226 1553 2293 nonnihil
1596 2226 1975 2322 commodare
2005 2227 2262 2307 poteris.
2326 2225 2403 2291 Si
2444 2248 2568 2293 uon
2598 2226 2967 2310 yravaberis
3007 2225 3118 2291 hoc
3159 2226 3342 2291 dabis
3383 2227 3575 2292 veteri
3612 2228 3930 2297 amicitiae
3971 2234 4232 2309 nostrae,
4265 2252 4458 2311 prae-

432 2344 652 2409 sertim
694 2363 889 2424 quum
928 2342 1087 2407 citra
1126 2340 1608 2412 existimationis
1650 2343 1792 2403 tuae
1834 2338 2235 2419 dispendium
2277 2336 2385 2404 hoc
2427 2337 2707 2421 officium
2737 2342 3072 2419 praestare
3126 2337 3297 2404 nobis
3331 2340 3546 2419 possis
3589 2341 3754 2421 quod
3785 2340 4037 2421 publico
4078 2340 4268 2407 etiam
4310 2342 4463 2409 bono

428 2456 594 2540 forte
635 2474 952 2521 cessurmn
993 2455 1093 2519 sit.
1186 2432 1260 2517 Si
1303 2452 1599 2517 statueris
1641 2450 1751 2515 hoc
1789 2470 1890 2513 me
1932 2449 2218 2531 beneficio
2262 2448 2665 2535 obstrinyere,
2706 2451 2952 2515 mittam
2992 2455 3236 2516 centum
3279 2450 3672 2533 exmplaria
3687 2501 3702 2532 ,
3761 2456 3875 2515 aut
3914 2457 4058 2532 quot
4101 2451 4216 2518 tibi
4252 2454 4462 2520 visum

428 2568 645 2650 fuerit.
737 2566 1003 2631 Interim
1046 2564 1195 2629 habe
1224 2558 1343 2631 ¹hoc
1385 2563 1500 2628 tihi
1541 2561 1892 2645 exemplar,
1952 2562 2115 2644 quod
2155 2563 2307 2627 dum
2348 2562 2620 2644 accipis,
2675 2583 2752 2627 ne
2790 2567 2980 2644 putes
3022 2564 3251 2628 dictam
3294 2584 3337 2627 a
3378 2583 3475 2627 me
3519 2563 3633 2628 tibi
3675 2562 3959 2644 aliquam
4002 2563 4204 2646 leyem.
4310 2565 4459 2632 Volo

421 2702 553 2765 per
603 2701 699 2744 me
754 2678 869 2742 tibi
929 2677 1142 2743 omnia
1186 2696 1317 2741 esse
1362 2676 1554 2741 libera
1599 2681 1788 2741 caett.
1878 2674 2123 2740 Exstat
2166 2673 2377 2739 altera
2421 2692 2674 2756 quoque
2718 2673 2802 2738 ad
2848 2672 3132 2739 eundem
3176 2673 3453 2758 epistola
3470 2725 3487 2754 ,
3540 2673 3614 2739 in
3656 2673 3874 2740 codice
3919 2677 4290 2759 genevensi,
4336 2698 4455 2743 an-

434 2813 601 2860 num
648 2794 815 2857 1530
858 2810 1019 2874 prae
1068 2810 1139 2854 se
1183 2789 1400 2854 ferens
1446 2786 1661 2852 aliena
1704 2785 2018 2851 nimirum
2064 2807 2268 2851 manu
2312 2791 2700 2851 annotatum
2717 2836 2732 2864 ,
2789 2805 2988 2868 quam
3031 2792 3256 2850 tamen
3300 2784 3382 2850 ad
3427 2784 3714 2851 eundem
3757 2808 4008 2852 annum
4060 2790 4221 2851 1532
4262 2787 4458 2854 adeo-

426 2927 560 2989 que
618 2902 702 2969 ad
760 2901 1039 2969 eundem
1084 2920 1380 2966 mensem
1429 2899 1673 2964 referre
1719 2917 1853 2964 non
1899 2896 2295 2963 dubitamus.
2387 2897 2472 2962 In
2515 2917 2645 2981 qua
2701 2896 2879 2963 inter
2923 2895 3052 2962 alia
3093 2895 3259 2963 haec
3302 2896 3647 2981 leguntur:
3694 2897 3880 2963 Libri
3927 2880 4198 2964 Seraecae'
4230 2899 4305 2963 de
4345 2901 4461 2964 cle-

426 3018 679 3090 mentia·
716 3008 964 3082 tcmde'm
1020 3012 1233 3079 excusi
1300 3016 1447 3077 sunt
1499 3012 1657 3077 meis
1718 3009 2066 3093 sumptibus
2119 3015 2174 3077 et
2226 3032 2366 3076 mea
2428 3029 2634 3092 opera.
2727 3008 2915 3075 Nunc
2970 3008 3322 3076 curandum
3365 3014 3433 3072 ut
3490 3008 3767 3091 undique
3807 3009 4140 3094 colliqatur
4172 3012 4451 3093 pecunia

425 3150 592 3214 quae
644 3129 716 3194 in
757 3131 1045 3209 sumptus
1087 3127 1375 3207 impensa
1419 3125 1536 3203 est,
1589 3123 1811 3189 deinde
1864 3128 1936 3188 ut
1988 3122 2171 3189 salva
2227 3123 2314 3187 sit
2376 3143 2518 3187 mea
2574 3121 2966 3188 existimatio.
3061 3120 3354 3186 Primum
3426 3119 3610 3187 velim
3654 3120 3813 3185 mihi
3863 3127 3934 3186 ut
3974 3119 4288 3187 rescribas
4329 3144 4450 3204 quo

428 3239 645 3326 fa‘vore
686 3240 785 3306 vel
821 3239 1059 3323 frigore
1103 3237 1335 3319 excepti
1375 3235 1642 3318 fuerint,
1699 3240 1830 3299 tum
1874 3239 1943 3300 ut
1985 3218 2393 3300 Landrioium
2435 3235 2706 3299 inducas
2747 3234 2817 3299 in
2848 3234 3342 3316 praelectionem.
3433 3232 3626 3298 Mitto
3669 3233 3758 3298 ad
3795 3239 3852 3298 te
3893 3253 4089 3298 unum
4132 3234 4454 3315 exemplar

425 3354 597 3437 quod
625 3374 820 3436 penes
858 3357 914 3416 te
954 3355 1219 3417 maneat.
1306 3348 1469 3415 Alia
1511 3347 1781 3429 quinque
1824 3347 2071 3412 curabis
2116 3347 2416 3412 mittenda
2457 3345 2789 3430 Bituriyes
2829 3354 3021 3414 caett.
3104 3344 3281 3412 Sunt
3320 3347 3393 3410 in
3435 3345 3541 3411 his
3590 3343 3884 3429 epistolis
3918 3343 4238 3428 quaedam
4281 3368 4450 3429 quae

428 3475 502 3532 et
543 3465 690 3549 ipsa
732 3465 1199 3532 commentario
1244 3482 1407 3544 opus
1451 3458 1715 3538 habent,
1763 3480 1974 3542 neque
2017 3449 2205 3524 facile
2248 3458 2663 3542 perspexeris
2701 3478 2868 3541 quae
2913 3458 3001 3524 sit
3043 3457 3316 3524 alterius
3362 3459 3528 3524 ratio
3573 3456 3657 3523 ad
3702 3453 3995 3523 alteram.
4068 3456 4324 3524 Verum
4371 3458 4454 3524 de

425 3577 535 3645 his
577 3578 902 3644 disserere
956 3576 1157 3643 huius
1204 3576 1327 3641 loci
1374 3597 1509 3641 non
1552 3580 1680 3652 est,
1738 3593 1943 3654 quum
1998 3569 2082 3636 ad
2122 3579 2422 3636 nostram
2476 3592 2618 3635 rem
2657 3590 2795 3634 non
2846 3571 3107 3636 faciant.
3200 3568 3495 3635 Tertiam
3538 3589 3697 3636 vero
3742 3569 4116 3653 epistolam,
4176 3590 4453 3655 eamque

427 3689 903 3757 dedicatoriam
944 3689 1122 3754 infra
1162 3690 1488 3773 integram
1533 3682 1746 3751 textui
1789 3684 2151 3764 praefixam
2197 3681 2487 3749 habebis.

738 3801 1093 3885 Pergimus
1138 3800 1221 3866 ad
1258 3800 1556 3866 libellum
1601 3798 1817 3880 ipsum
1854 3793 2223 3860 accuratius
2263 3792 2783 3860 describendum.
2875 3792 3137 3857 Titulus
3183 3793 3244 3858 ei
3284 3791 3394 3859 hic
3438 3799 3567 3858 est:

739 3901 840 3983 L,
916 3897 1309 3983 ANNEI
1383 3900 1573 3984 SE-
1607 3897 1615 4013 Ι
1646 3905 1977 3985 NEOAE,
2023 3903 2399 3972 ROMANI
2445 3898 3040 3988 SENA'ro-1ms,
3084 3912 3178 3967 Ac
3212 3913 3648 3969 PHILOSOPm
3685 3893 4223 4000 eLAmss1-‘lmi,
4256 3892 4455 3994 libri

431 4035 600 4117 duo
646 4032 754 4115 de
799 4030 1272 4135 clementia,
1329 4031 1437 4113 ad
1480 4030 1566 4112 N
1568 4062 1658 4113 e-
1685 4028 1691 4144 J
1716 4060 2010 4124 ronem
2054 4030 2541 4115 Gaesarem:
2600 4027 2612 4133 Ι
2665 4043 2936 4108 Ioannis
2962 4040 3227 4109 Caluini
3252 4040 3709 4107 Nouiodunaei
3746 4041 4233 4108 commentariis
4267 4042 4457 4109 illus-

428 4157 604 4222 trati.
658 4159 670 4240 Ι
728 4163 1043 4232 (Emblema
1062 4161 1391 4229 testudinis.)
1432 4154 1442 4240 Ι
1482 4164 1737 4220 TECVM
1788 4166 2082 4221 HABITA.
2138 4164 2147 4232 Ι
2194 4156 2472 4221 Parisiis
2528 4153 2704 4237 apud
2750 4153 3171 4219 Ludouicum
3215 4152 3561 4238 Cyaneum
3613 4152 3734 4218 sub
3773 4154 3782 4236 Ι
3821 4151 4071 4219 duobus
4113 4153 4329 4221 Gallis
4378 4155 4454 4221 in

426 4271 539 4337 via
578 4267 911 4335 Iacobaou.
952 4267 964 4351 Ι
1009 4268 1190 4330 1532.

741 4358 1043 4459 Quatuor
1097 4385 1251 4442 sunt
1303 4377 1457 4442 folia
1509 4379 2002 4461 praeliminaria
2059 4400 2334 4462 quorum
2400 4378 2689 4462 primum
2733 4377 3034 4458 titulum,
3092 4376 3219 4443 duo
3277 4377 3616 4460 sequentia
3674 4377 3921 4442 autoris
3977 4378 4447 4460 praefationem

427 4494 513 4559 ad
560 4490 917 4560 Claudium
949 4489 1415 4573 Hangestium,
1460 4489 1764 4557 abbatem
1809 4489 1878 4557 S.
1907 4492 2112 4576 Eligii
2154 4491 2219 4557 N
2221 4488 2714 4569 oviodunensis,
2759 4490 3038 4556 Parisiis
3080 4490 3291 4572 pridie
3335 4489 3560 4554 Nonas
3608 4489 3875 4572 Apriles
3929 4493 4088 4552 1532
4136 4491 4451 4571 scriptam

424 4607 786 4681 continent,
833 4601 1143 4666 ultimum
1188 4601 1392 4666 vitam
1416 4599 1706 4667 Senecae
1750 4611 2032 4682 enarrat,
2080 4623 2277 4688 quam
2301 4601 2626 4668 eir-bonis
2671 4602 3012 4667 autoribus
3052 4623 3123 4666 se
3169 4601 3609 4684 desumpsisse
3655 4608 3844 4666 autor
3887 4603 4134 4667 asserit.
4194 4601 4447 4665 'I'extus

426 4728 589 4784 sunt
631 4714 936 4800 plagulae
972 4713 1211 4798 viginti
1252 4714 1324 4777 in
1366 4714 2039 4806 forma-quaternaria
2079 4715 2331 4779 minori¹
2371 4693 2632 4798 (ει-ἒν),
2680 4714 2961 4798 paginae
3004 4721 3387 4779 numeratae
3438 4717 3577 4793 157,
3626 4722 3759 4778 tres
3805 4713 4097 4796 reliquae
4137 4711 4211 4774 in
4255 4710 4445 4777 albis.

422 4830 512 4896 In
568 4831 700 4895 fine
756 4826 1027 4910 legitur:
1072 4827 1344 4891 Parisiis
1401 4848 1485 4892 ex
1538 4828 1800 4894 officina
1852 4827 2396 4912 chalcographica
2452 4825 2781 4891 Ludovici
2825 4825 3108 4911 Cyanei,
3165 4844 3339 4888 anno
3397 4825 3634 4890 salutis
3690 4831 3950 4891 nostrae
3992 4820 4445 4901 MDXXXII,

423 4962 654 5008 mense
695 4939 926 5023 Aprili.
1015 4938 1141 5004 Oui
1185 4934 1647 5022 subscriptioni
1691 4938 2034 5006 subiicitur
2078 4941 2627 5023 paucissimorum
2670 4951 3035 5003 erratorum
3079 4938 3454 5021 recognitio.
3532 4935 3825 5004 Senecae
3871 4942 4131 4999 textum
4174 4933 4258 5000 ad
4301 4934 4441 5000 edi-

426 5055 679 5118 tionem
718 5051 984 5118 Erasmi
1027 5049 1402 5130 secundam,
1447 5071 1620 5116 anno
1671 5057 1832 5116 1529
1879 5053 2181 5118 Basileae
2225 5051 2399 5135 apud
2439 5051 2842 5131 Frobenium
2886 5056 2954 5114 et
2995 5049 3414 5134 Hervagium
3455 5050 3863 5131 impressam,
3910 5044 4294 5128 simpliciter
4336 5067 4444 5111 re-

426 5161 665 5231 cusum
707 5163 918 5227 ‘fuisse
972 5162 1399 5246 cognovimus
1462 5162 1807 5230 collatione
1858 5165 2151 5247 plurium
2208 5164 2506 5230 locorum
2562 5168 2629 5226 et
2678 5159 3038 5226 editionum
3094 5161 3417 5227 instituta.
3506 5161 3713 5246 Typis
3767 5157 3880 5223 ille
3923 5157 4120 5241 paulo
4178 5158 4441 5223 maiori-

428 5277 553 5342 bus
596 5283 904 5339 exaratus
938 5259 1196 5357 legitur,
1240 5274 1424 5339 cuius
1460 5274 1739 5358 singulis
1783 5277 2107 5360 capitibus
2142 5276 2406 5346 calvini
2441 5273 2949 5341 commentarius
2985 5275 3238 5339 minore
3277 5273 3656 5339 charactere
3691 5268 4039 5336 distinctus
4077 5268 4436 5336 subiicitur.

640 5374 861 5433 dalmi
884 5390 1068 5446 opera.
1151 5375 1265 5433 Vol.
1312 5377 1373 5433 V.
3980 5373 4028 5427 Ε
