5100 6061
325 1278 929 1377 OMNIBUS
1031 1277 1570 1377 CHRISTI
1684 1275 2589 1376 EVANGELIUM
2683 1279 3405 1382 RELIGIOSE
3507 1284 4337 1388 COLENTIBUS

492 1446 922 1513 MINISTRI
967 1444 1564 1514 GENEVENSIS
1608 1443 2131 1513 EOOLESIAE
2170 1445 2606 1512 GRATIAM
2650 1448 2770 1512 ET
2813 1449 3154 1526 PAOEM,
3198 1450 3712 1533 VERAEQUE
3757 1454 4188 1521 PIETATIS

1409 1565 2102 1632 INGREMENTUM
2144 1568 2208 1630 A
2251 1562 2629 1633 DOMINO
2672 1568 3255 1635 PREOANTUR.

495 1738 601 1804 Ne
645 1739 791 1823 quis
835 1739 1076 1805 eximia
1121 1738 1527 1805 Oatechismi
1571 1737 1770 1802 huius
1814 1739 2021 1803 nostri
2066 1738 2278 1822 elogia

322 1762 687 1910 exspectetq
719 1824 921 1891 talem
964 1846 1106 1891 esse
1150 1825 1430 1892 libenter
1454 1825 1861 1902 confitemur,
1907 1832 1981 1888 ut
2021 1823 2280 1889 consul-

322 1911 456 1977 tius
498 1912 801 1977 futurum
841 1912 1043 1977 fuisse
1090 1911 1297 1977 videri
1339 1913 1504 1977 forte
1542 1910 1880 1975 nonnullis
1918 1919 2134 1992 queat,
2180 1911 2279 1993 ip-

324 2017 472 2064 sum
524 1999 703 2064 intra
756 1997 1066 2064 ecclesiae
1123 2007 1384 2064 nostrae
1451 1998 1617 2062 fines
1661 1995 2011 2075 contineri,
2070 2016 2280 2078 neque

323 2084 519 2149 latius
582 2083 931 2169 invulgari.
1001 2083 1174 2148 Nam
1232 2093 1305 2148 ut
1362 2088 1462 2147 est
1516 2082 1626 2167 pia
1680 2083 1890 2165 magis
1945 2081 2276 2160 facilitate,

322 2190 521 2253 quam
583 2180 778 2237 acuta
821 2170 1213 2253 sublimique
1274 2168 1644 2234 eruditione
1689 2167 2093 2250 conscriptus
2108 2219 2126 2246 ‚
2186 2168 2279 2232 ita

321 2275 549 2320 rarum
583 2256 911 2338 quendam
946 2254 1281 2322 doctrinae
1315 2255 1606 2320 fructum
1640 2253 1793 2319 inde
1823 2254 2043 2338 colligi
2068 2273 2277 2335 posse,

321 2342 712 2425 praesertim
749 2343 925 2408 inter
978 2341 1220 2406 latinos
1279 2341 1611 2419 homines,
1656 2361 1790 2406 non
1833 2339 1994 2405 adeo
2037 2361 2280 2424 magna

322 2448 474 2510 spes
514 2437 634 2493 est.
702 2428 932 2511 Neque
978 2449 1134 2494 sane
1170 2449 1432 2493 eramus
1476 2426 1716 2492 edituri
1731 2479 1746 2505 ,
1791 2426 1921 2490 nisi
1964 2448 2084 2491 nos
2131 2425 2277 2504 alia,

323 2535 522 2597 quam
565 2513 955 2581 industriam
999 2522 1294 2578 nostram
1337 2511 1512 2595 apud
1549 2522 1810 2578 exteras
1853 2523 2086 2596 gentes
2121 2534 2280 2577 ven-

324 2598 597 2680 ditandi,
643 2602 811 2666 ratio
856 2601 1252 2683 impulisset:
1297 2620 1497 2698 quam
1541 2597 1686 2664 ideo
1723 2598 1909 2665 vobis
1953 2619 2279 2681 exponere

322 2686 502 2764 libet,
550 2707 635 2750 ne
678 2687 826 2769 quis
870 2685 1173 2751 editionis
1228 2686 1420 2751 istius
1464 2685 1809 2751 consilium
1849 2706 2033 2750 secus
2077 2685 2279 2748 inter-

2386 1740 2700 1805 consertis
2744 1739 3047 1805 manibus
3090 1761 3240 1806 cum
3276 1741 3407 1806 illis
3450 1741 3834 1809 luctandum
3875 1747 3979 1812 sit.
4059 1746 4140 1812 Id
4173 1769 4334 1832 quo-

2384 1825 2566 1889 niam
2608 1825 2793 1890 nullo
2837 1825 3246 1926 compendio·
3273 1829 3634 1911 promptius
3689 1832 3945 1914 assequi
3988 1854 4177 1915 posse
4220 1855 4338 1899 no-

2384 1910 2482 1976 bis
2507 1911 2913 1990 videbamur,
2962 1934 3160 1996 quam
3195 1914 3251 1977 si
3295 1913 3553 1996 publice
3595 1923 3884 1980 exstaret
3926 1926 4176 1984 certum
4219 1920 4338 1985 811-

2385 1998 2556 2080 quod
2618 1997 2952 2064 doctrinae
2995 2008 3259 2064 nostrae
3304 2000 3664 2083 specimen,
3713 2001 3820 2066 vel
3860 2004 4181 2071 88ι1181188
4220 2024 4336 2089 po-

2385 2084 2514 2149 tius
2536 2082 2922 2163 testificatiO,
2954 2083 3446 2150 Catechismum
3462 2086 3656 2166 hunc,
3724 2088 3793 2152 ui
3823 2089 3934 2153 vul
4065 2090 4336 2156 nostro

2383 2168 2689 2235 idiomate
2745 2170 2996 2236 dudum
3052 2170 3267 2236 editus
3321 2172 3563 2250 fuerat,
3623 2194 3714 2255 pu
3758 2173 3932 2240 lican
3977 2196 4092 2240 um
4136 2178 4334 2241 etiam

2384 2255 2559 2338 apud
2614 2255 2776 2321 alias
2830 2257 3136 2322 ecclesias
3206 2259 3611 2336 censuimus,
3678 2280 3805 2358 quo
3860 2259 4065 2325 veluti
4117 2260 4338 2328 obside

2384 2355 2677 2441 accepte,
2724 2350 2986 2408 nostrae
3030 2364 3255 2409 secum
3293 2344 3555 2409 unionis
3598 2345 3908 2411 certiores
3950 2348 4133 2413 fiant.
4220 2348 4342 2412 Et-

2384 2429 2441 2492 si
2484 2450 2620 2492 non
2654 2427 2994 2512 ambiguas
3030 2450 3185 2494 suae
3230 2450 3388 2514 erga
3431 2450 3552 2494 nos
3594 2430 4091 2499 benevolentiae
4133 2435 4341 2501 since-

2383 2533 2623 2596 raeque
2667 2512 3031 2581 dilectionis
3066 2516 3593 2599 significationes,
3633 2525 3700 2582 et
3741 2519 4189 2601 praebuerunt
4222 2541 4339 2585 an-

2383 2607 2523 2675 tea,
2569 2611 2636 2664 et
2679 2599 2938 2666 assidue
2982 2602 3302 2686 praebent
3346 2601 3765 2669 ecclesiastici
3808 2610 4132 2686 pastores,
4176 2627 4338 2689 quos

2330 2686 2664 2790 pietatis,
2711 2687 3208 2765 sanctimoniae,
3255 2686 3635 2753 eruditionis
3680 2709 3834 2772 ergo
3879 2688 4147 2771 plurimi
4191 2712 4339 2756 aes-

325 2779 646 2854 pretetur,
691 2793 886 2855 quam
930 2772 1190 2836 animus
1235 2780 1458 2838 noster
1503 2772 1743 2836 tulerit.
1792 2769 1983 2851 Quod
2029 2771 2101 2833 in
2144 2771 2280 2851 pri·
2330 2751 2336 2882 Ξ
2384 2773 2708 2837 timamus.
2777 2772 2871 2838 Ut
2906 2781 3217 2857 appareat
3242 2772 3321 2837 de
3358 2773 3691 2858 religionis
3731 2783 3994 2839 nostrae
4029 2777 4338 2875 puritate,

323 2858 448 2922 mis
507 2867 735 2923 nostra
789 2858 1033 2923 referre
1088 2858 1363 2936 8811888,
1424 2866 1498 2921 8ι
1550 2879 1620 2922 88
1662 2866 1896 2921 188ι88
1937 2839 2336 2921 dilectione!

2332 2935 2336 3026 ζ
2387 2943 2629 3009 mentis
2686 2945 2930 3010 centies
2996 2945 3376 3028 consignata
3430 2946 3615 3010 foret.
3705 2942 3795 3010 Se

325 2942 634 3009 ecclesiae
689 2965 917 3010 omnes
963 2942 1510 3044 complectantur,
1553 2964 1686 3007 non
1730 2942 1859 3008 alia
1903 2943 2010 3008 via
2045 2942 2279 3006 melius

2386 2856 2597 2921 nihilo
2654 2857 2873 2923 minus
2918 2880 3142 2924 secure
3182 2879 3324 2923 esse
3368 2880 3737 2942 persuasos,
3838 2880 3990 2924 8818
4034 2862 4087 2926 81
4132 2862 4342 2926 moni-

3893 2968 4014 3011 nec
4070 2947 4166 3010 illi
4220 2948 4340 3012 soli

326 3029 610 3095 obtineri
664 3040 910 3113 potest,
971 3052 1168 3114 quam
1223 3032 1278 3095 si
1321 3028 1496 3095 ultro
1544 3032 1835 3112 citroque
1879 3042 2281 3128 compertam
2334 3032 2338 3075 1
2388 3039 2562 3108 sunt,
2609 3052 2889 3112 quorum
2934 3030 3163 3096 haberi
3208 3032 3527 3096 rationem
3569 3030 3907 3131 convenit:
3956 3042 4030 3097 et
4066 3034 4339 3131 minime

327 3134 399 3182 88
441 3122 752 3182 testatam
789 3116 1077 3182 habeant
1120 3138 1307 3182 suam
1342 3117 1414 3180 in
1437 3117 1722 3183 Domino
1757 3116 2280 3182 consensionem.

327 3223 455 3285 qua
499 3200 689 3267 nobis
732 3203 992 3267 nullum
1038 3209 1256 3266 exstat
1298 3204 1543 3267 arctius
1587 3202 1952 3278 vinculum,
2000 3201 2081 3265 ad
2127 3201 2283 3265 reti·

2387 3082 2759 3182 timendum
2803 3128 2920 3196 est,
2966 3139 3051 3182 88
3095 3117 3365 3182 modum
3406 3116 3529 3183 hac
3574 3118 3643 3182 in
3690 3139 3760 3182 re
3803 3117 4225 3197 excedamus,
4267 3119 4341 3184 in

2388 3225 2518 3285 qua
2554 3202 2721 3267 nihil
2759 3203 3038 3267 nimium
3075 3224 3218 3268 esse
3251 3212 3484 3285 potest.
3541 3203 3749 3269 Porro
3787 3203 4167 3284 doctrinam,
4210 3225 4341 3289 qua

324 3285 610 3352 nendam
648 3290 1017 3353 animorum
1060 3288 1490 3354 concordiam.
1559 3285 1641 3351 Id
1675 3297 1898 3353 autem
1932 3288 1988 3353 si
2025 3287 2340 3385 quando
2389 3288 2645 3372 plebem
2687 3289 2873 3354 nobis
2918 3311 2956 3353 a
3000 3290 3284 3354 Domino
3337 3289 3859 3355 commendatam
3912 3290 4337 3369 instituimus,

324 3374 487 3440 81188
547 3373 951 3441 conducibile
1006 3376 1146 3452 fuit,
1207 3388 1430 3439 nostro
1475 3384 1649 3438 certe
1693 3373 1953 3440 8888818
1999 3373 2284 3438 maxime

327 3468 426 3524 est
486 3462 962 3526 necessarium:
1030 3458 1205 3543 quod
1258 3468 1443 3525 tanta
1495 3460 1818 3524 suffusum
1873 3458 2284 3557 malignitate

325 3546 782 3629 conspicimus,
828 3555 906 3611 ut
951 3569 990 3611 a
1032 3546 1214 3611 falsis
1258 3543 1824 3612 criminationibus
1868 3544 2053 3609 nulla
2094 3546 2282 3610 inno-

326 3633 572 3711 centia,
619 3632 821 3697 nulla
873 3632 1265 3716 simplicitas
1322 3654 1361 3696 a
1414 3632 1890 3713 suspicionibus
1935 3630 2094 3695 satis
2136 3638 2283 3696 tuta

327 3718 430 3783 sit.
488 3716 598 3783 De
635 3717 780 3783 aliis
813 3725 1120 3785 tacemus.
1182 3716 1318 3783 Sed
1354 3739 1472 3783 nos
1507 3717 1633 3800 ipsi
1668 3717 2112 3800 compluribus
2150 3717 2282 3781 iam

326 3804 810 3904 experimentis
843 3805 995 3888 plus
1037 3805 1196 3869 satis
1241 3803 1449 3869 edocti
1495 3825 1756 3881 sumus,
1803 3813 2121 3885 quantum
2169 3801 2280 3867 de-

324 3888 566 3954 latoria
607 3891 937 3973 iniquitas,
984 3913 1118 3955 non
1160 3890 1244 3955 ad
1289 3889 1685 3956 diducendos
1730 3889 1918 3954 modo
1962 3888 2283 3954 bonorum

326 3975 571 4059 alioqui
614 3976 911 4042 virorum
956 3977 1239 4055 animoa,
1296 3975 1412 4042 sed
1456 3976 1760 4041 ecclesias
1803 3995 2057 4058 quoque
2105 3976 2282 4057 ipsas

323 4082 540 4145 paene
583 4062 990 4129 divellendas
1034 4063 1347 4146 proficiat,
1394 4063 1644 4145 quoties
1689 4061 1769 4127 de
1798 4082 1870 4126 re
1915 4082 2046 4125 non
2088 4062 2281 4143 plane

325 4147 671 4230 explorata
715 4148 1014 4214 sinistros
1061 4168 1357 4215 rumores
1400 4169 1709 4232 spargere
1752 4156 1985 4231 potest.
2072 4146 2281 4212 Porro

327 4240 405 4296 ut
447 4253 589 4297 non
642 4242 889 4300 temere
943 4236 1375 4319 restinguitur
1415 4232 1817 4311 incendium,
1875 4231 2046 4316 quod
2088 4234 2283 4317 longe

327 4318 597 4402 lateque
642 4321 776 4385 iam
818 4322 1169 4386 exarserit:
1230 4322 1323 4387 818
1359 4319 1598 4385 ι81111118
1646 4319 1866 4399 malis,
1913 4318 2026 4385 ubi
2077 4319 2279 4385 semel

327 4415 563 4470 exorta
605 4405 868 4485 fuerint,
913 4408 1173 4474 obviam
1215 4407 1312 4472 ire
1357 4406 1545 4472 nobis
1588 4428 1810 4472 serum
1853 4413 1968 4472 est.
2033 4406 2283 4471 Mirum

325 4492 507 4555 enim
564 4499 887 4594 quantum
941 4493 1179 4576 exiguo
1237 4494 1549 4575 temporis
1606 4493 1817 4576 spatio
1885 4502 2109 4575 serpat
2174 4514 2282 4558 ca-

323 4575 733 4643 lumniarum
779 4580 990 4645 virus:
1050 4588 1124 4643 ut
1159 4598 1501 4662 nunquam
1541 4578 1791 4644 mederi
1834 4580 2016 4661 prius
2061 4600 2279 4662 queas,

325 4684 530 4746 quam
574 4664 936 4730 multorum
991 4672 1243 4729 mentes
1293 4665 1606 4731 infecerit.
1675 4666 1820 4729 Iam
1864 4686 2018 4730 vero
2075 4686 2283 4729 reme-

326 4747 518 4814 dium
561 4750 778 4833 ipsum
821 4772 1134 4835 perquam
1182 4751 1445 4816 difficile
1490 4759 1613 4816 est:
1662 4771 1788 4834 quo
1825 4750 2071 4816 scilicet
2115 4752 2284 4816 diffi-

325 4834 554 4915 cilius,
610 4845 901 4902 mentem
957 4837 1241 4902 hominis
1296 4839 1550 4903 vitiosis
1608 4835 2024 4921 opinionibus
2067 4837 2284 4901 imbu-

325 4928 464 4985 tam
503 4943 881 5020 repurgare,
918 4944 1113 5006 quam
1148 4923 1513 5005 inquinare.
1580 4922 1921 5006 Siquidem
1957 4921 2038 4986 ad
2073 4924 2287 5005 prima

324 5006 577 5073 indicia
627 5008 1080 5108 concipienda,
1151 5008 1320 5071 811111
1375 5009 1564 5074 881118
1628 5008 2011 5091 proclivius:
2082 5009 2284 5073 semel

324 5101 633 5175 suscepta
658 5116 793 5159 non
829 5095 961 5161 11181
996 5094 1358 5178 aegerrime
1394 5093 1796 5194 deponimus.
1865 5093 2089 5175 Quum
2130 5114 2286 5178 ergo

325 5180 527 5244 vanis
583 5180 1017 5248 delationibus
1063 5180 1404 5279 aliquoties
1463 5181 1808 5264 exagitati,
1867 5180 2286 5247 didicerimus

319 5264 524 5329 valde
573 5286 713 5332 8888
758 5267 1173 5333 metuendas:
1218 5266 1299 5331 iis
1340 5266 1409 5329 in
1450 5272 1813 5348 posterum,
1861 5266 2072 5349 quoad
2114 5266 2284 5346 licet,

325 5371 570 5415 ansam
611 5353 983 5435 praecidere
1041 5353 1388 5431 malumus,
1434 5372 1630 5435 quam
1672 5360 2080 5435 exspectare:
2130 5352 2285 5417 dum

2334 4724 2338 4741 ,
2388 4665 2634 4731 vident.

2389 3376 2481 3440 sic
2536 3386 2798 3440 sanctae
2855 3376 3118 3441 veritati
3174 3385 3686 3442 consentaneam
3732 3398 3872 3442 esse
3929 3375 4336 3455 confidimus,

2389 3472 2464 3525 ut
2507 3480 2700 3524 nemo
2744 3462 3001 3526 futurus
3035 3463 3121 3527 sit
3164 3463 3441 3544 piorum,
3487 3464 3597 3545 qui
3640 3483 3775 3527 non
3810 3462 3956 3528 18ι18
3992 3485 4184 3546 quem
4220 3463 4339 3528 ha·

2387 3547 2499 3613 bet
2541 3545 2621 3610 de
2666 3547 2979 3630 religione
3022 3568 3320 3627 sensum,
3368 3558 3807 3632 recognoscat.
3875 3548 4157 3630 Quando
4201 3571 4336 3613 non

2388 3641 2614 3696 nostra
2666 3632 2968 3715 ingerere
3033 3632 3434 3699 studuimus:
3492 3633 3606 3699 sed
3661 3656 3697 3698 e
3757 3656 3922 3718 puro
3963 3636 4090 3701 Dei
4137 3636 4337 3700 verbo

2385 3728 2650 3800 sumpta
2693 3717 2907 3782 sobrie
2949 3717 3360 3801 fideliterque
3396 3720 3873 3786 administrare.
3941 3721 4340 3786 Praesertim

2386 3825 2539 3868 vero
2584 3804 2693 3886 qui
2738 3825 2869 3867 non
2914 3803 3324 3904 iniquissime
3360 3805 3649 3903 iudicare
3691 3807 3931 3884 volent,
3977 3807 4164 3872 facile
4208 3814 4340 3870 sta-

2385 3900 2572 3955 tuere
2616 3897 2946 3987 poterunt,
2992 3910 3189 3972 quam
3231 3892 3514 3957 iniurius
3558 3892 3667 3957 ille
3724 3892 3909 3957 nobis
3955 3892 4178 3970 fuerit,
4226 3892 4339 3974 qui

2386 3996 2508 4040 nos
2564 3996 2701 4040 non
2752 3975 2972 4041 minus
3037 3974 3310 4041 obscura
3378 3999 3577 4060 quam
3639 3978 3901 4076 obliqua
3968 3978 4340 4060 suspicione

2387 4061 2559 4144 apud
2615 4062 2819 4127 bonos
2875 4082 3151 4146 gravare
3206 4070 3480 4128 conatus
3537 4071 3664 4129 est:
3724 4083 3798 4129 88
3838 4063 3891 4127 81
3939 4070 4197 4143 nostra,
4255 4063 4335 4128 de

2381 4147 2763 4298 ffirsonali
2745 4169 2817 4211 18
2852 4148 2997 4213 Deo
3040 4169 3173 4214 uno
3218 4147 3650 4227 distinctione,
3697 4149 4023 4214 sententia
4063 4170 4199 4214 non
4235 4151 4335 4214 ni-

2522 4235 2604 4300 ab
2646 4233 3005 4299 orthodoxo
3060 4235 3367 4301 ecclesiae
3411 4254 3733 4299 consensu
3782 4233 4177 4300 dissentiret.
4244 4236 4336 4300 Et

2383 4320 2494 4385 illc
2539 4319 2824 4420 quidem,
2870 4329 3066 4404 prout
3107 4322 3250 4385 8188
3292 4342 3423 4391 888
3467 4320 3765 4402 impietas
3802 4318 4011 4399 modo,
4057 4320 4173 4386 sed
4216 4322 4337 4386 fla-

2387 4406 2809 4490 gitiosissima
2843 4408 3041 4472 etiam
3077 4408 3215 4473 vita
3249 4415 3554 4485 meretur,
3600 4405 3943 4471 hominum
3977 4405 4216 4473 iudicio
4250 4407 4333 4471 ad

2386 4507 2650 4592 tempus
2705 4492 2964 4576 elapsus
3021 4500 3149 4571 est,
3209 4507 3281 4557 ut
3339 4492 3599 4557 divinae
3652 4492 3884 4557 ultioni
3940 4502 4333 4573 servaretur,

2387 4580 2576 4644 cuius
2631 4579 3011 4645 manifestas
3054 4580 3189 4645 iam
3240 4587 3428 4643 notas
3472 4578 3544 4643 in
3584 4597 3661 4642 eo
3706 4597 4049 4662 apparere,
4106 4600 4331 4644 omnes

2725 4664 3049 4730 Dominus
3093 4673 3314 4729 autem
3358 4664 3773 4729 innocentiae
3817 4674 4080 4730 nostrae
4115 4664 4333 4731 vindi-

2388 4773 2532 4818 cem
2576 4752 2645 4815 in
2691 4762 2981 4833 tempore
3017 4772 3085 4815 se
3123 4749 3450 4816 exhibuit:
3495 4751 3607 4833 qui
3642 4750 3821 4816 viam
3854 4757 4109 4815 mature
4144 4772 4335 4834 prae-

2388 4837 2588 4904 clusit
2629 4836 2967 4902 mendacio
3002 4846 3140 4902 tam
3173 4835 3560 4920 impudenti,
3602 4858 3687 4900 ne
3724 4835 3829 4903 vel
3863 4845 4155 4919 serperet
4187 4836 4330 4901 lon-

2388 4924 2537 5007 gius
2575 4923 2687 4989 vel
2726 4922 2969 4988 diutius
3004 4923 3128 5005 11118
3163 4923 3531 5005 pectoribus
3566 4922 3894 4988 insideret.
3960 4922 4025 4987 N
4026 4944 4097 4988 os
4136 4934 4329 5003 certe,

2388 5010 2605 5094 gratia
2647 5009 2945 5087 Domini,
3001 5030 3121 5074 nec
3164 5009 3333 5074 male
3379 5008 3541 5074 adeo
3584 5010 3656 5073 18
3697 5008 4036 5092 881111ι11118
4079 5010 4328 5075 exerci-

2389 5097 2539 5174 tati,
2597 5116 2717 5160 nec
2763 5093 2922 5160 8(188
2965 5095 3310 5160 infeliciter
3349 5094 3594 5161 versati
3637 5115 3890 5173 sumus,
3951 5101 4027 5158 ut
4070 5095 4141 5159 in
4183 5095 4329 5161 luce

2390 5190 2525 5246 tam
2557 5181 2902 5264 perspicua
2934 5182 3389 5248 caecutiamus.
3450 5182 3801 5263 Utcunque
3835 5180 4011 5245 enim
4048 5180 4245 5247 aliis
4226 5204 4330 5245 18-

2390 5268 2617 5334 voluta
2660 5275 2727 5331 et
2768 5273 3033 5331 tantum
3075 5290 3204 5333 non
3248 5267 3604 5351 caliginosa
3641 5266 3941 5334 videatur
3975 5267 4178 5333 istaec
4221 5266 4331 5333 de-

2390 5353 2794 5432 monstratio,
2840 5375 2960 5418 nos
3005 5360 3225 5420 tamen
3259 5354 3393 5420 illic
3429 5355 3499 5417 in
3535 5375 3668 5418 una
3701 5351 3831 5419 Dei
3868 5354 4150 5421 essentia
4181 5376 4329 5438 per·
