5100 6061
770 407 891 467 271

763 589 1002 675 Syriae
1044 589 1421 655 universam
1435 640 1451 668 ,
1495 570 1831 673 religionis
1879 608 2035 652 suae
2070 587 2397 652 consciam
2444 589 2707 651 faceret.

766 677 878 740 An
933 696 1088 742 vero
1128 697 1334 758 quum
1380 675 1869 759 potentissimus
1924 672 2235 756 dynastes
2283 674 2507 756 (quem
2555 694 2711 755 quo-

763 761 1028 827 tidianis
1053 762 1385 827 sacrificiis
1418 761 1572 826 deos
1615 780 1784 831 suos,
1803 758 2061 841 placare
2097 759 2456 840 oportebat,
2496 760 2553 824 si
2592 758 2712 823 ali-

764 869 893 930 qua
964 868 1189 912 eorum
1258 847 1574 930 religione
1621 852 1982 922 teneretur,
2049 851 2116 907 et
2181 844 2445 909 solitum
2518 853 2716 909 antea

732 933 964 1012 ⁸fuisse
988 933 1341 999 verisimile
1359 931 1505 1015 est)
1540 952 1622 996 ne
1658 930 1895 1012 exiguo
1930 929 2195 1013 quidem
2228 929 2426 994 thure
2470 932 2538 994 in
2578 939 2714 994 tota

763 1020 908 1083 vita
946 1019 1185 1097 litaret,
1227 1020 1577 1101 ignoraret,
1622 1017 1753 1080 imo
1781 1013 2112 1079 dubitaret
2148 1016 2510 1098 quisquam,
2560 1015 2714 1081 deos

765 1104 914 1169 illos
952 1107 1326 1187 abnegasse,
1373 1124 1533 1186 quos
1568 1102 1814 1166 honore
1838 1101 2018 1165 nullo
2093 1101 2106 1113 '
2207 1102 2470 1166 aretur?
2532 1100 2715 1183 Quid

765 1211 922 1274 ergo
963 1199 1185 1273 postea
1226 1188 1640 1271 deprecatur,
1694 1188 1818 1251 sibi
1858 1194 1934 1251 ut
1966 1188 2034 1250 in
2076 1187 2100 1249 i
2146 1186 2235 1250 oli
2276 1188 2517 1271 templo
2558 1186 2713 1252 ado·

763 1297 912 1341 rare
946 1274 1179 1341 liceat?
1250 1273 1697 1339 Simulandae'
1748 1272 2233 1356 superstitionis
2287 1294 2484 1338 causa
2535 1275 2591 1337 si
2645 1273 2714 1338 id

882 1361 1129 1426 tulasse
1172 1358 1527 1444 probarent
1570 1369 1637 1424 et
1689 1381 1728 1423 a
1780 1357 2101 1440 propheta
2142 1358 2518 1434 obtinuisse,
2570 1381 2713 1424 ver-

761 1382 917 1512 {gem
974 1468 1108 1510 non
1165 1445 1503 1510 adderem:
1559 1444 1675 1510 sed
1720 1445 1774 1509 si
1816 1464 1957 1509 rem
2002 1443 2196 1527 longe
2244 1466 2428 1510 secus
2471 1444 2714 1509 habere

761 1533 905 1617 ipsa
947 1552 1167 1598 sacrae
1211 1531 1525 1596 historiae
1560 1531 1762 1596 verba
1797 1530 2098 1607 clamant,
2146 1529 2332 1595 facile
2375 1530 2537 1596 haec
2580 1532 2716 1596 iam

763 1619 1040 1684 solvitur
1083 1617 1461 1681 difficultas:
1509 1616 1893 1698 praesertim
1949 1619 2095 1692 [pag.
2131 1621 2233 1693 37]
2276 1615 2388 1678 ubi
2435 1624 2711 1696 constat,

762 1705 854 1771 sic
887 1703 1215 1788 publicata
1256 1703 1397 1767 eius
1441 1702 1774 1785 religione,
1821 1700 2103 1783 qualiter
2144 1700 2448 1784 evulgatu
2457 1724 2606 1766 rum
2647 1723 2718 1767 se

762 1789 1202 1874 promittebat,
1260 1787 1515 1852 nullum
1575 1787 1976 1871 superfuisse
2036 1784 2423 1851 dubitationi
2478 1786 2712 1867 locum,

763 1876 923 1958 quin
956 1874 1127 1940 idola
1166 1874 1386 1938 omnia
1428 1873 1623 1954 plane
1677 1880 1743 1936 et
1798 1879 2244 1937 contemneret
2297 1880 2364 1936 et
2418 1894 2714 1938 exsecra-

762 1963 924 2026 tioni
979 1961 1269 2026 haberet.
1358 1958 1542 2023 Haec
1584 1967 1805 2023 autem
1849 1965 1950 2022 est
1989 1957 2299 2039 postulati
2355 1946 2588 2023 forma:
2638 1958 2713 2023 Si

730 2045 1081 2129 'templum
1126 2046 1387 2109 Remon
1419 2044 1829 2127 ingrediatur
1850 2043 2015 2107 forte
2051 2064 2167 2106 rex
2205 2064 2409 2121 meus,
2448 2052 2515 2109 et
2550 2045 2713 2109 mihi

762 2134 1034 2197 innixus
1079 2130 1480 2209 adoraverit,
1536 2150 1656 2213 ego
1691 2150 1945 2213 quoque
1995 2128 2049 2194 si
2102 2128 2296 2193 simul
2339 2131 2410 2193 in
2469 2130 2712 2214 templo

763 2220 1023 2283 Remon
1064 2217 1490 2294 adoraverim,
1535 2215 1704 2281 hanc
1750 2238 1891 2280 rem
1936 2236 2018 2278 ne
2062 2214 2342 2296 imputet
2381 2214 2714 2280 Dominus

765 2324 955 2367 servo
1008 2324 1142 2368 suo,
1223 2301 1398 2366 Illud
1459 2302 1540 2367 de
1594 2323 1747 2386 rege
1809 2304 1883 2366 in
1946 2300 2135 2364 illum
2193 2300 2516 2366 innitente
2574 2310 2713 2366 tam

766 2395 1007 2471 aperte,
1055 2397 1316 2470 tamque
1363 2386 1743 2452 notabiliter
1787 2386 2033 2454 dictum
2071 2387 2126 2450 si
2162 2385 2268 2450 vel
2313 2408 2444 2451 non
2490 2387 2711 2452 obser-

767 2481 947 2553 vant,
991 2474 1093 2539 vel
1137 2472 1250 2538 abs
1286 2493 1358 2537 re
1393 2475 1682 2555 positum
1716 2481 1968 2556 putant,
2004 2470 2195 2537 valde
2235 2479 2392 2536 sunt
2426 2472 2709 2538 hebetes.

764 2560 939 2623 Nam
983 2559 1136 2624 inde
1179 2560 1346 2625 citra
1388 2560 1899 2624 controversiam
1943 2558 2290 2641 colligitur,
2336 2580 2469 2623 non
2515 2559 2712 2623 aliam

766 2644 889 2711 sibi
953 2644 1214 2711 concedi
1282 2643 1726 2710 adorationem
1803 2646 2094 2728 petiisse,
2171 2663 2367 2727 quam
2435 2664 2566 2726 qua
2642 2666 2712 2709 se

766 2731 851 2796 ad
889 2732 1063 2814 regis
1116 2731 1638 2809 inclinationem,
1694 2751 1890 2812 quem
1932 2729 2239 2795 fulciebat
2278 2730 2417 2813 ipse
2457 2737 2525 2794 et
2568 2752 2712 2795 sus-

767 2817 1096 2895 tentabat,
1163 2815 1692 2882 accommodaret.
1767 2815 1848 2881 Id
1902 2823 2121 2881 autem
2158 2824 2300 2880 erat
2318 2867 2332 2892 ,
2377 2837 2512 2880 non
2557 2815 2713 2881 idoli

768 2902 1021 2968 cultum
1084 2905 1363 2986 fingere,
1434 2901 1549 2966 sed
1614 2922 1734 2967 sua
1797 2903 1934 2986 regi
2002 2901 2215 2967 officia
2275 2900 2712 2984 obsequiaque

763 2987 1077 3054 reddere:
1122 2988 1316 3054 Nunc
1371 2989 1427 3054 si
1484 2988 1785 3053 Naaman
1833 2989 2079 3053 imitari
2124 2986 2386 3067 volunt,
2443 3007 2527 3052 ne
2579 2989 2713 3053 sint

764 3074 862 3139 illi
919 3075 990 3138 in
1044 3096 1121 3139 eo
1177 3073 1551 3152 dissimiles,
1608 3074 1678 3138 in
1735 3096 1860 3157 quo
1907 3075 2044 3139 solo
2105 3093 2144 3136 a
2198 3094 2304 3138 me
2356 3072 2711 3158 reprehen-

765 3160 1029 3226 duntur.
1116 3160 1196 3225 Id
1252 3161 1379 3226 sibi
1435 3160 1721 3226 habeant
1774 3181 1926 3226 cum
1980 3159 2094 3224 illo
2150 3180 2521 3240 commune,
2582 3181 2710 3242 quo

765 3247 902 3312 solo
954 3255 1390 3329 consequutus
1462 3254 1563 3311 est
1622 3245 1734 3310 ille
1749 3298 1763 3323 ‚
1819 3244 2329 3328 reprehensione
2383 3253 2462 3309 ut
2516 3266 2710 3310 suum

766 3334 1014 3398 factum
1071 3339 1353 3397 careret:
1409 3352 1647 3415 nempe
1691 3333 1868 3396 omni
1923 3354 1992 3397 se
2048 3328 2456 3396 idololatriae
2496 3331 2708 3414 suspi-

765 3419 951 3483 cione
1006 3418 1189 3500 prius
1246 3417 1553 3496 liberent,
1614 3437 1938 3499 quamque
1996 3426 2133 3481 toto
2190 3417 2407 3480 animo
2453 3416 2534 3481 ab
2580 3417 2711 3481 illis

767 3502 1336 3585 superstitionibus
1378 3501 1801 3582 abhorreant,
1845 3524 2122 3585 quarum
2163 3501 2452 3568 incidere
2493 3514 2712 3585 posset

766 3588 1100 3667 dubitatio,
1127 3595 1439 3653 testatum
1459 3587 1750 3653 omnium
1789 3588 2129 3653 hominum
2165 3589 2577 3655 conscientiis
2614 3590 2709 3654 fa-

764 3669 959 3739 ciant.
1017 3673 1098 3738 Id
1136 3674 1243 3740 ubi
1279 3675 1741 3756 praestiterint,
1770 3683 1912 3738 tum
1936 3674 2199 3740 demum
2221 3674 2470 3754 videbo,
2501 3676 2711 3739 simne

760 3760 893 3826 illis
937 3779 1359 3825 concessurus
1376 3811 1392 3838 ,
1445 3767 1520 3825 ut
1553 3759 1764 3826 civilis
1807 3761 2001 3826 officii
2043 3781 2269 3839 causa,
2318 3764 2454 3826 sive
2490 3761 2563 3824 in
2605 3783 2710 3826 co-

764 3853 1114 3994 gnatorum
1130 3846 1552 3912 honestandis
1563 3846 1923 3925 funeribus,
1947 3846 2088 3912 sive
2113 3847 2359 3930 nuptiis
2380 3846 2711 3911 celebran-

818 3931 890 4008 ‘s,
939 3930 1020 3995 ad
1058 3932 1308 4011 missas,
1354 3932 1611 4015 aliaque
1646 3931 1960 3997 eiusmodi
2006 3933 2277 4015 profana
2301 3952 2487 3997 sacra
2508 3932 2712 3997 inter-

770 4015 927 4081 dum
981 4017 1309 4083 accedant.
1375 4018 1523 4082 Iam
1579 4025 1646 4080 et
1688 4039 1772 4082 ex
1827 4039 1901 4082 eo
1946 4017 2114 4101 quod
2156 4017 2231 4082 in
2285 4017 2559 4101 epistola
2599 4017 2716 4093 illa

766 4100 1036 4185 legitur,
1093 4124 1258 4185 quae
1314 4103 1433 4170 sub
1485 4103 1803 4168 Ieremiae
1847 4103 2039 4168 titulo
2078 4104 2287 4169 fertur
2303 4156 2318 4180 ,
2377 4103 2461 4169 ad
2504 4124 2713 4187 popu-

769 4186 913 4251 lum
955 4188 1293 4274 Babylone
1330 4188 1759 4267 exsulantem,
1803 4190 2190 4254 nonnullam
2226 4189 2350 4254 sibi
2395 4189 2713 4254 defensio-

767 4293 924 4337 nem
951 4284 1290 4356 quaerunt.
1347 4276 1523 4340 Nam
1558 4273 2106 4357 quemadmodum
2139 4275 2274 4340 illic
2308 4277 2565 4358 captivo
2600 4296 2713 4358 po-

765 4358 921 4440 pulo
982 4359 1298 4425 suadebat
1347 4361 1695 4444 propheta,
1742 4362 1848 4426 vel
1899 4361 2193 4444 quisquis
2236 4362 2361 4426 fuit
2404 4361 2715 4443 epistolae

769 4451 986 4520 autor,
1047 4452 1124 4508 ut
1168 4448 1420 4527 quotics
1463 4447 1536 4510 in
1581 4447 1873 4512 humeris
1933 4447 2339 4512 circumferri
2383 4468 2615 4512 aureos
2650 4454 2716 4510 et

769 4539 1113 4614 argenteos
1168 4530 1321 4595 deos
1364 4532 1648 4610 videret,
1693 4534 2083 4615 turbamque
2126 4533 2558 4615 undequaque
2602 4532 2716 4597 ob-

760 4622 1269 4698 -stupescentem,
1308 4639 1391 4683 ne
1424 4618 1565 4700 ipse
1606 4617 1833 4683 eodem
1870 4620 2239 4683 afficeretur
2277 4629 2563 4700 stupore,
2601 4617 2716 4682 sed

769 4700 1049 4767 adorans
1072 4701 1144 4764 in
1171 4700 1364 4766 corde
1391 4725 1507 4768 suo
1535 4702 1805 4770 diceret:
1848 4706 1941 4769 Te
1977 4711 2232 4787 oportet
2266 4704 2539 4781 adorari,
2580 4705 2716 4768 Do-

771 4789 948 4853 mine
1004 4789 1189 4872 (Barss
1238 4793 1305 4867 6,
1354 4793 1454 4872 3),
1521 4791 1614 4855 ita
1670 4811 1739 4855 se
1796 4793 2011 4868 aiunt,
2056 4788 2212 4854 dum
2256 4790 2432 4854 inter
2475 4789 2715 4854 saeculi

771 4872 969 4939 huius
1028 4874 1368 4959 sacrilegia
1424 4883 1795 4956 versantur,
1842 4876 2143 4942 cordibus
2186 4885 2408 4941 tamen
2453 4873 2537 4939 ad
2579 4875 2716 4940 Do-

772 4960 1026 5024 minum
1071 4960 1345 5025 sublatis
1386 4963 1668 5046 cogitare
1722 4961 1912 5026 illum
1968 4984 2108 5027 esse
2122 5013 2138 5040 ,
2184 4984 2377 5046 quem
2421 4967 2719 5043 oporteat

776 5042 1049 5110 adorari.
1121 5044 1330 5126 Quasi
1372 5069 1528 5114 vero
1574 5048 1656 5112 ad
1699 5048 2073 5111 interiorem
2124 5047 2337 5113 cordis
2395 5044 2716 5111 adoratio-

774 5150 931 5193 nem
972 5130 1128 5196 dum
1169 5133 1318 5198 illos
1353 5141 1614 5199 vocaret
1646 5132 1984 5215 propheta,
2023 5133 2221 5197 simul
2259 5133 2582 5198 adnueret
2615 5133 2717 5196 ni-

778 5212 874 5277 hil
918 5217 1191 5298 periculi
1233 5220 1389 5298 fore,
1437 5222 1493 5284 si
1548 5218 1739 5283 vultu
1782 5217 1865 5281 ad
1924 5219 2422 5285 simulacrorum
2464 5219 2718 5284 cultum

777 5302 1148 5383 composite,
1171 5305 1556 5390 Babyloniis
1580 5305 1841 5369 interim
1864 5305 2406 5388 gratificarentur.
2442 5307 2537 5370 At
2559 5324 2716 5373 vero

2478 397 2947 465 EPISTOLA
2989 401 3043 464 Ι.

4644 402 4761 463 272

2815 608 3020 669 quum
3078 608 3269 653 nemo
3312 610 3444 652 non
3488 587 3738 667 videat,
3796 610 3872 653 eo
3917 587 4240 652 duntaxat
4294 594 4624 671 spectasse
4666 590 4763 672 ip·-

2817 694 2994 749 sum,
3040 680 3114 737 ut
3163 673 3427 756 quando
3483 676 3753 739 minime
3796 674 4033 740 licebat
4075 673 4396 739 Israelitis
4436 674 4764 756 publicam

2816 759 3064 842 gentis,
3108 760 3229 823 sub
3288 760 3473 824 cuius
3515 760 3789 843 imperio
3824 779 3898 824 ac
3952 760 4107 843 iugo
4154 758 4493 843 degerent,
4538 782 4763 843 super-

2816 844 3151 909 stitionem
3207 845 3539 924 cohibere,
3577 867 3731 911 suae
3788 852 4005 910 tamen
4053 845 4383 929 religionis
4422 846 4764 929 integrita-

2815 937 2950 993 tem
2994 929 3118 995 sibi
3162 931 3475 1012 privatim
3509 931 3581 994 in
3616 931 3850 996 animis
3897 933 4033 996 suis
4069 931 4456 996 retinerent:
4497 952 4634 995 non
4668 939 4764 997 est

2817 1015 2989 1098 quod
3028 1015 3433 1081 idololatriae
3477 1038 3632 1081 suae
3691 1024 4040 1099 patronum
4083 1015 4239 1080 boni
4278 1017 4389 1082 isti
4442 1018 4573 1082 viri
4615 1038 4763 1083 eum

2819 1099 3058 1166 idcirco
3103 1100 3441 1166 advocent.
3521 1106 3668 1180 [pag.
3708 1108 3814 1181 38]
3864 1101 4056 1182 Quod
4102 1104 4157 1167 si
4202 1102 4284 1167 ad
4332 1102 4503 1168 hanc
4556 1103 4766 1187 ipsam

2817 1188 3178 1270 prophetae
3232 1188 3551 1251 trutinam
3606 1194 3781 1252 recte
3839 1187 4209 1270 expendere
4276 1211 4398 1254 sua
4460 1190 4635 1254 facta
4695 1190 4766 1253 in

2818 1273 3109 1337 animum
3152 1272 3499 1351 inducant,
3556 1295 3674 1337 suo
3729 1282 3939 1338 semet
3980 1272 4197 1357 gladio
4253 1274 4538 1359 iugulari
4579 1275 4765 1340 facile

2817 1359 3230 1442 perspicient.
3286 1357 3517 1438 Qualis
3554 1360 3730 1424 enim
3765 1359 3872 1424 hic
3908 1380 4147 1442 quaeso
4190 1361 4401 1439 fuerit,
4447 1361 4578 1424 imo
4624 1362 4764 1443 quis

2817 1465 2959 1509 esse
3014 1446 3278 1508 omnino
3336 1448 3604 1526 poterit,
3651 1445 3760 1527 qui
3814 1446 4211 1511 conscientia
4253 1447 4433 1510 intus
4473 1447 4616 1510 Deo
4660 1466 4764 1511 ca-

2818 1536 3032 1609 nente,
3077 1531 3296 1613 ipsum
3339 1550 3481 1594 esse
3525 1551 3736 1594 unum
3778 1552 3970 1613 quem
4015 1531 4240 1596 deceat
4284 1531 4574 1609 adorari,
4621 1532 4764 1597 vul-

2821 1622 2966 1679 tum
2990 1624 3462 1698 externumque
3484 1618 3770 1698 corporis
3797 1624 4058 1701 gestum
4081 1638 4469 1699 componere
4493 1617 4578 1682 ad
4612 1616 4763 1682 idoli

2822 1700 3265 1765 adorationem
3288 1702 3607 1766 sustineat
3627 1701 3657 1763 ⁸?
3727 1702 3917 1786 Ipsos
3954 1702 4226 1786 proinde
4261 1705 4609 1787 interrogo,
4640 1724 4765 1787 qua

2821 1786 3216 1852 conscientia
3249 1785 3474 1851 eodem
3516 1789 3826 1870 temporis
3861 1796 4211 1865 momento,
4249 1810 4375 1871 quo
4409 1788 4631 1853 Deum
4664 1811 4762 1855 so-

2817 1870 2957 1935 lum
2993 1873 3104 1955 qui
3139 1871 3443 1937 adoretur
3481 1872 3756 1955 dignum
3791 1895 3932 1938 esse
3968 1873 4141 1956 apud
4177 1896 4247 1939 se
4271 1884 4758 1957 recognoscunt,

2819 1956 2996 2021 idola
3049 1958 3352 2023 venerari
3410 1980 3479 2023 se
3533 1958 3751 2041 palam
3804 1960 3976 2042 apud
4038 1959 4337 2025 homines
4406 1960 4757 2026 simulant?

2821 2040 2999 2123 Quid
3049 2043 3224 2108 enim
3281 2063 3523 2108 arcana
3576 2045 3704 2108 ista
3747 2045 4150 2110 confessione
4204 2047 4587 2128 proficiunt,
4636 2047 4759 2111 nisi

2818 2129 2993 2210 quod
3047 2136 3388 2193 externam
3444 2130 3624 2194 illam
3666 2150 3853 2194 suam
3896 2130 4328 2196 idololatriam
4370 2153 4590 2197 coram
4632 2133 4756 2198 Dei

2816 2213 3129 2278 tribunali
3163 2216 3422 2297 proprio
3462 2216 3663 2279 animi
3697 2218 4068 2281 testimonio
4105 2217 4455 2283 accusant?
4518 2216 4754 2299 Quare,

2819 2299 2989 2382 quod
3038 2300 3110 2363 in
3160 2301 3475 2365 eiusmodi
3534 2300 3888 2367 simulandi
3944 2301 4357 2385 improbitate
4408 2304 4758 2387 prophetae

2817 2384 3083 2450 consilio
3139 2406 3210 2450 se
3263 2385 3710 2470 obtemperare
3765 2388 4040 2467 iactant,
4069 2389 4118 2472 ¹)
4174 2390 4414 2454 frustra
4467 2389 4535 2452 id
4579 2411 4755 2454 men·

2817 2471 3093 2535 tiuntur.
3174 2472 3399 2554 Neque
3458 2473 3634 2537 enim
3690 2472 3772 2537 ab
3825 2473 3956 2538 illis
4010 2473 4366 2557 quidquam
4421 2474 4570 2557 plus
4625 2476 4756 2558 ipse

2816 2557 3025 2640 exigo,
3063 2578 3261 2640 quam
3295 2557 3465 2640 quod
3500 2559 3609 2622 ille
3647 2559 3967 2642 (quisquis
4003 2567 4103 2624 est
4136 2561 4441 2643 scriptor)
4478 2562 4613 2626 suis
4648 2581 4758 2643 po-

2815 2640 3151 2725 pularibus
3177 2643 3565 2726 imperabat:
3585 2644 3643 2728 ²)
3681 2665 3914 2728 nempe
3949 2654 4025 2709 ut
4059 2645 4314 2728 publice
4350 2667 4610 2711 sacrum
4637 2647 4760 2711 Dei

2815 2749 3057 2793 nomen
3109 2729 3439 2811 profanari
3492 2728 3647 2794 dum
3693 2730 4046 2812 aspiciunt,
4093 2732 4306 2796 tacitis
4351 2733 4553 2796 animi
4597 2733 4759 2798 votis

2816 2814 3032 2898 ipsum
3070 2813 3241 2896 apud
3278 2834 3347 2878 se
3382 2815 3817 2885 sanctificent:
3866 2824 4128 2881 tantum
4170 2839 4255 2881 ne
4299 2819 4589 2882 externis
4633 2818 4760 2902 sig-

2816 2900 3314 2981 nificationibus,
3346 2900 3486 2966 eius
3519 2924 3589 2966 se
3619 2902 4086 2984 profanationis
4107 2911 4444 2969 consortes
4471 2924 4613 2969 esse
4634 2912 4760 2969 tes-

2816 2992 3058 3051 tentur.
3117 2985 3225 3051 Ad
3249 2985 3427 3066 haec,
3457 2986 3681 3070 siquid
3705 3007 3781 3052 ea
3804 2988 4220 3054 simulatione
4231 2997 4521 3072 peccant,
4546 3009 4764 3055 exem-

2813 3071 2923 3154 plo
2963 3071 3160 3137 Pauli
3203 3093 3274 3137 se
3325 3093 3618 3155 peccare,
3688 3073 4032 3140 ostendere
4081 3081 4428 3155 conantur,
4479 3077 4592 3158 qui
4631 3097 4761 3141 non

2814 3157 3004 3222 valde
3025 3156 3323 3222 dissimili
3351 3160 3612 3224 fictione
3638 3181 3800 3224 usus
3823 3160 4035 3238 fuerit,
4059 3182 4257 3243 quum
4282 3159 4364 3225 ad
4385 3161 4761 3245 recolligen-

2813 3243 2964 3308 dam
3000 3244 3214 3327 gentis
3253 3265 3408 3309 suae
3442 3247 3720 3345 gratiam
3735 3297 3753 3324 ,
3790 3254 4044 3327 votum,
4079 3248 4261 3312 cuius
4297 3249 4764 3312 caeremoniam

2814 3352 2962 3396 cum
3016 3330 3286 3395 caeteris
3342 3330 3503 3414 legis
3547 3331 3797 3396 umbris
3842 3330 4222 3415 abrogatam
4276 3354 4419 3398 esse
4474 3342 4761 3412 noverat,

2813 3417 3244 3498 nuncupavit,
3294 3423 3487 3499 atque
3533 3415 3617 3481 ad
3661 3416 3729 3481 id
3769 3417 4271 3500 persolvendum
4315 3418 4655 3498 detonsus,
4700 3425 4763 3483 et

2814 3523 2896 3566 ex
2942 3502 3105 3585 legis
3158 3502 3559 3586 praescripto
3610 3504 3988 3586 purificatus
4043 3505 4114 3567 in
4170 3504 4413 3588 templo
4471 3527 4541 3570 se
4584 3506 4762 3583 stitit,

2815 3587 3368 3672 spectandumque
3401 3588 3701 3654 omnibus
3736 3589 4032 3654 exhibuit
4066 3590 4244 3674 (Act.
4271 3595 4371 3669 21,
4399 3590 4534 3674 26).
4621 3591 4765 3655 Non

2811 3674 2920 3740 hic
2965 3671 3193 3752 dicam,
3230 3673 3404 3757 quod
3441 3674 3548 3739 vel
3583 3694 3811 3738 eorum
3849 3675 4186 3740 nonnullis
4222 3676 4586 3741 arrisurum
4622 3696 4759 3741 esse

2815 3769 2996 3825 certo
3036 3760 3201 3839 scic,
3248 3781 3368 3824 nos
3413 3780 3753 3845 perperam
3799 3781 4020 3845 agere,
4069 3762 4120 3826 si
4167 3782 4311 3825 eam
4356 3762 4550 3827 Pauli
4585 3769 4760 3826 astu-

2816 3847 2994 3925 tiam,
3033 3845 3114 3909 ad
3145 3844 3541 3910 imitandum
3571 3845 3761 3914 nobis
3805 3863 4260 3929 proponamus,
4298 3869 4494 3930 quam
4521 3846 4760 3912 infelici

2817 3951 3118 3997 successu
3140 3932 3525 4015 castigatam
3560 3932 3830 3996 minime
3855 3933 3976 3997 sibi
4012 3932 4265 4015 placere
4291 3934 4617 3999 Dominus
4652 3931 4762 3998 de-

2817 4017 3120 4084 claravit:
3168 4016 3689 4099 quandoquidem
3724 4018 4043 4083 rationem
4088 4039 4227 4083 esse
4264 4015 4514 4083 nullam
4556 4017 4760 4103 viden,

2818 4125 2935 4169 cur
2975 4102 3098 4167 hoc
3132 4103 3330 4168 Pauli
3361 4103 3613 4167 facinus
3647 4124 3888 4186 pravae
3923 4105 4252 4169 versutiae
4288 4105 4757 4170 insimulemus.

2819 4188 2949 4255 Sed
3010 4210 3119 4253 eos
3161 4195 3298 4253 toto
3354 4188 3530 4253 coelo
3584 4188 3691 4255 hic
3736 4210 3986 4272 quoque
4021 4210 4238 4255 errare
4284 4189 4452 4269 dico,
4509 4192 4620 4272 qui
4657 4191 4762 4253 in-

2818 4275 3111 4354 noxiam,
3181 4274 3492 4357 nullaque
3560 4275 3819 4358 impura
3889 4277 4351 4358 superstitione
4428 4295 4765 4361 aspersam

2818 4361 3016 4427 Pauli
3061 4359 3512 4425 detonsionem
3545 4382 3695 4425 cum
3731 4361 4061 4445 sacrilegis
4104 4360 4336 4427 ritibus
4379 4381 4762 4445 comparan-

2820 4446 2970 4511 dam
2992 4453 3237 4528 putent.
3292 4446 3468 4511 Nam
3488 4454 3563 4509 ut
3583 4444 3830 4524 demus,
3854 4447 4332 4512 Nazaraeorum
4366 4447 4764 4531 purificatio-

2821 4552 2976 4597 nem
2997 4541 3064 4595 et
3089 4531 3486 4596 oblationem
3507 4530 3576 4595 id
3608 4532 3810 4597 fuisse
3845 4534 4290 4598 caeremoniae
4324 4555 4550 4617 genus,
4593 4531 4766 4616 quod

2821 4615 3183 4700 prodeunte
3208 4616 3472 4683 Christo
3497 4627 3630 4681 una
3656 4638 3804 4681 cum
3840 4618 4106 4701 reliquis
4142 4619 4464 4684 mosaicae
4500 4620 4663 4704 legis
4683 4618 4764 4682 fi-

2821 4705 3003 4786 guris
3044 4724 3428 4769 evanescere
3466 4702 3783 4768 debuerit:
3823 4706 3974 4785 quia
4008 4711 4233 4770 tamen
4265 4704 4525 4770 nullum
4564 4705 4768 4769 alium

2821 4789 2893 4852 in
2938 4791 3138 4854 finem
3180 4789 3555 4854 institutum
3598 4798 3765 4867 erat,
3811 4811 4005 4871 quam
4051 4789 4133 4855 ad
4177 4791 4584 4856 referendam
4628 4790 4766 4854 Do-

2824 4876 3000 4940 mino
3044 4875 3402 4959 gratiarum
3453 4874 3804 4954 actionem,
3867 4897 3941 4941 ac
3985 4877 4376 4942 sacrificium
4417 4877 4633 4942 laudis
4666 4875 4765 4940 of-

2821 4960 3189 5039 ferendum,
3238 4982 3317 5025 ex
3365 4980 3593 5024 eorum
3631 4961 3855 5043 utique
3898 4982 4173 5028 numero
4213 4963 4370 5042 fuit,
4416 4965 4488 5026 in
4532 4961 4767 5046 quibus
4803 4981 4810 4988 “

2853 5305 2866 5310 ,
2961 5252 3017 5318 1)
3059 5249 3206 5305 Edd.
3244 5268 3376 5307 rece.
3414 5250 3550 5305 1576
3585 5267 3755 5321 κῃ..-
3790 5255 4005 5307 iactent.

2823 5322 3066 5390 imperat.

4160 5252 4219 5318 2)
4260 5250 4504 5306 Eaedem
4539 5252 4772 5307 habent.-
