5100 6061
2019 428 2756 500 PROLEGOMENA.
4220 440 4402 509 XIX

389 620 608 686 locum
651 639 843 684 suum
900 616 1263 703 assignavit
1310 619 1484 685 inter
1526 619 1607 685 N.
1654 619 1830 685 XIV
1873 626 1942 686 et
1981 619 2122 685 XV
2174 618 2570 686 collectionis
2626 642 2664 685 a
2718 620 3013 688 Gallasio
3068 622 3425 691 institutae.
3514 625 3747 696 XXII.
3804 626 4116 696 Defensio
4171 631 4398 697 ortho-

394 731 601 797 doxae
657 728 813 796 fidei
864 752 914 796 s.
976 730 1291 797 trinitatis
1347 730 1662 797 adversus
1717 730 2123 817 prodigiosos
2178 750 2436 797 errores
2481 731 2914 798 Michaelis
2959 730 3314 800 Serveti.
3403 734 3675 804 XXIII.
3730 739 4042 808 Defensio
4085 763 4289 810 sanae
4331 751 4400 807 et

391 842 797 909 orthodoxae
837 839 1169 909 doctrinae
1212 842 1294 908 de
1337 865 1370 908 s
1384 864 1469 909 ac
1482 865 1649 908 ram
1662 866 1698 909 e
1712 845 1892 910 ntis.
1979 843 2245 910 XXIV.
2304 840 2615 910 Secunda
2667 841 2954 909 defensio
2996 843 3398 913 orthodoxae
3453 847 3534 913 de
3577 852 4003 919 sacramentis
4045 853 4199 919 fidei
4239 875 4397 920 con-

392 962 498 1021 tra
539 954 942 1021 Ioachimi
983 954 1450 1038 Westphali
1494 955 1868 1022 calumnias.
1957 955 2185 1023 XXV.
2239 954 2549 1022 Ultima
2592 953 3039 1020 admonitio
3082 954 3166 1020 ad
3199 955 3253 1022 I.
3299 957 3788 1044 Westphalum.
3877 962 4142 1030 XXVI.
4199 962 4397 1030 Dilu-

386 1066 537 1133 cida
579 1065 929 1150 explicatio
983 1086 1182 1132 sanae
1234 1067 1564 1133 doctrinae
1622 1066 1703 1132 de
1744 1088 1904 1133 vera
1953 1067 2453 1151 participatione
2508 1066 2724 1134 carnis
2780 1072 2849 1130 et
2902 1068 3240 1150 sanguinis
3283 1068 3532 1137 Christi
3586 1081 3818 1140 contra
3859 1074 3930 1140 H
3946 1096 3983 1140 e
3996 1097 4027 1141 s
4043 1075 4148 1141 hu
4163 1075 4390 1143 sium.

386 1176 690 1244 XXVII.
738 1174 1012 1260 Optima
1051 1176 1378 1243 ineundae
1429 1199 1464 1244 0
1479 1199 1575 1243 011
1591 1200 1676 1244 00
1691 1177 1819 1243 r‘di
1835 1200 1924 1245 ae
1966 1178 2155 1244 ratio.
2245 1178 2584 1244 XXVIII.
2641 1178 3062 1261 Responsum
3105 1177 3188 1243 ad
3233 1180 3466 1247 fratres
3510 1183 3795 1252 Polonos
3838 1208 3967 1270 quo
4019 1185 4213 1252 modo
4254 1208 4395 1254 me-

386 1288 599 1355 diator
656 1290 745 1353 sit
782 1288 1115 1368 Christus,
1172 1287 1258 1354 ad
1299 1289 1720 1355 refutandum
1763 1288 1966 1357 Stan
1982 1290 2148 1357 cari
2201 1310 2509 1356 errorem.
2598 1288 2867 1355 XXIX.
2924 1287 3228 1354 Censura
3270 1311 3390 1356 seu
3429 1293 3648 1360 brevis
3693 1296 3994 1363 refutatio
4033 1297 4395 1364 calumnia-

387 1421 542 1466 rum
608 1400 949 1466 Antonii
1016 1399 1483 1466 Cathalani.
1584 1400 1816 1467 XXX.
1883 1401 2121 1468 Brevis
2176 1403 2514 1485 responsio
2570 1401 2654 1467 ad
2708 1397 3051 1465 diluendas
3116 1401 3564 1469 nebulonis
3629 1407 3968 1472 cuiusdam
4033 1408 4395 1476 calumnias

387 1514 629 1596 quibus
675 1509 1037 1578 doctrinam
1072 1510 1162 1576 de
1206 1518 1475 1577 aeterna
1516 1512 1647 1577 Dei
1689 1512 2280 1596 praedestinatione
2334 1513 2594 1579 foedare
2643 1518 2915 1579 conatus
2959 1517 3076 1577 est.
3165 1510 3434 1580 XXXI.
3505 1516 3879 1583 Gratulatio
3924 1517 4008 1584 ad
4053 1520 4395 1588 Gabrie-

386 1624 548 1690 lem
599 1623 690 1689 de
735 1623 1110 1708 Saconay
1163 1630 1654 1706 praecentorem
1708 1622 2210 1710 lugdunensem.
2307 1624 2611 1691 XXXII.
2668 1622 3046 1689 Confutatio
3102 1624 3444 1690 cuiusdam
3498 1626 3806 1694 Hollan
3819 1629 3896 1694 di
3948 1632 4061 1713 qui
4110 1634 4396 1715 speciose

386 1734 772 1815 obtendens,
819 1734 1232 1801 Christianos
1274 1757 1314 1800 a
1357 1757 1426 1801 se
1481 1756 1747 1818 prorsus
1790 1737 2167 1819 spirituales
2210 1736 2541 1802 redditum
2585 1736 2685 1814 iri,
2733 1734 3028 1801 concedit
3091 1741 3169 1799 ut
3212 1756 3486 1820 corpora
3539 1738 3839 1824 polluant
3878 1742 4211 1823 quibusvis
4252 1743 4397 1809 ido-

386 1847 684 1914 lolatriis.
784 1845 1127 1912 XXXIII.
1183 1848 1552 1932 Responsio
1618 1846 1702 1912 ad
1766 1848 2290 1933 versipellem
2344 1847 2676 1931 quendam
2743 1845 3173 1913 mediatorem
3240 1847 3354 1931 qui
3417 1850 3803 1932 pacificandi
3867 1854 4079 1935 specie
4139 1862 4394 1920 rectum

387 1960 717 2044 evangelii
761 1980 1024 2025 cursum
1065 1961 1137 2024 in
1183 1959 1407 2024 Gallia
1448 1958 1837 2042 abrumpere
1874 1959 2144 2027 molitus
2188 1967 2304 2026 est.
2370 1958 2706 2025 XXXIV.
2760 1959 3092 2024 Praefatio
3133 1957 3217 2023 ad
3254 1960 3470 2026 Bezae
3513 1982 3902 2045 responsum
3943 1971 4169 2030 contra
4198 1966 4395 2031 Bal-

388 2071 582 2137 duin
597 2092 741 2136 um.
830 2069 1129 2137 XXXV.
1189 2070 1623 2137 Valentini
1666 2070 2028 2137 Gentilis
2070 2072 2486 2156 impietatum
2529 2077 2598 2136 et
2638 2069 2919 2153 triplicis
2960 2069 3273 2154 perfidiae
3328 2091 3403 2138 ac
3458 2072 3732 2157 periurii
3768 2074 3988 2141 brevis
4031 2075 4392 2159 explicatio.

388 2182 725 2249 XXXVI.
782 2183 1022 2250 Brevis
1066 2182 1424 2250 admonitio
1467 2181 1550 2247 ad
1593 2182 1832 2247 fratres
1868 2182 2223 2248 Polonos
2266 2202 2351 2248 ne
2393 2181 2715 2266 triplicem
2759 2182 2830 2247 in
2874 2181 3018 2248 Deo
3062 2182 3416 2248 essentiam
3468 2204 3591 2267 pro
3634 2184 3848 2250 tribus
3889 2187 4188 2270 personis
4229 2188 4393 2253 ima-

388 2294 678 2379 ginando
721 2301 859 2360 tres
903 2293 1027 2358 sibi
1067 2294 1221 2360 deos
1264 2294 1599 2360 fabricent.
1686 2293 2056 2360 XXXVII.
2114 2293 2487 2380 Epistola
2528 2313 2695 2378 quae
2736 2293 2936 2360 fidem
2978 2293 3178 2359 huius
3213 2293 3307 2359 ad
3348 2294 3704 2360 Polonos
3745 2296 4207 2363 admonitionis
4241 2319 4395 2365 con·

388 2407 628 2471 firmat.
714 2400 1125 2471 XXXVIII.
1182 2407 1548 2489 Responsio
1591 2404 1675 2470 ad
1717 2405 2107 2471 Balduini
2151 2406 2457 2473 convicia.
2544 2403 2883 2471 XXXIX.
2940 2403 3372 2471 Confessio
3410 2404 3616 2472 fidei
3666 2407 3930 2471 nomine
3972 2408 4396 2476 ecclesiarum

394 2516 781 2602 gallicarum
822 2517 1082 2600 scripta.

699 2629 812 2695 Ex
868 2628 971 2694 his
1026 2628 1329 2695 omnibus
1372 2636 1652 2712 quatuor
1693 2635 1971 2694 tantum.
1996 2628 2309 2713 opuscula
2366 2626 2600 2713 gallico
2652 2627 2962 2693 idiomate
3020 2625 3101 2692 ab
3148 2633 3375 2694 autore
3420 2635 3693 2719 exarata
3734 2629 4015 2709 fuerant,
4060 2652 4147 2698 sc.
4192 2630 4393 2699 XXI.

388 2740 657 2807 XXIX.
704 2738 1009 2805 XXXII.
1054 2738 1425 2819 XXXIX.;
1471 2748 1730 2807 caetera
1772 2741 1992 2806 omnia
2034 2740 2141 2807 hic
2186 2740 2266 2807 de
2309 2740 2515 2805 latino
2558 2759 2880 2804 conversa
2920 2739 3248 2822 leguntur.

697 2851 924 2917 Huius
964 2851 1264 2918 editionis
1306 2872 1512 2935 quum
1553 2851 1885 2918 rarissime
1928 2859 2274 2919 occurrant
2327 2849 2731 2934 exemplaria
2773 2849 3053 2930 venalia,
3105 2851 3232 2933 ipsi
3286 2849 3545 2917 nullum
3593 2849 3810 2917 adhuc
3851 2853 4029 2919 nacti
4071 2853 4244 2938 quod
4285 2876 4393 2922 co-

386 2965 519 3049 piis
560 2962 802 3029 nostris
844 2962 1258 3044 adderemus,
1313 2962 1602 3049 primum
1645 2986 1729 3030 ex
1772 2963 2295 3050 Guelferbytana
2346 2961 2741 3030 bibliotheca
2792 2962 2989 3028 allato
3042 2961 3146 3028 uti
3189 2963 3753 3030 constitueramus.
3841 2962 4014 3029 Illud
4060 2986 4246 3047 vero,
4291 2966 4394 3033 lu-

386 3076 773 3143 bentissime
815 3076 1151 3142 nobiscum
1194 3076 1743 3143 communicatum
1757 3128 1775 3156 ,
1829 3077 1997 3143 nulli
2038 3075 2227 3143 nobis
2270 3077 2417 3142 usui
2458 3075 2585 3142 fuit
2626 3096 2829 3158 quum
2880 3075 3018 3140 fere
3061 3073 3333 3140 dimidia
3374 3095 3458 3140 ex
3500 3083 3689 3158 parte
3730 3094 4040 3141 mancum
4084 3083 4153 3142 et
4192 3078 4395 3144 1111111·-

388 3188 535 3253 111111
580 3189 670 3254 sit
712 3195 780 3253 et
818 3188 893 3252 in
934 3188 1178 3272 pagina
1225 3190 1387 3252 1312
1434 3189 1767 3254 subsistat.
1868 3189 2042 3254 'Pum
2083 3188 2471 3255 'rufinenses
2524 3192 2785 3253 nostros
2838 3187 3117 3271 optimos
3168 3185 3459 3252 fautores
3518 3185 3798 3252 adiimus
3853 3208 3893 3251 a
3937 3186 4170 3271 quibus
4210 3189 4392 3255 aliud

387 3298 733 3383 exemplar
788 3300 1151 3383 accepimus
1204 3299 1341 3365 fere
1397 3300 1758 3384 integrum,
1815 3301 1886 3365 in
1943 3313 2068 3385 quo
2124 3307 2347 3365 tamen
2404 3305 2542 3364 tres
2596 3299 2928 3365 terniones
2981 3319 3019 3364 e
3073 3296 3289 3364 medio
3335 3297 3671 3365 volumine
3717 3297 3852 3364 iam
3890 3300 4222 3383 perierant
4263 3320 4394 3384 quo

386 3419 690 3495 tempore
744 3432 821 3476 ea
873 3431 1039 3494 quae
1092 3432 1270 3478 nunc
1326 3417 1426 3478 est
1476 3411 1762 3495 ligatura
1826 3411 2143 3478 donatum
2196 3412 2334 3477 fuit.
2433 3412 2698 3477 Desunt
2749 3409 2925 3475 enim
2982 3431 3233 3495 ggggg,
3285 3407 3558 3488 hhhhh,
3627 3428 3853 3489 ooooo,
3921 3410 4061 3478 sive
4114 3412 4394 3498 paginae

392 3527 666 3588 11561-
687 3527 847 3588 1592
886 3529 953 3587 et
993 3526 1110 3586 167
1116 3525 1452 3603 3-1688,
1497 3543 1662 3607 quae
1702 3529 1858 3588 sunt
1899 3530 2119 3608 partos
2156 3527 2557 3590 tractatuum
2597 3520 3064 3605 polemicorum
3117 3519 3198 3586 de
3242 3540 3434 3586 sacra
3477 3539 3680 3588 coena
3719 3521 3921 3588 latine
3965 3522 4392 3604 edendorum,

378 3633 629 3718 quibus
672 3634 859 3700 facile
901 3654 1119 3700 carere
1160 3635 1538 3718 poterimus.

2326 3915 2449 3981 IV.

1845 4051 2173 4120 numo
2215 4053 2520 4119 BEZAE
2565 4017 2935 4118 LArmA.

703 4209 934 4274 Altera
974 4208 1187 4274 Bezae
1227 4207 1445 4288 editio,
1491 4217 1569 4273 ut
1608 4209 1740 4273 iam
1785 4228 1988 4291 supra
2029 4207 2334 4287 diximus,
2381 4205 2693 4272 decennio
2734 4211 2882 4288 post
2922 4205 3207 4290 priorem
3249 4205 3494 4290 prodiit
3535 4204 3905 4289 sumptibus
3940 4205 4128 4271 Petri
4164 4202 4395 4272 Saint-

378 4321 628 4390 Δῃὼ-ό
666 4320 1057 4403 bibliopolae
1102 4319 1508 4405 genevensis,
1554 4318 1784 4385 eadem
1824 4320 2050 4397 forma,
2096 4318 2290 4403 paulo
2332 4318 2550 4384 minus
2594 4315 2932 4402 splendide
2974 4317 3313 4402 impressa,
3356 4338 3587 4384 verum
3629 4316 4013 4400 locupletior
4056 4323 4125 4382 et
4167 4319 4394 4405 singu-

381 4435 477 4500 lis
522 4433 905 4499 tractatibus
947 4453 1081 4497 non
1122 4453 1241 4515 pro
1296 4453 1415 4497 sua
1471 4438 1683 4497 aetate
1726 4436 1803 4496 ut
1844 4438 2039 4498 antea
2082 4429 2415 4514 dispositis
2471 4429 2587 4495 sed
2628 4429 2711 4495 ad
2755 4429 3129 4514 argumenti
3173 4430 3494 4494 rationem
3537 4427 3828 4564 digestis.
3916 4428 4177 4496 Titulus
4222 4431 4394 4496 inte-

381 4567 519 4632 ger
562 4546 656 4611 sic
696 4542 925 4609 habet:

704 4665 1001 4720 mmm
1060 4664 1360 4719 mmm
1426 4655 1435 4754 Ι
1500 4640 2223 4726 TRAOTATVS
2292 4648 2304 4751 Ι
2375 4639 3132 4724 THEOLOGIOI
3200 4645 3212 4748 ι
3276 4647 3623 4731 oms,
3668 4650 3919 4718 NuNo
3960 4650 4379 4736 PRIMUM}

385 4779 475 4835 m
522 4777 738 4832 VNVM
769 4775 1130 4832 VOLVMEN
1177 4769 1188 4849 Ι
1238 4766 1434 4832 certis
1477 4765 1792 4832 classibus
1833 4766 2154 4851 congesti.
2202 4765 2215 4850 Ι
2270 4764 2522 4847 QVOR
2537 4763 2684 4831 VM
2715 4764 2946 4845 ALIQ
2961 4762 3067 4829 VI
3104 4759 3295 4828 NEC
3334 4761 3706 4828 LATINE
3738 4764 3749 4846 Ι
3785 4783 3894 4829 nec
3933 4763 4174 4829 Gallice
4195 4763 4395 4844 prius

382 4880 553 4948 editi
571 4880 845 4962 fuerunt.
885 4877 895 4962 Ι
931 4887 1050 4944 HIS
1086 4886 1601 4943 AGGESSERVNT
1634 4887 1967 4943 EIVSDEM
2006 4886 2016 4954 Ι
2054 4904 2261 4940 mmm
2292 4904 2347 4939 m
2381 4904 2500 4938 mn
2501 4903 2562 4940 os
2600 4902 2833 4939 mrem
2867 4902 2940 4938 nn
2990 4873 3002 4956 Ι
3053 4872 3422 4942 Clementia
3469 4873 3959 4941 Commentarii.
4037 4880 4399 4950 (Emblsma.)

386 4988 878 5068 summm,
942 4990 951 5074 ι
1013 4976 1279 5089 Apud
1336 4978 1698 5061 Pet-rum
1759 4976 2513 5083 Santandreanum,
2583 4974 2598 5080 Ι
2660 4987 2753 5052 M„
2778 4986 2863 5052 D
2886 4983 3215 5051 Lxxv1

709 5100 1055 5167 Emblema
1106 5100 1403 5167 officinae
1459 5102 1727 5169 exhibet
1763 5102 2060 5168 mulieris
2103 5101 2319 5167 nudae
2373 5102 2657 5186 figuram
2710 5099 2783 5163 in
2824 5097 3039 5181 lapide
3083 5097 3304 5164 cubico
3347 5097 3661 5177 sedentis,
3704 5096 3869 5180 pede
3910 5095 3983 5158 in
4026 5094 4215 5180 globo
4258 5102 4395 5161 ter-
4537 5169 4542 5175 ,

382 5213 597 5282 rostri
640 5214 851 5295 posito
894 5223 961 5278 et
1004 5211 1239 5278 dextra
1280 5233 1482 5277 manu
1525 5213 1747 5292 solem,
1785 5213 2051 5280 sinistra
2091 5212 2328 5279 librum
2375 5219 2443 5278 et
2473 5211 2732 5297 palmae
2773 5228 3034 5274 ramum
3074 5209 3380 5276 tenentis.
3468 5209 3594 5276 Est
3643 5206 3805 5274 haec
3850 5205 4212 5274 secundum
4252 5206 4398 5290 epi-

376 5323 714 5415 graphen
758 5323 1153 5389 ΑΛΗΘΕΙΔ
1195 5322 1611 5386 ΠΑΝΔΑΜΑ
1622 5324 1815 5388 ΤΩΡ.
1906 5324 2188 5391 Caetera
2228 5329 2614 5390 ornamenta
2655 5320 2988 5387 declarare
3031 5343 3165 5388 non
3207 5321 3459 5387 attinet.
3901 5420 3986 5475 c*
