5100 6061
784 450 863 509 95

779 636 948 701 riam
983 639 1213 701 recitat
1244 634 1658 720 Augustinus
1691 632 1853 697 libro
1878 632 2000 696 ΠΙ.
2040 631 2118 695 de
2153 632 2438 696 Civitate
2471 638 2536 693 et
2568 628 2728 693 Plu-

782 722 1050 788 tarchus
1095 723 1163 785 in
1188 722 1346 785 Vita
1382 719 1623 805 Syllae.
1692 719 1822 783 Hic
1855 726 2075 781 tamen
2118 718 2183 780 in
2220 737 2492 780 numero
2530 737 2571 778 a
2606 712 2726 778 Se-

780 831 943 874 neca
987 807 1326 891 discrepat.
1402 805 1645 872 Scribit
1680 804 1855 868 enim
1900 803 2269 867 interfectos
2307 801 2390 865 ad
2427 822 2543 866 sex
2579 800 2727 863 mil-

778 895 901 960 lia:
947 917 1065 959 nec
1112 915 1491 976 responsum
1528 890 1752 975 Syllae
1798 889 1977 971 ponit
2022 887 2377 971 superbum
2421 885 2582 950 adeo
2628 893 2728 949 at-

782 1005 907 1065 que
965 988 1171 1046 atrox.
1270 979 1415 1043 mic
1473 979 1645 1040 enim
1702 975 1943 1058 legitur
1999 974 2315 1056 quosdam
2371 972 2726 1055 flagitiosos

782 1068 1107 1152 castigari,
1154 1088 1283 1131 non
1326 1063 1650 1147 pauculos.
1719 1060 1853 1126 Sed
1893 1060 2017 1124 hoc
2061 1058 2310 1123 addidit
2356 1057 2609 1124 Seneca
2644 1056 2727 1120 ad

783 1175 1075 1230 auxesin,
1118 1172 1244 1234 quo
1291 1152 1598 1213 maiorem
1644 1149 1885 1212 faceret
1919 1144 2148 1229 Syllae
2181 1144 2515 1209 invidiam.
2586 1145 2732 1208 Au·-

784 1242 1085 1324 gustinus
1130 1238 1211 1301 de
1255 1255 1528 1299 numero
1574 1256 1721 1298 cum
1768 1235 2021 1297 Seneca
2063 1232 2385 1295 convenit.

955 1340 1064 1404 Ad
1106 1340 1315 1405 aedem
1357 1334 1684 1423 Bellonae]
1744 1337 1822 1400 In
1871 1354 1947 1399 ea
1991 1332 2151 1397 aede
2195 1353 2389 1415 saepe
2444 1331 2726 1397 habeba-

783 1437 894 1492 tur
938 1433 1222 1502 senatus,
1270 1424 1655 1506 praesertim
1700 1444 1899 1501 quum
1945 1427 2058 1482 aut
2099 1428 2523 1483 externarum
2569 1440 2727 1501 gen-

781 1513 950 1577 tium
992 1512 1223 1595 legatis
1267 1509 1562 1585 dabatur,
1619 1507 1852 1590 quibus
1899 1506 2126 1570 urbem
2169 1504 2426 1588 ingredi
2469 1525 2602 1568 non
2649 1504 2726 1566 li-

781 1605 987 1676 ceret,
1041 1605 1155 1661 aut
1196 1594 1696 1677 imperatoribus
1742 1590 2152 1673 triumphum
2211 1591 2550 1673 petituris,
2612 1590 2723 1672 qui

780 1707 863 1750 ex
898 1705 1079 1748 more
1114 1683 1345 1747 urbem
1383 1701 1514 1743 non
1549 1674 2106 1761 ingrediebantur,
2144 1676 2272 1740 nisi
2309 1675 2724 1757 triumphan-

778 1779 895 1837 tes.
961 1770 1319 1850 Utriusque
1363 1766 1460 1829 rei
1503 1763 1803 1847 exempla
1845 1770 2001 1828 sunt
2042 1762 2218 1845 apud
2258 1763 2546 1839 Livium,
2594 1769 2724 1824 ter-

776 1858 909 1922 tiae
964 1853 1224 1920 decadis
1282 1852 1446 1917 libro
1492 1851 1578 1915 X.
1642 1851 1719 1914 de
1777 1850 2009 1931 legatis
2046 1846 2720 1931 Carthaginiensium,

777 1943 1013 2026 quibus
1057 1939 1274 2006 vetitis
1318 1936 1575 2020 ingredi
1618 1936 1878 2010 urbem,
1934 1933 2292 2017 hospitium
2334 1933 2403 1997 in
2451 1933 2562 1998 via
2603 1954 2724 2014 pu·-

775 2026 976 2103 blica,
1034 2033 1302 2090 senatus
1358 2023 1441 2085 ad
1494 2021 1722 2087 aedem
1766 2021 2080 2085 Bellonae
2125 2019 2319 2083 datus
2363 2028 2478 2082 est.
2573 2019 2715 2083 Lib.

777 2112 1006 2177 Vnt:
1065 2109 1319 2175 Senatu
1366 2118 1552 2172 extra
1595 2108 1821 2172 urbem
1865 2107 1936 2169 in
1982 2106 2141 2169 aede
2186 2105 2500 2169 Bellonae
2554 2105 2720 2181 date,

777 2220 938 2281 quas
981 2219 1084 2261 res
1129 2195 1435 2276 gessisset
1470 2195 1537 2256 in
1574 2193 1913 2274 Hispania,
1961 2189 2276 2255 disseruit.
2347 2191 2513 2254 Erat
2549 2191 2723 2254 enim

777 2287 964 2349 iuxta
1008 2285 1251 2347 circum
1292 2280 1650 2342 maximum
1697 2288 1885 2342 extra
1930 2278 2155 2342 urbem
2202 2278 2342 2352 sita,
2391 2275 2472 2339 ab
2511 2277 2722 2358 Appio

776 2368 1067 2435 Pulchro
1111 2376 1501 2443 consecrata,
1550 2374 1777 2429 autore
1823 2361 2059 2429 Ovidio
2104 2362 2223 2426 VI.
2262 2363 2641 2426 Fastorum:

1019 2471 1137 2523 Hac
1173 2477 1387 2522 sacrata
1423 2467 1509 2520 die
1547 2466 1762 2520 Thusco
1798 2466 2021 2519 Bellona
2056 2465 2234 2518 duello

1123 2538 1343 2602 Dicitur,
1380 2546 1433 2590 et
1472 2535 1628 2587 Latio
1665 2551 1926 2603 prospera
1962 2550 2174 2601 semper
2209 2532 2378 2585 adest.

1025 2608 1233 2676 Appius
1269 2616 1352 2659 est
1388 2614 1558 2667 autor,
1595 2604 1799 2673 Pyrrho
1837 2605 1925 2670 qui
1962 2618 2098 2670 pace
2137 2613 2345 2667 negata,

1127 2677 1348 2727 Multum
1387 2677 1558 2726 animo
1597 2672 1740 2738 vidit,
1777 2673 1973 2724 lumine
2010 2680 2198 2738 captus
2238 2679 2368 2724 erat.

1020 2745 1285 2811 Prospicit
1321 2758 1353 2795 a
1388 2750 1540 2809 tergo
1576 2757 1834 2795 summum
1870 2740 2045 2794 brevis
2082 2755 2209 2793 area
2245 2741 2460 2792 circum.

779 2840 848 2897 et
889 2840 1075 2898 caett.
1167 2831 1336 2894 Eam
1395 2838 1613 2893 autem
1669 2827 1837 2891 diem
1897 2825 2189 2907 intellige
2247 2824 2456 2906 pridie
2502 2826 2726 2891 Nonas

777 2919 1036 2994 Iunias,
1097 2938 1211 2980 seu
1270 2922 1573 2997 quartum
1630 2913 1800 2978 diem
1859 2914 2103 2976 mensis
2162 2912 2354 2975 Iunii.
2446 2911 2726 2975 Vovisse

781 3005 1072 3088 Appium
1111 3001 1474 3068 Pulchrum
1516 3010 1705 3065 autor
1748 3008 1850 3063 est
1872 2997 2107 3063 Livius
2154 2998 2316 3062 libro
2350 2998 2456 3074 X.,
2492 3017 2725 3062 verum

782 3114 821 3157 a
864 3112 990 3172 quo
1034 3091 1120 3153 sit
1160 3096 1565 3162 consecrata,
1626 3092 1741 3149 aut
1783 3106 1908 3167 quo
1953 3093 2260 3165 tempore,
2307 3104 2441 3147 non
2494 3085 2724 3147 memi-

704 3171 715 3180 ’
780 3178 898 3242 nit.
963 3177 1264 3240 Primum
1306 3181 1529 3237 tamen
1574 3170 2212 3237 senatusconsultum
2256 3168 2428 3250 apud
2457 3169 2725 3233 Livium

778 3264 870 3327 ibi
913 3263 1158 3326 factum
1202 3260 1475 3342 legitur,
1525 3278 1726 3339 quum
1768 3257 1981 3321 victor
2024 3254 2378 3320 Marcellus
2422 3275 2725 3320 reversus

780 3370 864 3412 ex
909 3345 1255 3431 Syracusis
1314 3342 1723 3427 triumphum
1766 3343 1846 3406 ob
1890 3363 1995 3406 rcs
2040 3362 2077 3409 a
2123 3361 2193 3403 se
2236 3348 2455 3423 gestas
2498 3353 2724 3423 postu-

780 3434 957 3498 lavit.
1027 3430 1348 3497 Senatum
1373 3428 1656 3494 habebat
1676 3426 1749 3492 C.
1776 3426 2220 3509 Ualphurnius
2243 3434 2520 3508 praetor,
2558 3426 2723 3492 libro

780 3518 901 3582 VI.
938 3519 1167 3581 tertiae
1212 3515 1487 3581 decadis.
1555 3513 1659 3577 De
1682 3514 1822 3596 ipsa
1844 3513 1965 3576 dea
1986 3512 2128 3595 lege
2152 3512 2534 3577 Ciceronem
2562 3513 2727 3577 libio

782 3603 1065 3668 secundo
1100 3602 1180 3666 de
1215 3602 1469 3666 Natura
1505 3600 1789 3676 deorum,
1836 3598 2256 3663 Lactantium
2295 3598 2461 3663 libro
2496 3599 2722 3681 prime.

781 3690 880 3756 Ut
923 3687 1006 3753 ad
1044 3687 1297 3772 Syllam
1339 3687 1703 3762 redeamus,
1751 3684 1960 3767 potuit
2006 3684 2192 3749 facile
2227 3683 2576 3749 clamorem
2612 3706 2726 3748 cx-

783 3774 1025 3840 audire.
1117 3774 1243 3837 Illa
1301 3774 1476 3838 enim
1519 3771 1859 3835 hominum
1903 3778 2154 3852 septem
2195 3770 2402 3834 millia
2446 3791 2612 3852 quae
2657 3791 2726 3835 66

779 3861 876 3930 illi
901 3859 1338 3937 dediderant,
1396 3878 1470 3923 ac
1514 3858 1585 3920 in
1627 3856 1825 3921 fidem
1878 3857 2344 3937 permiserant,
2403 3877 2725 3920 convenc-

776 3955 930 4011 rant
989 3948 1056 4009 in
1121 3947 1367 4011 circum
1426 3944 1785 4025 maximum
1852 3963 1986 4005 non
2047 3942 2243 4025 longe
2312 3964 2349 4005 a
2411 3941 2725 4006 Bellonae

778 4033 1043 4115 templo,

955 4135 1156 4199 Pauci
1215 4133 1425 4215 Syllae
1476 4130 1869 4217 videbantwr]
1935 4129 2048 4195 Sic
2105 4130 2514 4213 respondisse
2571 4128 2724 4215 Syl-

777 4220 913 4285 lam
957 4221 1068 4286 alii
1114 4240 1246 4283 non
1292 4218 1590 4295 tradunt,
1648 4216 2191 4301 quemadmodum
2247 4216 2560 4302 diximus:
2611 4216 2724 4280 sed

777 4308 901 4372 hoc
937 4306 1187 4372 addidit
1222 4304 1490 4382 Seneca,
1537 4314 1611 4368 ut
1636 4305 1958 4386 acciperet
1996 4303 2395 4367 occasionem
2434 4300 2726 4366 schema-

778 4395 863 4458 tis
919 4391 1089 4475 quod
1135 4391 1407 4456 Graecis
1455 4396 1600 4468 [pag.
1650 4395 1758 4468 87]
1810 4387 2137 4460 ἀνάκλασις
2184 4386 2467 4464 dicitur,
2525 4408 2727 4470 quum

778 4478 847 4543 id
887 4478 1059 4562 quod
1118 4478 1197 4540 ab
1255 4476 1459 4540 altero
1504 4476 1750 4542 dictum
1793 4483 1921 4553 est,
1978 4475 2048 4537 in
2094 4472 2289 4538 aliam
2334 4474 2728 4537 sententiam

777 4573 1247 4646 retorquemus.
1336 4560 1731 4627 Huiusmodi
1786 4569 1886 4625 est
1938 4559 2209 4642 vulgare
2260 4558 2421 4621 illud
2477 4559 2725 4623 Procu-

777 4650 919 4715 leii:
966 4651 1071 4714 cui
1119 4670 1318 4731 quum
1370 4648 1544 4712 filius
1592 4648 1866 4712 dixisset
1909 4667 1977 4709 se
2022 4666 2154 4709 non
2199 4659 2474 4708 mortem
2521 4645 2725 4726 patris

781 4743 1178 4820 exspectare,
1224 4734 1471 4799 scilicet
1512 4733 1880 4815 intelligens
1927 4753 1993 4795 se
2038 4752 2169 4795 non
2205 4730 2460 4794 inhiare
2495 4729 2725 4794 haere-

783 4821 989 4898 ditati,
1036 4822 1294 4903 excepit
1337 4820 1476 4884 ille:
1534 4820 1676 4882 Imo
1722 4839 1875 4882 vero
1921 4825 2277 4898 exspectes,
2325 4837 2445 4880 nec
2490 4835 2726 4898 prope-

779 4929 885 4972 res
929 4907 1146 4971 moliri
1191 4914 1266 4969 ut
1308 4905 1595 4971 velocius
1638 4904 1896 4967 moriar.
1959 4900 2148 4986 Sylla
2190 4902 2501 4984 pauculos
2544 4900 2725 4965 dixe-

780 5002 885 5057 rat·
924 4992 1156 5069 occidi,
1218 5001 1293 5055 ut
1349 4999 1670 5054 terrorem
1728 4990 2053 5052 minueret
2096 5010 2289 5071 quem
2334 4996 2597 5052 senatus
2642 5006 2725 5050 ex

688 5069 697 5096 '
780 5085 961 5142 tanto
1006 5077 1288 5142 clamore
1330 5087 1751 5158 conceperam
1787 5074 2039 5138 Seneca
2081 5074 2162 5137 ad
2209 5075 2548 5156 sanguinis
2587 5073 2723 5137 avi-

783 5163 1054 5228 ditatem
1099 5165 1313 5228 refert.

954 5265 1307 5331 Eseodem
1360 5285 1605 5346 corpore
1661 5260 1940 5348 abrupti]
2001 5265 2256 5348 Argute
2309 5264 2558 5348 colligit
2614 5284 2724 5328 eos

781 5374 916 5416 non
959 5374 1099 5416 esse
1143 5354 1336 5430 cives,
1383 5353 1497 5433 qui
1540 5350 1613 5412 in
1657 5369 1999 5414 commune
2043 5370 2175 5412 non
2219 5351 2473 5416 vivunt.
2544 5348 2726 5430 Quid

2412 439 2541 505 DE
2589 440 3136 506 CLEMENTIA

4696 443 4772 503 96

2833 628 3010 691 enim
3056 635 3154 692 est
3195 627 3468 693 civitas?
3533 630 3785 713 Nempe
3830 628 4176 695 concilium
4219 637 4525 695 coetusve
4567 627 4772 692 homi-

2832 735 2992 777 num
3036 714 3178 777 iure
3222 714 3534 791 sociatus,
3582 716 3795 798 inquit
3840 714 4068 781 Cicero
4112 716 4183 779 in
4229 715 4479 781 somnio
4525 712 4772 797 Scipio-

2833 799 2954 863 nis.
3058 797 3276 879 Quam
3334 799 3779 865 definitionem
3833 802 4113 883 sumpsit
4168 822 4250 865 ex
4301 800 4654 865 Aristotele
4705 802 4772 864 in

2832 884 3143 949 Politicis.
3238 883 3316 949 Si
3357 886 3561 969 igitur
3604 907 3739 950 non
3782 888 3994 951 omnis
4038 888 4312 952 societas
4369 895 4470 952 est
4526 887 4771 964 civitas,

2833 969 2946 1040 sed
2988 991 3066 1033 ea
3111 979 3370 1036 tantum
3414 992 3581 1055 quae
3625 973 3843 1055 probis
3888 973 4178 1043 moribus
4234 983 4300 1038 et
4351 971 4573 1056 aequis
4615 972 4775 1056 legi-

2828 1056 2954 1121 bus
3001 1057 3210 1120 vivat:
3265 1057 3581 1121 nimirum
3638 1059 3751 1141 qui
3812 1059 4069 1142 legibus
4124 1081 4256 1123 non
4300 1060 4771 1140 obtemperant,

2831 1142 3010 1206 cives
3053 1163 3184 1206 non
3243 1152 3423 1219 sunt,
3484 1141 3596 1208 sed
3654 1166 3736 1207 ex
3794 1166 4061 1228 corpore
4116 1145 4440 1229 legitimae
4494 1143 4775 1215 civitatis

2831 1226 3109 1310 abrupti.
3198 1228 3283 1291 In
3325 1228 3560 1293 hostile
3617 1251 3857 1294 nomen
3911 1237 4277 1296 transeunt.
4365 1230 4450 1294 In
4504 1227 4775 1294 eandem

2831 1313 3224 1377 sententiam
3247 1314 3401 1379 alibi
3426 1315 3680 1381 Cicero:
3715 1316 3811 1381 Ut
3832 1336 4107 1398 corpora
4126 1325 4353 1381 nostra
4373 1316 4517 1379 sine
4539 1322 4774 1395 mente,

2828 1398 2920 1462 ita
2965 1399 3195 1463 civitas
3239 1401 3380 1465 sine
3424 1399 3586 1484 lege,
3631 1403 3765 1466 suis
3809 1402 4103 1484 partibus
4140 1410 4212 1467 ut
4248 1401 4469 1467 nervis
4516 1423 4590 1466 ac
4627 1423 4773 1466 san-

2831 1484 3028 1567 guine
3072 1491 3141 1548 et
3183 1485 3510 1565 membris,
3556 1488 3654 1551 uti
3699 1509 3832 1551 non
3877 1497 4108 1570 potest.

3007 1570 3269 1634 Interim
3305 1571 3414 1636 hoc
3455 1574 3615 1652 quod
3656 1572 4037 1659 dicebamus]
4096 1572 4302 1654 Quasi
4362 1573 4631 1637 diceret:
4684 1572 4773 1636 Il-

2828 1653 2941 1718 lud
2983 1656 3190 1720 obiter
3225 1656 3469 1720 dictum
3515 1659 3617 1733 sit,
3668 1657 4003 1723 admoneri
4050 1682 4167 1725 nos
4211 1658 4511 1741 exemplo
4549 1656 4774 1741 Syllae

2826 1761 2987 1822 quos
3045 1741 3263 1807 hostes
3321 1746 3620 1825 persequi
3683 1744 4046 1811 debeamus.
4137 1746 4412 1809 Interim
4460 1744 4632 1826 quod
4677 1752 4774 1807 est

2824 1826 3112 1891 instituti
3142 1830 3345 1892 nostri
3372 1830 3726 1911 proprium,
3764 1830 3953 1895 facile
3990 1840 4343 1916 tyrannum
4381 1851 4420 1893 a
4454 1852 4609 1914 rege
4646 1829 4771 1895 dis-

2827 1914 3039 1976 cernit
3082 1912 3445 1979 clementia.

3015 1998 3273 2080 Uterque
3307 2001 3442 2064 licet
3487 2022 3603 2065 non
3636 2001 3848 2066 minus
3882 2004 4082 2066 armis
4116 2001 4409 2087 valletur]
4458 1999 4770 2082 Παραδια-

2828 2084 3025 2162 στολή,
3073 2106 3268 2168 quam
3290 2085 3536 2151 Fabius
3558 2087 3667 2153 lib.
3694 2088 3817 2152 IX.
3859 2087 4342 2153 distinctionem
4365 2097 4575 2165 vocat,
4613 2107 4771 2169 quae

2827 2170 2990 2235 duas
3033 2193 3139 2236 res
3184 2187 3299 2235 aut
3341 2171 3591 2254 plures,
3651 2195 3816 2255 quae
3859 2174 4169 2238 videntur
4213 2172 4486 2237 eandem
4532 2173 4668 2237 vim
4709 2184 4771 2237 et

2827 2258 3149 2321 rationem
3186 2256 3463 2336 habere,
3513 2257 3857 2342 disiungit,
3906 2268 3972 2322 et
4015 2269 4334 2341 quantum
4374 2258 4621 2323 distent
4664 2258 4769 2322 do-

2828 2352 2945 2419 cet,
2991 2364 3177 2407 suam
3220 2343 3454 2425 cuique
3498 2347 3830 2428 propriam
3868 2346 4266 2410 sententiam
4301 2343 4767 2427 subiungendO.

2829 2426 2942 2492 Sic
2987 2427 3266 2494 Ovidius
3309 2430 3378 2493 in
3421 2431 3754 2495 resimili:

3056 2532 3129 2584 Et
3164 2532 3322 2599 latro,
3361 2541 3417 2585 et
3453 2541 3640 2588 cautus
3675 2535 4039 2602 praecingitur
4075 2549 4202 2587 ense
4240 2535 4432 2600 viator,

3160 2601 3262 2653 Ille
3301 2601 3397 2654 sed
3432 2602 3668 2670 insidiaS,
3705 2604 3790 2655 hic
3829 2604 3927 2656 sibi
3963 2610 4145 2669 portat
4183 2617 4355 2668 opem.

2829 2686 3144 2750 Eiusdem
3194 2688 3453 2769 generis
3497 2697 3598 2753 est
3650 2689 3848 2752 etiam
3892 2687 4063 2769 quod
4108 2688 4435 2769 sequitur:
4493 2685 4662 2750 Nolo
4711 2697 4770 2750 te

2830 2774 3091 2854 saepius
3134 2793 3404 2854 parcum
3449 2773 3805 2855 appellare,
3865 2795 4065 2855 quum
4119 2775 4210 2836 sis
4259 2794 4514 2838 avarus.
4606 2772 4772 2836 Nam

2830 2860 2939 2940 qni
2986 2880 3218 2941 parcus
3262 2870 3378 2933 est,
3428 2861 3636 2922 utitur
3683 2880 3757 2923 66
3810 2859 3980 2941 quod
4025 2860 4180 2923 satis
4237 2869 4363 2936 est3
4423 2868 4494 2921 tu
4552 2868 4772 2924 contra

2829 2959 3097 3027 propter
3140 2945 3505 3022 avaritiam,
3551 2965 3677 3027 quo
3723 2944 3868 3027 plus
3910 2945 4130 3023 habes,
4177 2944 4390 3028 magis
4432 2965 4603 3027 eges.
4673 2944 4774 3007 Ita

2830 3053 2961 3095 non
3024 3039 3161 3094 tam
3216 3030 3594 3114 diligentiae
3649 3032 3928 3109 fructus,
3984 3053 4178 3113 quam
4236 3033 4455 3114 copiae
4513 3028 4773 3096 miseria

2829 3117 3257 3199 consequitur.

3001 3203 3186 3267 Alter
3226 3222 3410 3266 arma
3445 3203 3621 3267 habet
3655 3201 3908 3288 quibus]
3958 3204 4105 3267 Rex
4150 3203 4409 3280 scilicet,
4454 3203 4642 3267 cuius
4683 3201 4771 3266 of-

2829 3290 3049 3353 ficium
3100 3296 3201 3351 est
3246 3288 3381 3351 vim
3426 3310 3589 3370 quae
3635 3289 3912 3353 subditis
3969 3289 4310 3365 inferatur,
4371 3288 4574 3353 armis
4627 3309 4771 3370 pro—

2828 3375 3109 3457 pulsare,
3157 3374 3393 3456 quibus
3437 3376 3644 3439 utitur
3687 3385 4002 3457 tanquam
4046 3376 4223 3456 pacis
4263 3372 4603 3456 praesidio,

3002 3460 3184 3524 Alter
3228 3465 3299 3523 ut
3351 3481 3576 3543 mayno
3629 3462 3843 3525 timore
3930 3458 4199 3526 Scilicet
4254 3471 4608 3544 tyrannus,
4668 3460 4773 3542 qui

2830 3568 3033 3629 quum
3055 3544 3357 3610 omnibus
3379 3547 3632 3612 invisus
3656 3547 3761 3624 sit,
3800 3568 3837 3611 o
3884 3547 3949 3620 ia
3972 3556 4221 3610 terrore
4244 3546 4519 3611 cohibet.
4586 3543 4775 3626 Quod

2830 3632 3229 3716 significavit
3272 3632 3690 3715 Tranquillus
3736 3632 3816 3696 de
3853 3634 4230 3696 Domitiano
4275 3633 4577 3714 loquens:
4625 3631 4774 3695 Ino·

2829 3719 2940 3801 pia
2983 3738 3209 3801 rapax,
3254 3725 3438 3781 metu
3484 3739 3734 3784 saevus.
3825 3719 3917 3783 Et
3961 3717 4397 3783 Claudianus:

3257 3821 3461 3875 Cuncta
3496 3822 3636 3890 ferit,
3675 3822 4030 3875 dum-cuncta
4064 3823 4230 3874 timet.

3007 3908 3136 3972 Nec
3179 3907 3330 3973 illas
3373 3909 3548 3988 ipsas
3600 3905 3854 3993 manus]
3918 3906 4052 3988 Qui
4104 3917 4329 3971 omnes
4385 3908 4606 3984 timet,
4669 3909 4775 3990 qui

2831 3993 2912 4059 ad
2947 4015 3207 4057 omnem
3235 4000 3483 4057 motum
3519 3994 3823 4076 trepidat,
3871 4015 4020 4058 suos
4067 3994 4264 4058 etiam
4311 3993 4625 4058 satellites
4663 4016 4777 4059 cur

2830 4101 2960 4143 non
3017 4078 3288 4142 timeat?
3352 4087 3635 4143 armatos
3679 4078 3884 4156 videt,
3943 4101 4061 4144 nec
4118 4080 4277 4144 satis
4332 4098 4601 4144 securus
4659 4089 4772 4157 est,

2831 4187 2914 4229 an
2960 4187 3076 4249 pro
3121 4185 3207 4241 66,
3248 4187 3329 4228 an
3378 4178 3605 4229 contra
3645 4186 3714 4228 se
3759 4166 3931 4228 ferro
3979 4166 4417 4248 accingantur.
4490 4166 4571 4229 In
4609 4166 4774 4229 hanc

2828 4252 3224 4316 sententiam
3271 4249 3707 4315 introducitur
3751 4251 4072 4335 Thyestes
4117 4271 4156 4313 a
4201 4250 4455 4346 Seneca
4495 4253 4772 4335 tragico:

3687 4352 3827 4406 Dum
3865 4354 4112 4406 excelsus
4150 4354 4274 4406 steti

3105 4421 3388 4488 Nunquam
3423 4437 3623 4489 pavere
3661 4421 3859 4488 destiti,
3897 4429 4056 4490 atque
4093 4423 4267 4489 ipsum
4304 4423 4407 4474 mei

3105 4490 3329 4544 Ferrum
3363 4491 3550 4543 timere
3589 4491 3789 4543 lateris,
4365 4545 4386 4564 ἰ

3019 4575 3096 4640 Ut
3130 4577 3377 4640 invisas
3421 4577 3504 4639 sit
3545 4577 3697 4656 quia
3736 4573 4010 4660 timetur]
4076 4574 4441 4640 Contrariis
4497 4577 4566 4640 in
4629 4597 4774 4642 con·

2831 4662 3034 4726 traria
3090 4663 3309 4745 agitur
3353 4671 3691 4745 tyrannus.
3783 4662 3956 4725 Nam
4009 4660 4226 4726 timeri
4269 4662 4413 4727 vult
4467 4663 4623 4744 quia
4677 4664 4772 4727 in-

2828 4749 3015 4814 visus
3057 4753 3204 4826 [pag.
3243 4752 3351 4825 88]
3398 4755 3513 4810 est.
3583 4748 3671 4809 Et
3714 4754 3933 4811 tamen
3980 4746 4123 4811 ideo
4167 4750 4421 4812 invisus
4465 4749 4582 4824 est,
4628 4750 4777 4830 quia

2830 4836 3112 4897 timetur.
3204 4833 3405 4914 Atqui
3450 4832 3615 4895 nihil
3661 4854 3822 4914 opus
3868 4846 4040 4898 esset
4083 4835 4345 4910 timore,
4404 4834 4460 4898 si
4516 4835 4778 4899 nullum

2831 4929 3002 4984 esset
3036 4919 3272 4983 odium.
3341 4919 3487 4982 Hoc
3522 4919 3728 5000 igitur
3761 4940 3967 4982 unum
4010 4917 4109 4982 illi
4150 4920 4400 4984 malum
4443 4928 4561 4994 est,
4608 4919 4776 5003 quod

2830 5015 3020 5088 putat
3060 5004 3220 5068 mali
3269 5003 3648 5068 remedium.

3005 5091 3093 5154 Et
3123 5088 3398 5176 timetur]
3447 5091 3541 5156 Ut
3572 5092 3746 5154 enim
3782 5092 3874 5155 ait
3908 5091 4185 5168 Ennius,
4232 5112 4427 5173 quem
4459 5099 4775 5169 metuunt,

2831 5177 3138 5242 oderunt:
3185 5198 3380 5258 quem
3416 5178 3683 5259 quisque
3719 5176 3872 5255 odit,
3910 5177 4156 5259 perisse
4192 5176 4456 5259 expetit.
4527 5175 4780 5243 Seneca

2831 5263 2941 5327 lib.
2989 5263 3078 5326 ΙΙ.
3120 5262 3200 5326 (16
3243 5262 3382 5327 Ira:
3431 5261 3647 5343 Quid?
3696 5262 3868 5345 quod
3911 5282 4172 5345 semper
4213 5264 4282 5327 in
4334 5269 4633 5328 auctores
4674 5285 4779 5328 re-

2834 5348 3085 5412 dundat
3126 5349 3337 5427 timor,
3385 5370 3503 5415 nec
3534 5349 3880 5431 quisquam
3913 5350 4246 5426 metuitur,
4290 5349 4433 5432 ipse
4464 5348 4775 5415 securus?
