5100 6061
730 440 795 502 L
1248 449 1256 466 “
1909 427 2453 498 TRAOTATUS
2500 425 3086 493 THEOLOGICI
3130 425 3571 492 MINORES.

735 626 1056 703 cedente&
1102 626 1244 708 ipsa
1290 627 1613 708 scriptura
1657 645 1843 688 sacra
1888 623 2049 687 duce
2094 619 2220 682 tuti
2268 617 2519 683 Christi
2566 616 2845 700 vestigia
2887 616 3117 681 lecturi
3165 626 3370 680 erant.
3460 617 3692 700 Itaque
3737 640 3909 683 anno
3962 623 4152 695 1540,
4213 617 4366 681 dum
4415 620 4743 701 Argento-

732 739 862 803 rati
907 738 1211 821 degebat,
1258 738 1544 819 primum
1590 736 1765 799 hunc
1810 740 2164 798 tractatum
2209 729 2442 814 gallice
2487 729 2929 811 conscriptum
2973 729 3420 810 praeparavit,
3466 730 3608 811 qui.
3654 730 3822 811 quod
3865 730 4054 796 facile
4097 731 4477 807 conieceris‚
4537 729 4742 812 pluri-

732 851 968 915 fariam
1011 871 1160 913 cum
1207 849 1498 913 eiusdem
1552 847 1918 931 argumenti
1970 844 2183 926 capite
2239 843 2309 906 in
2349 841 2771 905 Institutione
2824 841 3183 929 conspirat,
3241 862 3567 923 nusquam
3623 849 3870 921 tamen,
3927 852 4247 925 quantum
4300 864 4419 906 nos
4477 842 4742 925 quidem

734 962 1040 1040 vidimus,
1097 960 1481 1042 simpliciter
1523 957 1676 1023 inde
1722 957 2087 1039 descriptus
2131 960 2248 1032 est,
2295 952 2409 1017 sed
2450 951 2672 1034 potius
2718 949 2797 1017 ad
2844 963 3110 1033 captum
3151 952 3470 1017 lectorum
3514 953 3734 1018 minus
3778 953 4117 1020 doctorum
4159 954 4597 1019 conformatus
4642 955 4741 1020 vi-

738 1072 945 1138 detur.
1035 1073 1298 1137 Novum
1342 1074 1542 1155 igitur
1585 1091 1747 1152 opus
1791 1068 2027 1133 merito
2071 1065 2352 1130 habetur
2397 1084 2783 1146 semperque
2825 1063 3122 1129 habitum
3167 1072 3284 1145 est,
3338 1065 3432 1129 ita
3475 1072 3551 1128 ut
3594 1085 3747 1130 mox
3793 1067 3989 1132 etiam
4034 1086 4074 1129 a
4119 1066 4411 1132 Gallasio
4468 1067 4540 1131 in
4591 1068 4742 1132 lati-

736 1206 892 1249 nam
936 1185 1227 1268 linguam
1272 1186 1659 1249 conversum
1706 1181 1823 1261 sit,
1882 1176 2055 1262 quod
2102 1198 2259 1242 sane
2303 1195 2439 1239 non
2482 1176 2729 1241 factum
2788 1188 2959 1241 esset
2998 1177 3053 1241 si
3097 1176 3314 1259 ipsum
3355 1199 3439 1241 ex
3482 1177 3685 1241 latino
3729 1177 4173 1244 Institutionis
4226 1177 4583 1263 archetypo
4627 1201 4743 1245 ex-

734 1304 1035 1381 cerptum
1079 1303 1333 1360 tantum
1377 1295 1624 1360 fuisset.
1714 1291 1922 1356 Plura
1968 1288 2220 1353 dabunt
2259 1288 2499 1371 Henry
2537 1288 2581 1351 1.
2626 1309 2677 1352 c.
2722 1287 2777 1352 Ι.
2828 1291 2943 1352 261
2998 1309 3202 1371 seqq.;
3249 1287 3592 1353 Staehelin
3634 1289 3677 1353 l.
3723 1311 3775 1355 c.
3823 1293 3946 1355 209
3992 1311 4165 1372 seqq.

1052 1406 1339 1472 Primam
1382 1404 1733 1470 editionem
1778 1400 2199 1467 Senebierius
2241 1397 2501 1482 quidem
2545 1399 2703 1464 dicit
2744 1407 2964 1463 notam
3010 1401 3166 1463 anni
3217 1404 3379 1463 1540
3420 1418 3578 1483 prae
3613 1421 3692 1465 se
3733 1401 3921 1465 ferre.
4014 1400 4226 1481 Quod,
4273 1401 4428 1467 dum
4471 1403 4741 1468 meliora

734 1520 1139 1596 edoceamur,
1187 1517 1458 1584 dubium
1501 1515 1818 1580 habemus
1863 1513 2102 1595 quippe
2147 1511 2259 1593 qui
2304 1531 2630 1593 nusquam
2673 1518 3003 1574 terrarum
3046 1512 3246 1576 talem
3290 1510 3668 1576 viderimus.
3758 1511 3964 1579 Nobis
4020 1514 4325 1596 princeps
4375 1522 4475 1580 est
4518 1514 4738 1580 Gene-

736 1633 955 1697 vensis
999 1631 1153 1696 anni
1204 1633 1362 1693 1541
1409 1629 1598 1694 cuius
1642 1625 1943 1703 unicum,
2002 1622 2174 1705 quod
2234 1622 2448 1687 adhuc
2503 1630 2763 1687 exstare
2807 1622 3092 1700 videtur,
3149 1622 3487 1706 exemplar
3525 1621 3816 1706 possidet
3856 1624 4269 1691 Bibliotheca
4311 1627 4737 1710 Zofingensis.

735 1742 930 1824 Quod
973 1744 1027 1808 si
1074 1742 1331 1806 mireris
1374 1739 1667 1806 libellum
1713 1735 2026 1801 Genavae
2068 1735 2284 1817 potius
2328 1755 2526 1816 quam
2572 1735 3000 1817 Argentorati
3043 1736 3329 1818 primum
3373 1735 3551 1819 typis
3605 1735 3995 1801 mandatum
4049 1737 4280 1818 fuisse,
4335 1738 4498 1803 haec
4554 1737 4738 1803 nullo

733 1855 995 1938 negotio
1042 1853 1332 1919 solvetur
1374 1851 1665 1916 obiectio,
1754 1848 1836 1912 In
1880 1847 2003 1910 hac
2048 1846 2224 1910 enim
2280 1850 2507 1910 nostra
2550 1846 2711 1910 urbe
2756 1850 2899 1909 tum
2946 1847 3258 1928 temporis
3300 1846 3418 1911 vix
3462 1848 3952 1930 typographum
3995 1848 4274 1931 aliquem
4321 1857 4512 1914 autor
4552 1870 4738 1933 repe-

728 1967 862 2031 rire
906 1972 1164 2048 poterat
1207 1964 1393 2028 cuius
1437 1962 1696 2026 officina
1740 1958 2226 2025 characteribus
2274 1958 2507 2041 gallico
2553 1957 2876 2022 scribendi
2934 1958 3100 2021 mori
3155 1958 3653 2024 accommodatis
3710 1959 4036 2024 instructa
4091 1961 4316 2040 fuerit,
4375 1961 4481 2027 vel
4538 1962 4737 2025 etiam

729 2078 842 2159 qui
888 2082 1193 2159 sumptus
1237 2075 1448 2137 facere
1492 2072 1771 2139 volucrit
1814 2092 1932 2154 pro
1976 2070 2194 2136 libello
2240 2068 2609 2153 peregrinis
2654 2070 2938 2134 maxime
2979 2069 3329 2135 lectoribus
3374 2068 3715 2148 destinato,
3762 2070 4183 2153 popularibus
4215 2093 4375 2137 vero
4419 2074 4556 2139 suis
4599 2074 4735 2139 fere

730 2187 969 2252 inutili.
1058 2185 1419 2267 Exemplar
1462 2185 1851 2268 Zofingense
1891 2182 2368 2247 humanissime
2414 2180 2600 2245 nobis
2646 2181 2725 2245 ad
2771 2188 3032 2265 tempus
3073 2202 3454 2247 concessum
3498 2189 3614 2258 est,
3661 2184 3755 2247 ita
3797 2190 3873 2246 ut
3929 2182 4012 2246 ad
4065 2183 4230 2248 illud
4281 2192 4537 2249 textum
4586 2207 4735 2250 nos-

730 2307 911 2363 trum
967 2297 1455 2363 accuratissime
1512 2296 1918 2361 conformare
1972 2294 2406 2376 potuerimus,
2467 2314 2596 2375 qua
2650 2292 2729 2357 de
2783 2314 2854 2357 re
2911 2280 3230 2357 maximas
3275 2300 3493 2377 grates
3551 2292 3710 2357 Viro
3756 2293 4128 2359 doctissimo
4175 2303 4242 2359 et
4297 2297 4734 2377 meritissimo,

730 2409 912 2475 illius
955 2408 1382 2473 bibliothecae
1425 2408 1768 2490 praefecto,
1816 2405 1890 2470 O.
1935 2406 2248 2471 Frickart
2290 2413 2355 2469 et
2402 2403 2720 2469 habemus
2763 2411 2833 2468 et
2871 2405 3127 2487 publice
3170 2405 3545 2488 persolvere
3588 2405 3904 2487 cupimus.
3993 2406 4165 2471 Ecce
4208 2407 4504 2472 titulum:

1040 2507 1407 2590 PETIT
1464 2504 1474 2609 Ι
1530 2498 1933 2582 ΤΒΑΙΟΤΕ
1980 2518 2107 2582 DE
2153 2517 2281 2581 LA
2324 2515 2331 2600 1
2372 2525 2684 2580 sAlNoTE
2729 2525 2922 2579 CENE
2967 2524 3067 2580 DE
3103 2525 3225 2579 No-
3251 2518 3259 2599 Ι
3289 2515 3462 2587 stre
3547 2502 3971 2615 Seigneur
4032 2506 4276 2588 Iesus
4341 2506 4652 2590 Christ.
4723 2503 4731 2619 Ι

732 2631 993 2715 Auquel
1050 2639 1149 2696 est
1209 2630 1583 2695 demonstra
1636 2629 1702 2693 la
1746 2649 1948 2713 vraye
2004 2628 2269 2693 institu-
2296 2627 2306 2709 Ι
2336 2628 2504 2707 tion,
2561 2628 2786 2711 proffit
2836 2637 2903 2692 et
2942 2626 3157 2692 vtilite
3213 2627 3489 2694 d’icelle:
3545 2628 3827 2694 Ensem·
3856 2630 3866 2719 Ι
3891 2628 3995 2694 ble
4052 2629 4119 2695 la
4163 2649 4354 2695 cause
4394 2651 4736 2714 pourquoy

730 2744 1059 2827 plusieurs
1112 2743 1120 2825 Ι
1175 2741 1288 2807 des
1324 2741 1677 2825 Modernes
1720 2738 2046 2806 semblent
2088 2761 2172 2804 en
2220 2740 2406 2804 auoir
2458 2739 2467 2822 Ι
2518 2738 2716 2804 escrit
2760 2738 3217 2805 diversement.
3262 2740 3269 2823 Ι
3614 2727 3791 2811 Par
3862 2729 3981 2811 M.
4050 2730 4257 2812 Iean
4331 2728 4653 2812 Caluin.
4721 2726 4729 2843 Ι

733 2860 1103 2930 1MPR1ME1
1145 2873 1195 2924 a
1251 2822 1631 2946 Geneue,
1688 2869 1843 2952 par
1892 2838 2215 2922 Michel
2259 2840 2405 2921 Du
2461 2840 2667 2922 bois.
2726 2845 2736 2949 Ι
2792 2851 2885 2915 M.
2923 2851 3007 2916 D.
3045 2851 3234 2916 XLI.

1042 2966 1291 3030 Forma
1333 2963 1540 3029 libelli
1584 2964 1919 3029 octonaria
1960 2969 2061 3028 est
2099 2962 2392 3041 minima,
2438 2964 2900 3046 quaterniones
2945 2971 3103 3028 sunt
3145 2969 3426 3048 quatuor
3468 2985 3618 3030 cum
3660 2970 3845 3047 parte
3888 2964 4100 3047 quinti
4155 2963 4396 3050 (a—e),
4454 2965 4737 3050 paginae

729 3086 1115 3143 numeratae
1174 3082 1273 3143 73.
1361 3077 1445 3142 In
1498 3078 1629 3141 fine
1685 3076 1958 3160 legitur:
2028 3074 2443 3141 IMPRIME
2500 3077 2564 3141 A
2621 3076 3002 3143 GENEVE
3068 3077 3259 3142 PAR
3312 3075 3679 3143 MIGHEL
3743 3075 3878 3141 DV
3933 3074 4169 3142 BOIS.
4259 3077 4352 3141 M.
4407 3078 4492 3142 D.
4543 3077 4735 3143 XLI.

730 3189 921 3256 Folio
963 3190 1177 3273 primo
1221 3210 1411 3258 verso
1451 3189 1841 3271 inscriptum
1885 3193 1986 3252 est
2029 3185 2293 3251 carmen
2338 3187 2747 3253 acrostichon
2789 3188 2939 3254 hoc:

2263 3349 2714 3431 L’imprimeur
2756 3371 2888 3415 aux
2930 3350 3204 3416 lecteurs.

2623 3468 2850 3524 Dizain.

1884 3591 2142 3658 lennes
2185 3594 2239 3654 et
2278 3591 2464 3654 vieux
2504 3591 2564 3656 si
2607 3611 2760 3655 vous
2801 3591 3015 3655 voulez
3056 3593 3408 3673 apprendre

1862 3701 2314 3769 Entierement
2352 3702 2432 3767 oa
2464 3703 2592 3784 yist
2633 3707 2838 3767 nostre
2876 3704 3059 3783 salut,

1865 3811 2059 3879 Avec
2101 3813 2371 3877 douceur
2412 3814 2472 3878 ie
2515 3834 2668 3878 vous
2709 3814 2937 3897 supply
2980 3815 3335 3896 d'entendre,

1864 3925 1953 3991 N
1962 3946 1993 3988 e
2033 3945 2187 3989 vous
2231 3924 2539 3990 troublant
2570 3946 2701 4006 par
2743 3946 2962 3989 err-eur
3002 3927 3290 3992 dissolut:

1874 4037 2060 4103 G’est
2103 4057 2175 4099 en
2225 4036 2409 4100 Iesus
2452 4037 2564 4118 qui
2606 4056 2669 4099 ce
2711 4037 3019 4102 ordonner
3061 4038 3291 4115 voulut,

1770 4139 1783 4155 ’
1865 4146 2103 4228 apres
2149 4149 2328 4212 avoir
2370 4168 2512 4212 avec
2555 4149 2646 4212 les
2687 4150 2865 4234 §tens⁴
2898 4150 3156 4230 souppe',

1864 4261 2072 4326 meur
2112 4263 2525 4324 remonstrant
2571 4281 2687 4340 que
2729 4261 2966 4343 l’esprit
3008 4262 3231 4340 occupe'

1878 4370 2105 4446 Venta,
2153 4376 2209 4434 et
2253 4392 2330 4435 ne
2361 4376 2517 4451 peut
2562 4373 2651 4436 les
2687 4372 2882 4454 faictz
2915 4375 2989 4437 de
3024 4372 3197 4437 Dieu
3240 4373 3521 4453 scavoir:

1881 4482 1973 4551 Il
2015 4503 2172 4546 nous
2212 4483 2379 4564 fault
2420 4484 2615 4564 doncq
2660 4483 2818 4566 (tout
2855 4485 3030 4549 desir
3074 4485 3343 4566 emtirpe)
3454 4475 3457 4478 ’

1864 4594 2069 4662 Nous
2112 4596 2334 4658 rendre
2376 4595 2417 4658 ἰι
2460 4596 2572 4678 luy
2602 4616 2777 4676 pour
2818 4615 2882 4660 oe
2924 4596 3063 4661 bien
3095 4597 3435 4676 percevoir.

3787 4549 3822 4575 κ.

1046 4745 1271 4812 Editio
1315 4748 1515 4811 altera
1558 4769 1728 4813 anno
1771 4749 2070 4831 proximo
2116 4747 2357 4831 prodiit
2399 4770 2527 4814 non
2574 4749 2858 4816 indicato
2901 4752 3039 4816 loco
3081 4772 3291 4833 neque
3335 4750 3733 4834 typographi
3776 4752 4060 4829 nomine,
4104 4749 4218 4817 sed
4261 4751 4423 4814 citra
4463 4750 4739 4816 dubium

738 4862 1068 4938 (lancisae,
1115 4858 1287 4941 quod
1330 4881 1412 4924 ex
1457 4868 1766 4943 typorum
1805 4862 2032 4938 forma,
2082 4861 2191 4942 qui
2238 4861 2370 4924 iam
2411 4860 2698 4926 minores
2743 4870 2810 4926 et
2849 4863 3186 4927 nitidiores
3231 4870 3388 4926 sunt
3430 4882 3626 4944 quam
3671 4864 3739 4926 in
3784 4863 4117 4945 superiore
4162 4862 4472 4942 editione,
4528 4863 4739 4928 cuivis

736 4972 925 5038 facile
969 4970 1234 5054 patebit.
1326 4971 1621 5035 'situlum
1665 4972 1865 5036 habet
1903 4972 2127 5035 talem:

1045 5070 1414 5152 PETIT
1474 5069 1484 5172 Ι
1541 5093 1855 5146 TRAICTE
1894 5093 1994 5146 DE
2032 5094 2129 5147 LA
2168 5092 2175 5158 ι
2222 5093 2533 5148 sAINCTE
2585 5094 2777 5149 CENE
2821 5096 2921 5149 DE
2962 5092 2969 5159 ι
3008 5093 3231 5150 nostre
3276 5082 3601 5168 seigneur
3643 5086 3831 5151 Iesus
3872 5085 4118 5151 Christ.
4164 5087 4170 5170 Ι
4473 5087 4738 5169 Auquel

739 5201 840 5260 est
883 5194 1255 5259 demonstra
1299 5195 1363 5258 la
1404 5214 1605 5278 vraye
1649 5195 1916 5257 institu-
1945 5193 1953 5275 Ι
1980 5195 2385 5278 tion,‘profit
2429 5206 2495 5260 et
2536 5196 2750 5260 vtilite
2795 5194 3075 5262 d'icelle:
3121 5198 3370 5262 Ensem
3397 5196 3563 5280 1b1e,
3622 5197 3687 5261 la
3730 5220 3923 5265 cause
3968 5218 4308 5284 pourquoy
4351 5198 4674 5280 plusieurs
4724 5197 4736 5283 Ι

740 5307 855 5374 des
898 5305 1248 5372 Modernes
1296 5306 1619 5371 semblent
1663 5325 1747 5368 en
1791 5305 1973 5369 auoir
2016 5328 2085 5370 es
2115 5306 2123 5387 Ι
2153 5308 2279 5371 crit
2324 5306 2781 5372 diuersement.
2826 5312 2834 5388 Ι
3136 5319 3212 5372 Μ.
3247 5319 3313 5371 D.
3350 5319 3519 5373 XLII.
4081 5325 4082 5328 ’
