5100 6061
418 396 544 456 209

417 590 570 659 stes,
603 583 856 645 vanitas
881 582 1266 657 vanitatum,
1296 593 1364 645 et
1383 583 1605 646 omnia
1638 584 1910 655 vanitas.
1980 581 2158 663 Quid
2192 584 2366 646 enim

418 667 597 731 aliud
640 668 793 751 agit,
841 688 1034 750 quam
1081 678 1157 731 ut
1200 688 1469 732 sensum
1513 668 1796 733 hominis
1844 690 2107 747 vanum,
2154 678 2222 733 et
2265 690 2367 733 re-

417 774 564 818 rum
623 754 913 817 omnium
971 753 1298 818 incertum
1352 753 1693 819 ostendat?
1774 754 1977 818 Videt
2034 755 2227 819 homo
2299 776 2367 819 se

414 840 581 904 mori
617 839 828 903 instar
864 839 1224 915 beluarum,
1262 839 1386 904 sibi
1424 839 1629 904 vitam
1664 849 1730 905 et
1773 851 2048 905 mortem
2094 861 2244 906 cum
2289 840 2368 904 il-

416 925 498 989 lis
542 945 684 990 6666
729 945 1173 989 communem:
1214 925 1647 989 conditionem
1684 927 1884 1009 igitur
1928 926 2051 991 sibi
2095 947 2368 1008 aequam

417 1032 568 1076 cum
612 1011 772 1087 illis,
821 1011 1083 1093 colligit.
1176 1012 1267 1074 Et
1310 1010 1857 1092 quemadmodum
1905 1021 2045 1094 post
2090 1021 2367 1077 mortem

417 1096 549 1161 illis
577 1096 744 1160 nihil
772 1103 1086 1179 superest,
1118 1097 1212 1160 ita
1237 1095 1359 1161 sibi
1385 1097 1555 1160 nihil
1588 1098 1741 1163 facit
1775 1098 2115 1181 reliquum.
2183 1099 2367 1163 Haec

415 1204 602 1247 mens
650 1182 952 1259 hominis,
992 1183 1151 1246 haec
1187 1184 1372 1259 ratio,
1413 1182 1518 1247 hic
1564 1183 1948 1248 intellectus.
2041 1184 2367 1248 Animalis

415 1269 591 1333 enim
634 1268 830 1332 homo
866 1290 999 1333 non
1033 1269 1309 1350 percipit
1352 1290 1429 1333 ea
1465 1290 1633 1349 quae
1677 1279 1832 1334 sunt
1874 1272 2166 1352 spiritus:
2206 1270 2367 1334 stul-

420 1355 565 1417 titia
608 1364 709 1419 est
744 1354 841 1418 illi
880 1366 946 1419 et
995 1375 1126 1418 non
1171 1364 1387 1436 potest
1429 1354 1796 1438 intelligere
1852 1359 1915 1436 (l
1953 1356 2098 1421 Cor.
2142 1362 2197 1430 2,
2241 1358 2363 1438 14).

1940 352 2892 461 PsYcHorANNYcfflA.

4303 405 4428 466 210

2470 585 2883 667 replerentur
2924 586 3202 652 malitia:
3251 596 3325 651 ut
3358 589 3579 653 omnia
3614 590 3742 654 alia
3778 592 4091 654 omittam.
4163 589 4426 656 Consti·

2472 679 2735 735 tuamus
2778 694 2933 756 ergo
2976 685 3126 755 post
3169 671 3613 751 Solomonem,
3664 675 3825 741 haec
3884 679 4102 741 omnia
4144 699 4277 740 non
4318 699 4422 743 ca-

2473 754 2629 819 dere
2674 756 2794 820 sub
2831 780 3096 822 sensum
3137 761 3405 825 rationis
3443 761 3785 825 humanae.
3848 760 4042 842 Quod
4081 764 4134 826 si
4172 771 4422 828 certum

2473 840 2721 923 aliquid
2778 842 3017 907 habere
3070 844 3403 922 volumus,
3462 846 3543 910 ad
3588 848 3802 930 legem
3846 868 4187 911 curramus
4233 860 4297 912 et
4341 846 4426 912 ad

2474 928 2920 991 testimonium
2957 929 3111 1007 (166.
3149 938 3207 1007 8,
3248 934 3391 1014 2o):
3435 931 3543 995 ubi
3581 933 3824 997 veritas
3861 942 3927 997 et
3965 935 4108 999 viae
4132 934 4418 997 Domini.

2474 1012 2660 1076 Haec
2716 1014 2902 1080 nobis
2956 1014 3342 1097 loquuntur:
3403 1016 3632 1083 Donec
3678 1028 4050 1083 revertatur
4093 1019 4308 1101 pulvis
4353 1021 4422 1082 in

2472 1106 2720 1162 terram
2773 1099 2947 1163 unde
2993 1111 3161 1176 erat,
3223 1110 3288 1166 et
3330 1103 3599 1184 spiritus
3652 1103 3876 1168 redeat
3921 1104 4003 1168 ad
4046 1107 4264 1169 Deum
4310 1105 4424 1188 qui

2474 1183 2654 1248 dedit
2706 1184 2895 1249 illum
2952 1186 3153 1267 (Eccl.
3191 1192 3285 1265 12,
3328 1193 3412 1270 7).
3495 1190 3705 1254 Nemo
3761 1212 3915 1273 ergo
3970 1190 4251 1267 dubitet,
4310 1192 4422 1273 qui

2472 1268 2751 1334 verbum
2799 1271 2925 1335 Dei
2981 1272 3289 1350 audierit,
3345 1276 3501 1355 quin
3553 1276 3823 1356 spiritus
3880 1277 4161 1340 filiorum
4205 1277 4423 1341 Adam

2474 1356 2785 1420 ascendat
2828 1378 3104 1422 sursum.
3176 1357 3544 1424 Ascendere
3589 1370 3810 1425 autem
3847 1384 4126 1439 sursum,
4172 1363 4421 1444 simpli-

415 1440 635 1505 Homo
681 1440 875 1507 videt¹
904 1440 1106 1505 oculis
1150 1441 1386 1517 6611116,
1451 1450 1700 1521 spectat
1739 1454 2016 1505 mortem
2060 1463 2366 1523 praesen·
2418 1442 2423 1529 Ι
2473 1443 2635 1506 citer
2692 1441 2823 1505 illic
2871 1444 3116 1526 accipio
3161 1465 3278 1525 pro
3324 1445 3706 1525 consistere,
3754 1457 3819 1511 et
3861 1448 4422 1512 immortalitatem

417 1536 569 1602 tem,
620 1526 741 1591 1106
784 1548 991 1590 unum
1044 1546 1261 1591 secum
1310 1535 1574 1608 reputat
1618 1527 1698 1591 de
1743 1535 1920 1591 terra
1963 1528 2182 1591 omnia
2224 1536 2369 1592 orta

418 1634 577 1691 esse,
634 1621 700 1676 et
744 1614 823 1676 fin
884 1624 1121 1676 terram
1180 1613 1424 1694 pariter
1482 1613 1756 1676 reverti:
1804 1614 2066 1677 interim
2112 1614 2367 1677 animae

415 1698 603 1763 nulla
642 1699 824 1762 ratio,
906 1700 1123 1781 Atque
1158 1698 1226 1761 id
1262 1707 1363 1761 est
1400 1698 1570 1780 quod
1612 1699 1901 1763 subiicit:
1956 1698 2121 1779 Quis
2167 1701 2365 1774 novit,

417 1806 502 1848 an
548 1785 819 1867 spiritus
869 1784 1155 1849 filiorum
1201 1785 1415 1848 Adam
1461 1783 1771 1849 ascendat
1815 1785 2125 1848 sursum?
2174 1783 2367 1864 Quod

2472 1530 2788 1593 retinere:
2816 1528 3363 1610 quemadmodum
3388 1532 3711 1616 sursum¹)
3738 1532 4147 1611 descendere,
4180 1533 4421 1598 dixisse

2472 1615 2636 1676 mihi
2687 1614 2962 1693 videtur,
3010 1637 3127 1697 pro
3172 1616 3423 1691 collabi,
3474 1616 3788 1697 decidere,
3837 1618 4139 1700 disperdi.

2645 1784 2970 1864 Quintum
3014 1798 3476 1869 argumentum
3523 1788 3716 1869 pleno
3763 1787 3922 1853 adeo
3959 1798 4150 1872 atque
4197 1798 4421 1872 aperto

415 1873 471 1936 si
506 1871 588 1935 ad
626 1872 913 1935 animam
952 1871 1270 1945 veniatur,
1310 1871 1598 1934 humana
1634 1871 1799 1934 ratio
1835 1883 1971 1933 tota
2007 1872 2076 1933 in
2113 1896 2180 1933 se
2217 1894 2366 1935 6011-
2418 1880 2423 1925 3
2474 1881 2739 1953 gutture
2796 1874 3125 1948 intonant,
3174 1884 3248 1936 ut
3293 1874 3878 1956 profundissimum
3921 1896 4225 1940 somnum
4272 1876 4420 1940 dor-

414 1966 626 2022 tracta
670 1957 835 2020 nihil
896 1963 1142 2020 statum
1188 1964 1303 2019 aut
1345 1956 1695 2037 liquidum,
1753 1955 2102 2028 studendo,
2164 1956 2366 2018 mcdi—
2418 1956 2422 2039 3
2472 1957 2829 2021 mientibus
2887 1966 3193 2022 excutere
3249 1960 3516 2041 possint.

415 2042 633 2119 tande,
682 2041 1125 2108 ratiocinando
1160 2040 1683 2123 comprehendet.
1752 2040 1978 2122 Quum
2020 2043 2220 2124 igitur
2245 2040 2366 2106 So-

416 2129 631 2193 lomon
656 2128 929 2192 humani
954 2149 1187 2193 sensus
1210 2127 1569 2193 vanitatem
1604 2150 1685 2191 ex
1724 2150 1797 2192 60
1833 2129 2149 2203 ostendat,
2198 2128 2367 2209 quod

417 2217 485 2278 in
528 2214 735 2279 animi
778 2214 1298 2279 consideratione
1335 2214 1560 2278 varius
1605 2215 1691 2277 sit
1733 2226 1799 2277 et
1833 2236 2206 2297 suspensus,
2246 2215 2366 2275 mi-

3609 1960 3689 2023 In
3747 1980 3821 2024 eo
3869 1962 4044 2024 enim
4084 1962 4422 2029 meliorem

2473 2065 2626 2107 suae
2673 2045 2981 2107 victoriae
3025 2050 3280 2125 partem
3326 2047 3749 2110 constituunt.
3818 2047 3910 2110 Et
3954 2068 4155 2127 quum
4197 2048 4421 2113 fucum

2472 2130 2609 2191 suis
2666 2130 3014 2211 neophytis
3068 2131 3279 2193 facere
3337 2131 3592 2208 volunt,
3671 2131 3734 2194 id
3791 2133 4202 2213 potissimum
4259 2134 4422 2196 arri-

2416 2200 2423 2329 J
2470 2215 2691 2295 piunt,
2749 2237 2872 2296 quo
2917 2215 3114 2280 fidem
3156 2238 3380 2280 eorum
3427 2224 3493 2280 et
3535 2238 3765 2281 sanam
3809 2226 4101 2281 mentem
4143 2217 4423 2283 labefac-

415 2302 589 2365 nime
634 2302 837 2365 errori
884 2321 1108 2364 eorum
1149 2301 1630 2381 patrocinatur:
1679 2300 1792 2365 sed
1836 2299 2032 2364 fidem
2075 2310 2367 2363 nostram
2417 2342 2421 2379 ,
2472 2310 2631 2363 tent.
2706 2301 2947 2377 Unum,
2995 2303 3319 2384 inquiunt,
3364 2302 3692 2382 iudicium,
3741 2303 3912 2385 quod
3948 2302 4178 2368 reddet
4211 2303 4420 2367 omni-

416 2386 745 2469 pracclare
781 2388 1077 2451 sustinet.
1138 2385 1328 2466 Quod
1367 2386 1543 2448 enim
1579 2385 1904 2449 humanae
1941 2388 2177 2450 mentis
2215 2407 2367 2467 cap·
2416 2392 2421 2439 1
2472 2386 2592 2449 bus
2630 2407 2812 2449 suam
2859 2386 3243 2465 mercedem,
3285 2389 3409 2470 piis
3442 2388 3735 2472 gloriam,
3774 2389 3995 2471 impiis
4031 2390 4418 2472 gehennam.

416 2481 554 2536 tum
602 2472 861 2538 excedit
906 2488 971 2535 et
1014 2471 1328 2548 modulos,
1374 2471 1496 2535 hoc
1534 2473 1723 2535 nobis
1768 2473 2051 2555 explicat
2101 2471 2226 2535 Dei
2265 2492 2368 2535 sa·
2417 2448 2421 2551 !

415 2560 691 2641 pientia:
740 2559 1045 2641 spiritum
1094 2557 1340 2623 scilicet
1382 2556 1663 2620 filiorum
1702 2557 1918 2621 Adam
1964 2579 2223 2622 sursum
2263 2580 2367 2621 as·
2418 2558 2422 2637 ξ
2472 2558 2790 2621 miseriae.

420 2644 716 2711 cendere.
768 2646 1144 2727 Proponam
1184 2645 1396 2708 simile
1433 2664 1513 2707 ex
1552 2643 1775 2706 eodem
1811 2645 2122 2724 scriptore
2158 2643 2361 2726 (Eccl.

422 2733 665 2810 9,16.),
723 2752 849 2813 quo
896 2730 1128 2794 duram
1175 2732 1361 2794 istam
1411 2728 1728 2794 cervicem
1776 2730 2043 2811 paulum
2089 2730 2217 2793 illis
2263 2731 2365 2793 in-

415 2819 692 2882 flectam.
762 2818 911 2881 Non
955 2816 1262 2899 intelligit
1298 2816 1489 2880 homo
1527 2814 1745 2879 odium
1787 2816 1887 2880 vel
1928 2836 2213 2880 amorem
2238 2816 2366 2879 Dei

417 2924 570 2986 erga
614 2902 930 2981 homines,
977 2902 1091 2965 sed
1134 2904 1352 2966 omnia
1395 2908 1742 2965 servantur
1777 2902 2046 2978 incerta,
2084 2922 2158 2965 eo
2197 2900 2367 2983 quod

416 2990 725 3055 universa
759 3011 960 3072 aeque
990 2989 1305 3054 eveniunt
1339 2990 1508 3053 iusto
1531 3002 1597 3053 et
1621 2988 1841 3072 impiO,
1879 2988 2049 3053 bono
2086 2997 2152 3052 et
2172 2986 2364 3066 111610,

420 3075 782 3140 immolanti
826 3075 1128 3140 victimas
1158 3087 1225 3139 et
1259 3096 1390 3138 11011
1428 3075 1809 3152 immolanti,
1849 3085 1968 3139 ete.
2036 3073 2112 3139 Si
2149 3076 2368 3139 omnia

416 3171 768 3226 servantur
807 3162 1057 3226 incerta
1104 3165 1173 3224 in
1216 3157 1545 3225 futurum':
1601 3182 1756 3243 ergo
1800 3160 2029 3238 fidelis,
2078 3161 2183 3226 cui
2229 3181 2365 3224 om-

416 3249 522 3311 nia
564 3249 636 3311 in
683 3249 924 3312 bonum
961 3258 1408 3330 cooperantur,
1457 3247 1873 3311 afflictionem
1911 3244 2366 3329 interpretabi-

414 3345 524 3398 tur
569 3355 711 3397 esse
750 3335 876 3398 Dei
911 3333 1174 3398 odium?
1222 3334 1522 3396 minime:
1570 3331 1871 3396 fidelibus
1906 3333 2084 3396 enim
2120 3332 2367 3396 dictum

414 3431 515 3484 est
560 3420 819 3500 (Ioann.
867 3427 961 3495 16,
1002 3423 1143 3496 33);
1188 3419 1269 3482 In
1315 3418 1573 3492 mundo=
1608 3439 1981 3499 pressuram
2026 3417 2362 3496 habebitis,

410 3506 483 3568 in
539 3527 644 3569 me
700 3506 1221 3580 consolaticnem.
1303 3503 1427 3568 Cui
1484 3502 1685 3567 verbo
1746 3502 1900 3567 dum
1956 3504 2363 3581 incumbunt,

409 3615 543 3656 non
590 3592 783 3655 modo
843 3592 1121 3656 infracta
1165 3591 1365 3653 animi
1412 3590 1738 3671 aequitate
1795 3590 2132 3671 perferunt
2175 3588 2364 3670 quid-

408 3678 563 3759 quid
612 3680 935 3754 evenerit,
995 3676 1107 3741 sed
1152 3677 1351 3740 etiam
1396 3675 1761 3759 gloriantur
1814 3677 1882 3738 in
1929 3673 2365 3739 tribulationi-

410 3763 568 3841 bus,
626 3765 1012 3829 confitentes
1068 3783 1215 3844 cum
1272 3763 1459 3827 beato
1519 3761 1664 3825 Iob:
1727 3762 2002 3824 Etiamsi
2061 3759 2367 3825 occiderit

410 3872 550 3925 1106,
597 3853 669 3914 111
703 3850 845 3931 ipso
883 3849 1286 3932 sperabimus
1324 3848 1490 3930 (Iob.
1538 3851 1632 3924 13,
1681 3848 1801 3929 15).
1864 3845 2207 3927 Quomodo
2243 3848 2365 3930 igi-

412 3946 525 3999 tur
565 3938 637 4000 in
680 3937 979 3999 futurum
1024 3942 1373 3999 servantur
1414 3935 1665 3998 incerta
1709 3932 1968 3997 omnia?
2043 3932 2227 3998 Haec
2264 3956 2363 3998 se·-

2471 2472 2654 2534 Nihil
2702 2482 2854 2536 ante
2891 2473 3074 2537 illum
3114 2473 3287 2538 diem
3323 2475 3650 2552 statuitur,
3690 2482 3803 2538 aut
3837 2474 4275 2552 beatitudinis,
4311 2483 4425 2539 aut

2894 2557 3005 2624 Sic
3073 2561 3312 2641 ubique
3367 2561 3726 2642 scripturae
3784 2569 4137 2624 testantur:
4197 2561 4424 2625 Mittet

2417 2640 2422 2729 ᾗ
2471 2644 2740 2725 angelos
2785 2666 2937 2709 suos
2982 2667 3129 2709 eum
3169 2647 3325 2709 tuba
3369 2652 3435 2709 et
3468 2666 3624 2711 voce
3664 2666 3923 2727 magna,
3962 2656 4028 2709 et
4065 2667 4422 2729 congrega-

2472 2728 2636 2793 bunt
2679 2729 2915 2794 electos
2975 2732 3112 2794 eius
3159 2753 3198 2793 a
3240 2739 3520 2812 quatuor
3566 2732 3812 2809 ventiS,
3877 2754 3916 2795 a
3959 2733 4231 2796 summis
4277 2753 4420 2797 coe-

2471 2814 2714 2893 lorum,
2772 2837 2977 2898 usque
3036 2816 3117 2879 ad
3176 2819 3492 2881 terminos
3538 2838 3765 2880 eorum
3832 2816 4099 2901 (Matth.
4142 2821 4242 2893 24,
4289 2818 4419 2897 31).

2472 2900 2673 2965 Item:
2721 2902 2802 2965 In
2847 2904 3406 2966 consummatione
3451 2902 3691 2967 saeculi
3733 2903 3952 2966 mittet
3989 2903 4164 2966 filius
4207 2903 4421 2966 homi-

2472 2987 2578 3051 nis
2625 2987 2891 3072 angelos
2936 3009 3115 3066 suos,
3170 2998 3235 3053 et
3292 2987 3598 3073 colligent
3643 2988 3721 3054 de
3767 3009 3972 3072 regno
4017 2990 4156 3053 eius
4201 2988 4422 3053 omnia

2472 3073 2806 3153 scandala,
2852 3085 2920 3137 et
2962 3096 3072 3139 606
3116 3075 3227 3157 qui
3269 3075 3521 3140 faciunt
3560 3075 4004 3158 iniquitatem,
4051 3084 4118 3138 et
4157 3074 4422 3139 mittent

2472 3182 2582 3224 606
2627 3161 2695 3223 111
2748 3161 3076 3225 caminum
3120 3162 3307 3244 ignis.
3400 3162 3584 3226 Tunc
3628 3161 3785 3225 iusti
3829 3160 4204 3244 fulgebunt,
4251 3162 4422 3225 sicut

2472 3247 2600 3324 sol,
2647 3246 2715 3309 in
2761 3267 2965 3330 regno
3023 3248 3228 3329 patris
3273 3247 3378 3311 sui
3433 3247 3702 3331 (Matth.
3751 3250 3844 3324 13,
3884 3252 3961 3309 41
3994 3248 4125 3324 66).
4215 3246 4416 3311 Item:

2472 3333 2659 3396 Tunc
2700 3331 2869 3397 dicet
2905 3355 3021 3396 rex
3070 3333 3172 3397 his
3215 3334 3327 3415 qui
3372 3354 3411 3397 a
3454 3332 3703 3398 dextris
3749 3342 3973 3397 erunt:
4022 3332 4264 3396 Venite
4308 3334 4422 3398 be-

2471 3418 2711 3483 nedicti
2758 3419 2963 3499 patris
3007 3421 3153 3498 mei,
3198 3418 3523 3502 possidete
3567 3440 3846 3503 regnum
3885 3426 4188 3502 paratum
4232 3419 4421 3484 vobis

2471 3525 2511 3567 a
2549 3505 3012 3569 constitutione
3057 3505 3316 3569 mundi:
3378 3504 3685 3570 discedite
3731 3526 3770 3568 a
3827 3527 3933 3570 me
3977 3504 4309 3570 maledicti
4353 3507 4423 3569 in

2470 3590 2696 3671 ignem
2740 3601 3099 3654 aeternum.
3172 3591 3264 3654 Et
3305 3590 3511 3668 ibunt,
3561 3592 3630 3654 hi
3668 3592 3738 3655 in
3784 3591 4176 3674 supplicium
4214 3600 4421 3656 aeter-

2470 3696 2650 3751 num,
2675 3675 2831 3739 iusti
2854 3685 3076 3740 autem
3099 3676 3170 3739 in
3192 3678 3398 3740 vitam
3424 3687 3759 3741 aeternam
3781 3677 4054 3761 (Matth.
4073 3681 4172 3754 25,
4191 3682 4268 3739 34
4285 3679 4420 3760 ss).

2471 3759 2704 3826 Simile
2750 3769 2852 3824 est
2895 3759 3072 3843 apud
3110 3762 3460 3826 Danielem
3495 3761 3696 3842 (Dan.
3743 3767 3837 3840 12,
3888 3765 3971 3846 1):
4020 3763 4112 3826 Et
4145 3763 4216 3825 in
4258 3779 4420 3826 tem-

2468 3868 2624 3929 pore
2669 3846 2781 3910 1110
2825 3847 3186 3913 salvabitur
3227 3849 3508 3930 populus
3552 3858 3736 3927 tuus,
3780 3849 3991 3913 omnis
4037 3848 4150 3928 qui
4193 3849 4423 3912 inven-

2470 3944 2576 3996 tus
2621 3933 2821 3995 fuerit
2876 3931 3159 4014 scriptus
3202 3934 3273 3996 in
3319 3933 3503 3997 libro.
3572 3934 3756 3998 Haec
3800 3933 4046 4007 omnia,
4093 3933 4421 4014 inquiunt,

411 4021 697 4086 cundum
733 4022 1084 4085 hominem.
1138 4020 1614 4084 Verumtamen
1640 4020 1899 4084 vanitas
1926 4019 2135 4082 omnis
2169 4019 2364 4084 homo
2471 4020 2525 4083 si
2573 4018 2653 4082 de
2699 4018 2802 4083 die
2847 4018 3068 4084 iudicii
3114 4020 3359 4102 scripta
3402 4032 3588 4098 sunt,
3647 4018 3968 4101 quomodo
4017 4017 4425 4083 vocabuntur

410 4109 665 4173 vivens.
756 4108 883 4171 His
929 4106 1190 4172 subiicit
1235 4106 1442 4188 (Ecel.
1498 4111 1553 4182 9,
1605 4109 1640 4167 3
1679 4105 1825 4186 66.);
1884 4105 2029 4169 Ηο6
2076 4116 2175 4168 est
2217 4126 2363 4187 pes·
2471 4115 2629 4169 tunc
2671 4103 2755 4168 ad
2800 4106 2986 4187 regni
3032 4105 3326 4170 eoelestis
3370 4106 3842 4188 possessionem
3887 4103 4092 4182 electi,
4145 4105 4199 4168 si
4245 4127 4422 4170 nunc

413 4196 653 4258 simum
704 4191 874 4275 quod
918 4192 1054 4256 vidi
1081 4191 1199 4257 sub
1245 4192 1398 4268 sole,
1447 4193 1597 4273 qnia
1643 4190 1870 4255 eadem
1916 4192 2167 4255 eunctis
2213 4212 2363 4255 eve-

2470 4189 2850 4273 possident?
2955 4188 3299 4272 Quomodo
3362 4190 3613 4256 dicetur
3677 4189 3809 4255 illis
3866 4198 3942 4253 ut
4008 4191 4306 4264 veniant,
4368 4192 4422 4255 si

409 4280 633 4343 niunt:
692 4277 868 4342 unde
926 4289 991 4342 et
1048 4276 1242 4344 corda
1296 4277 1577 4341 filiorum
1625 4277 1963 4340 hominum
2009 4276 2367 4359 implentur
2415 4285 2421 4370 j
2470 4277 2599 4340 iam
2672 4277 2872 4340 sunt?
2945 4276 3285 4357 Quomodo
3341 4275 3703 4342 salvabitur
3756 4275 4069 4374 populus,
4136 4276 4192 4340 si
4244 4298 4422 4341 nunc

412 4366 667 4429 malitia
710 4376 777 4429 et
819 4377 1223 4447 contemptu,
1269 4367 1336 4427 in
1382 4365 1522 4426 vita
1565 4382 1710 4428 sua:
1758 4374 1824 4426 et
1865 4371 2016 4445 post
2060 4363 2236 4439 haec,
2284 4363 2365 4427 ad

411 4452 657 4516 inferos
714 4449 1144 4515 deducuntur.
1215 4457 1330 4529 [fol.
1371 4455 1478 4528 31]
1534 4449 1743 4513 Nemo
1801 4460 1902 4512 est
1954 4449 2069 4530 qui
2112 4471 2368 4531 semper

412 4539 616 4615 vivat,
642 4541 730 4602 *et
773 4538 884 4619 qui
930 4536 1123 4601 huius
1169 4537 1264 4602 rei
1308 4522 1548 4600 ffi‘ffeat
1588 4533 1912 4599 fiduciam.
1987 4536 2225 4600 Melior
2269 4543 2368 4600 est

410 4624 593 4688 canis
636 4624 830 4688 vivus
875 4624 1060 4687 leone
1103 4630 1374 4687 mortue.
1464 4621 1785 4686 Vive'ntes
1830 4621 2005 4686 enim
2049 4623 2263 4687 sciunt
2297 4642 2365 4687 se

411 4730 555 4774 esse
602 4710 978 4774 morituros:
1023 4710 1264 4772 mortui
1303 4729 1457 4772 vero
1494 4707 1663 4771 nihil
1699 4716 2027 4773 noverunt
2062 4708 2363 4791 amplius.

414 4795 551 4860 Nee
595 4793 844 4860 habent
896 4795 1072 4858 ultra
1127 4794 1520 4859 mercedem:
1579 4794 1730 4875 quia
1776 4792 2082 4858 oblivioni
2124 4793 2367 4858 tradita

414 4889 514 4946 est
554 4881 876 4946 memoria
914 4882 1231 4963 ipsorum,
1271 4887 1386 4944 etc.
1468 4880 1704 4945 Nonne
1748 4880 1910 4944 11666
1953 4880 2240 4961 loquitur
2285 4880 2364 4945 de

414 4989 641 5032 eorum
700 4966 1024 5043 erassitia,
1102 4967 1210 5048 qui
1278 4974 1556 5030 cernunt
1614 4973 1871 5030 tantum
1939 4972 2091 5029 ante
2145 4964 2361 5046 pedeS,

417 5075 537 5118 nec
613 5053 899 5116 futuram
968 5053 1201 5130 vitam,
1280 5073 1401 5116 nec
1479 5052 2027 5135 resurrectionem
2099 5071 2365 5133 speran-

416 5139 555 5204 tes?
614 5140 789 5203 Nam
823 5141 948 5202 etsi
982 5160 1208 5203 verum
1245 5143 1434 5214 esset,
1474 5136 1641 5199 nihil
1675 5158 1796 5201 nos
1832 5158 1974 5202 esse
2007 5144 2154 5219 post
2193 5158 2364 5202 mor-

416 5233 581 5289 tem:
640 5232 935 5306 superest
992 5235 1215 5289 tamen
1269 5222 1656 5288 resurrectio
1673 5273 1686 5298 ,
1747 5224 1813 5285 in
1859 5225 2040 5287 cuius
2080 5244 2263 5305 spem
2309 5225 2365 5289 si

418 5311 870 5388 intuerentur:
926 5332 1063 5375 non
1114 5310 1565 5374 imbuerentur
1609 5315 1983 5390 contemptu
2028 5307 2186 5384 Dei,
2242 5332 2363 5375 nec

629 5411 849 5466 Calvisii
874 5429 1057 5480 opera.
1142 5414 1247 5467 Vol.
1304 5412 1359 5464 V.

2471 4363 2696 4428 salvus
2739 4363 2879 4428 est?
2952 4363 3395 4444 Quamobrem
3438 4362 3682 4436 fideles,
3729 4383 3844 4443 qm
3887 4383 4065 4427 nunc
4109 4362 4306 4425 etiam
4351 4362 4420 4426 in

2470 4448 2599 4514 fide
2659 4449 3020 4527 ambulant,
3080 4471 3212 4514 non
3272 4449 3474 4513 alium
3540 4455 3922 4530 exspectant
3980 4447 4206 4513 salutis
4265 4469 4421 4512 suae

2471 4533 2664 4612 diem,
2712 4541 2785 4599 ut
2828 4537 2920 4599 ait
2967 4542 3079 4612 lfol.
3121 4542 3222 4611 32]
3270 4535 3546 4600 Paulus:
3597 4533 3912 4613 Scientes,
3959 4534 4261 4617 quoniam
4308 4535 4420 4617 qui

2471 4622 2812 4687 suscitavit
2853 4619 3508 4698 Iesuffifflaffimortuis,
3556 4630 3624 4684 et
3664 4642 3782 4684 nos
3825 4642 3978 4686 cum
4019 4620 4170 4684 Iesu
4217 4620 4420 4684 susci-

2471 4707 2638 4771 tabit
2681 4711 2744 4789 (2
2786 4707 2931 4771 Cor.
2972 4713 3031 4782 4,
3077 4707 3203 4788 14).
3271 4708 3364 4771 Et
3407 4705 3593 4771 alibi:
3639 4706 4189 4789 Exspectantibus
4235 4727 4419 4770 reve-

2470 4794 2780 4857 lationem
2826 4793 3093 4856 Domini
3148 4794 3357 4858 nostri
3401 4793 3553 4857 Iesu
3598 4791 3877 4870 Christi,
3923 4793 4034 4874 qui
4077 4799 4142 4855 et
4185 4792 4419 4857 confir-

2469 4880 2678 4944 mabit
2730 4899 2846 4944 vos
2907 4900 3108 4960 usque
3163 4880 3234 4942 in
3289 4881 3519 4958 finem,
3576 4880 3648 4941 in
3694 4878 3863 4943 diem
3910 4876 4247 4960 adventus,
4295 4885 4414 4943 etc.

2470 4967 2527 5047 (l
2581 4965 2730 5030 Cor.
2761 4968 2812 5040 l,
2841 4968 2874 5025 7
2901 4964 3001 5048 s.).
3085 4965 3366 5045 Verum,
3426 4974 3500 5029 ut
3548 4964 3710 5028 11666
3754 4964 3970 5028 01111116
4011 4962 4141 5027 11116
4187 4984 4416 5030 eonce-

2469 5050 2720 5127 damus,
2766 5072 2884 5115 cur
2928 5049 3180 5115 addunt
3224 5051 3303 5116 de
3356 5072 3584 5116 somno
3632 5049 3864 5114 suum?
3931 5049 4079 5113 Non
4125 5050 4303 5114 enim
4346 5052 4416 5113 in

2607 5257 2663 5319 1)
2705 5255 2798 5310 Sic
2831 5257 2962 5312 labri
2992 5259 3175 5311 nostri
3205 5272 3386 5311 omnes
3416 5263 3633 5323 praeter
3680 5255 3849 5308 Amat.
3896 5256 3994 5323 qui
4026 5255 4211 5310 habet.-
4259 5257 4416 5311 deor·

2465 5343 2598 5380 sum.
2662 5325 2839 5381 Nobis
2873 5327 3190 5380 vocabulum
3226 5327 3445 5380 omnino
3480 5323 3762 5378 delendum
3800 5323 4030 5378 videtur.

3919 5409 4005 5462 .14
