5100 6061
356 394 433 456 69

355 590 502 663 [pag.
544 588 652 661 59]
710 582 819 662 qui
861 580 968 645 ubi
1021 582 1259 646 usitata
1297 581 1576 647 remedia
1619 602 1741 645 non
1774 581 2137 664 procedunt,
2182 587 2304 647 ten-

353 675 484 737 tant
526 668 860 734 contraria.
934 666 1270 732 Severitate
1316 667 1474 732 nihil
1518 667 1720 732 adhuc
1749 668 2093 748 profecisti.
2167 666 2305 734 Sal-

353 757 644 823 videnum
671 758 718 835 ¹)
767 753 1050 835 Lepidus
1114 759 1410 834 sequutus
1468 759 1583 831 est,
1644 753 1956 836 Lepidum
2010 753 2302 833 Murena,

354 841 699 908 Murenam
756 838 998 921 Coepio,
1059 837 1417 923 Coepionem
1475 838 1819 923 EynatiuS,
1874 844 1943 904 ut
1997 839 2155 905 alios
2211 845 2305 904 ta-

352 949 552 994 ceam.-
593 947 745 1009 quos
789 930 1031 990 tantum
1067 946 1254 989 ausos
1285 925 1503 1006 pudet.
1577 925 1763 989 Nunc
1806 931 1974 990 tenta
2008 926 2304 1008 quomodo

351 1014 463 1079 tibi
506 1014 683 1079 cedat
724 1012 1058 1078 clementia.
1148 1010 1401 1094 Iynosce
1448 1011 1520 1075 L.
1572 1009 1840 1076 Cinnae:
1886 1011 2304 1093 deprehensus

351 1108 453 1169 est.
546 1098 693 1165 Iam
734 1120 941 1162 nocere
982 1097 1095 1162 tibi
1142 1119 1261 1162 non
1292 1102 1522 1178 potest,
1568 1098 1868 1178 prodesse
1906 1098 2120 1179 famae
2161 1103 2304 1165 luae

343 1192 564 1270 potest.
659 1185 938 1250 Gavisus
963 1182 1112 1264 sibi,
1153 1185 1314 1265 quod
1349 1184 1710 1248 advocatum
1745 1185 2079 1262 invenerat,
2116 1185 2303 1248 uxori

352 1275 607 1358 quidem
645 1272 893 1355 yratias
933 1272 1082 1354 eqit:
1142 1270 1502 1334 renunciari
1558 1275 1761 1334 autem
1807 1270 2103 1351 ettemplo
2147 1272 2305 1335 ami-

350 1362 461 1440 cis,
506 1377 662 1441 quos
704 1359 773 1421 in
813 1356 1142 1422 consilium
1176 1360 1516 1439 royaverat,
1560 1356 1906 1438 imperavit,
1942 1361 1996 1420 et
2034 1354 2303 1420 Cinnam

351 1465 549 1513 unum
603 1444 687 1509 ad
738 1464 804 1507 se
860 1443 1149 1518 accersit,
1217 1442 1624 1522 dimissisque
1681 1442 1965 1507 omnibus
2019 1462 2304 1524 eyressus

351 1556 383 1600 e
424 1531 718 1607 cubiculo,
763 1549 958 1609 quum
1001 1527 1265 1593 alteram
1308 1525 1543 1592 Cinnae
1582 1527 1936 1592 cathedram
1967 1529 2130 1607 poni
2178 1530 2304 1593 ius-

288 1676 289 1683 ,
346 1620 550 1696 sisset,
596 1616 748 1693 Hoc,
796 1615 1017 1695 inquit,
1049 1616 1336 1696 primum
1378 1635 1421 1678 a
1454 1619 1510 1678 te
1532 1619 1693 1695 peto,
1727 1634 1803 1678 ne
1836 1634 1931 1679 me
1965 1614 2304 1694 loquentem

346 1702 724 1783 interpelles,
777 1722 853 1766 ne
895 1720 1024 1764 meo
1059 1720 1335 1765 sermone
1379 1700 1577 1765 medio
1616 1700 1997 1782 proclames.-
2050 1700 2303 1764 dabitur

348 1790 465 1857 tibi
524 1789 813 1869 loquendi
871 1788 1131 1853 liberum
1185 1795 1441 1866 tempus.
1530 1785 1667 1869 Eyo
1717 1792 1773 1850 te
1822 1784 2053 1863 Cinna,
2109 1806 2303 1866 quum

345 1879 414 1942 in
461 1876 730 1940 hostium
765 1874 989 1938 eastris
1022 1874 1409 1950 invenissem,
1454 1892 1573 1937 non
1603 1873 1841 1953 factum
1873 1876 2111 1936 tantum
2145 1872 2304 1936 mihi

348 1964 695 2040 inimicum,
737 1961 847 2025 sed
891 1965 1126 2037 natum,
1161 1959 1437 2023 servavi:
1470 1959 1931 2039 patrimonium
1973 1957 2086 2023 tibi
2128 1979 2302 2022 omne

344 2048 634 2115 concessi.
727 2046 931 2111 Hodie
968 2050 1103 2110 tam
1146 2046 1303 2126 felix
1346 2065 1439 2123 es,
1495 2050 1549 2107 et
1595 2051 1721 2109 tam
1774 2045 1973 2122 dives,
2032 2050 2101 2109 ut
2148 2046 2300 2108 victo

347 2136 607 2200 victores
660 2132 994 2197 invideant.
1091 2131 1516 2196 Sacerdotium
1581 2131 1694 2194 tibi
1742 2131 1999 2212 petenti,
2050 2136 2299 2210 praete-

348 2223 495 2285 ritis
546 2217 995 2299 compluribus,
1054 2237 1321 2299 quor-um
1368 2223 1661 2297 parentes
1715 2237 1950 2281 mecum
1994 2216 2296 2280 militave-

348 2312 523 2383 rant,
570 2306 731 2371 dedi.
829 2304 1034 2385 Quum
1087 2305 1178 2368 sic
1228 2305 1305 2368 de
1363 2307 1419 2366 te
1473 2306 1832 2382 meruerim,
1886 2303 2151 2368 occidere
2204 2323 2300 2365 me

346 2392 740 2458 constituisti.
818 2390 1020 2470 Quum
1061 2390 1147 2456 ad
1189 2388 1347 2454 hane
1390 2409 1589 2454 vocem
1628 2389 2041 2466 exclamasset,
2076 2387 2300 2469 procul

347 2479 506 2543 hanc
559 2499 601 2541 a
655 2498 719 2542 se
772 2474 983 2540 abesse
1037 2477 1434 2553 dementiam,
1501 2477 1648 2539 Non
1693 2481 2019 2556 praestas,
2078 2475 2297 2556 inquit,

345 2566 565 2646 fidem,
626 2562 863 2628 Ginna:
922 2567 1306 2639 convenerat,
1372 2582 1448 2624 ne
1504 2562 2022 2643 interloquereris.
2130 2560 2299 2625 Occi-

347 2654 489 2718 dere
535 2653 793 2731 inquam
836 2668 933 2712 me
964 2667 1187 2728 paras.
1280 2647 1526 2713 Adiecit
1558 2648 1777 2725 locum,
1837 2649 2069 2726 socios,
2114 2646 2296 2724 diem,

347 2740 626 2804 ordinem
671 2734 1077 2812 insidiarum,
1122 2735 1226 2797 cui
1268 2737 1665 2799 commissum
1701 2739 1857 2799 esset
1888 2735 2145 2813 ferrum.
2214 2731 2302 2796 Et

346 2845 542 2906 quum
583 2821 861 2920 defixum
906 2822 1152 2897 videret,
1198 2841 1304 2885 nec
1344 2841 1419 2883 ex
1453 2820 1837 2885 conventione
1882 2822 2029 2897 iam,
2074 2819 2181 2883 sed
2227 2839 2302 2882 ea:

347 2910 718 2977 conscientia
770 2912 1090 2985 tacentem,
1161 2907 1321 2987 Quo,
1377 2909 1606 2989 inquit,
1665 2907 1770 2969 hoc
1825 2907 2034 2969 animo
2083 2904 2297 2985 facis?

362 2984 438 3066 Ut
484 2997 619 3077 ipse
659 2994 754 3060 sis
776 2995 1074 3075 princeps
1090 2992 1123 3057 ,9
1216 2991 1390 3058 Male
1431 2992 1766 3060 mehercule
1808 3012 1945 3057 cum
1987 2990 2304 3074 republica

347 3087 595 3169 aqitur,
647 3082 710 3145 si
765 3078 878 3144 tibi
930 3079 1017 3145 ad
1069 3080 1512 3159 imperandum
1569 3079 1731 3143 nihil
1765 3084 2024 3161 praete-r
2065 3098 2160 3141 me
2204 3078 2301 3142 ob-

348 3177 487 3236 stat.
579 3167 855 3233 Domum
908 3167 1072 3230 tueri
1115 3171 1287 3229 tuam
1321 3187 1446 3230 non
1477 3171 1676 3247 potes.
1770 3165 1989 3246 Nuper
2030 3164 2304 3228 libertini

348 3256 620 3321 hominis
657 3252 867 3334 qratia
907 3253 980 3315 in
1019 3253 1271 3333 privato
1314 3253 1549 3316 iudicio
1589 3257 1924 3332 superatus
1958 3271 2038 3315 es.
2127 3250 2303 3314 Adeo

349 3343 510 3408 nihil
553 3340 814 3423 facilius
849 3343 1051 3419 potes,
1109 3358 1298 3417 quam
1340 3344 1553 3403 contra
1607 3337 1937 3402 Caesarem
1981 3337 2299 3401 advocare.

354 3428 621 3509 Gedo‚²)
672 3427 733 3488 si
788 3445 929 3505 spes
983 3429 1125 3488 tuas
1176 3424 1347 3489 solus
1403 3425 1702 3505 impedio,
1760 3423 2084 3486 Paulusne
2135 3427 2191 3487 te
2246 3426 2301 3484 et

351 3514 600 3579 Fabius
634 3510 980 3604 Maximus
1024 3515 1080 3573 et
1125 3508 1302 3574 Cossi
1345 3515 1398 3574 et
1447 3510 1707 3574 Servilii
1759 3509 1985 3589 ferent,
2035 3512 2301 3572 tantum-

348 3621 464 3682 que
502 3618 724 3682 aymen
758 3596 1056 3660 nobilium
1091 3616 1210 3660 non
1244 3595 1467 3661 inania
1503 3597 1760 3659 nomina
1783 3595 2298 3675 praeferentium,

348 3688 455 3752 sed
500 3704 716 3750 eorum
758 3683 870 3764 qui
912 3681 1295 3764 imayinibus
1332 3684 1475 3748 suis
1518 3682 1721 3746 decori
1762 3680 2006 3762 sint?⁸)
2080 3680 2175 3744 Ne
2218 3685 2301 3742 to-

347 3778 475 3838 tam
509 3773 650 3837 eius
694 3774 841 3848 [pag.
869 3772 975 3846 60]
1021 3769 1361 3833 orationem
1394 3768 1776 3850 repentendo,
1822 3786 2115 3850 maynam
2140 3786 2299 3846 par-

350 3864 463 3923 tem
520 3855 855 3921 voluminis
918 3873 1200 3934 occupem
1267 3855 1536 3936 (diutius
1592 3854 1757 3917 enim
1813 3872 2002 3932 quam
2056 3851 2300 3916 duabus

349 3944 524 4009 horis
564 3942 884 4023 loquutum
925 3959 1054 4003 esse
1096 3940 1360 4021 constat)
1407 3960 1599 4021 quum
1643 3938 1800 4003 hanc
1835 3958 2129 4020 poenam,
2176 3957 2299 4018 qua

350 4031 484 4095 sola
520 4034 656 4094 erat
696 4030 1008 4092 writentus
1046 4025 1322 4106 futurus,
1368 4027 1735 4091 attenderet.-
1788 4025 1996 4090 Vitam
2032 4023 2164 4101 tibi,
2208 4024 2300 4088 in-

353 4119 500 4197 quit,
551 4113 786 4192 Cinna,
832 4114 1059 4176 iterum
1102 4111 1205 4188 do,
1247 4115 1445 4193 prius
1486 4111 1675 4190 hosti,
1734 4132 1896 4177 nunc
1940 4111 2300 4177 insidiatori

353 4224 425 4267 ac
465 4201 856 4283 parricidae.
948 4198 1053 4263 Ex
1120 4198 1412 4264 hodierno
1467 4199 1569 4263 die
1628 4200 1788 4262 inter
1843 4219 1958 4262 nos
2020 4196 2301 4262 amicitia

353 4289 633 4369 incipiat.
727 4285 1181 4350 Contendamus
1232 4290 1445 4350 utrum
1498 4306 1605 4368 eqo
1648 4285 1897 4349 meliore
1939 4283 2065 4364 fide
2106 4284 2301 4346 vitam

353 4375 464 4439 tibi
506 4374 815 4449 dederim,
873 4393 959 4435 an
1013 4375 1080 4434 tu
1133 4371 1370 4436 debeas.
1463 4371 1615 4436 Post
1670 4371 1820 4436 haec
1874 4369 2092 4435 detulit
2135 4369 2301 4433 ultro

351 4461 760 4538 consulatum,
806 4462 1083 4538 questus,
1138 4459 1302 4538 quod
1343 4477 1467 4522 non
1510 4458 1765 4522 auderet
1794 4461 2026 4538 petere.
2117 4454 2299 4519 Ami-

352 4548 677 4612 cissimum
715 4545 1268 4626 fidelissimumque
1301 4543 1530 4623 habuit,
1571 4543 1790 4608 haeres
1823 4543 1993 4608 solus
2023 4541 2151 4624 fuit
2186 4539 2300 4604 illi.

357 4633 577 4698 Nullis
619 4632 902 4712 amplius
946 4631 1208 4695 insidiis
1250 4630 1328 4695 ab
1368 4631 1495 4695 ullo
1531 4632 1767 4712 petitus
1809 4634 1912 4695 est.

527 4751 642 4818 Sic
687 4759 844 4816 sunt
889 4750 1384 4833 distinguendae
1426 4750 1739 4815 orationis
1781 4758 2002 4833 partes
2055 4754 2130 4814 ut
2171 4769 2303 4813 11110

355 4840 588 4921 spiritu
626 4838 749 4902 hoc
788 4839 1098 4902 efferatur
1110 4860 1124 4915 ;
1163 4836 1375 4900 Divus
1406 4837 1735 4920 Auyustus
1766 4838 1895 4918 fuit
1921 4837 2100 4902 mitis
2119 4837 2305 4917 prin-

355 4944 522 5007 ceps,
577 4926 638 4988 si
690 4925 837 5004 quis
882 4925 1066 4989 illum
1110 4944 1154 4986 a
1185 4923 1558 5004 principatu
1599 4944 1710 4987 suo
1766 4924 2097 4988 aestimare
2150 4923 2305 4986 inci-

344 5013 508 5091 piat.
592 5010 854 5075 Deinde
887 5008 1060 5092 quod
1102 5011 1418 5091 sequitur,
1466 5031 1759 5075 seorsum
1805 5010 2304 5093 pronunciatur:

360 5096 443 5160 In
509 5116 883 5161 communem
945 5096 1193 5178 quidem
1267 5096 1717 5176 rempublicam
1774 5096 2062 5179 yladium
2122 5096 2308 5160 movit

501 5269 559 5332 1)
599 5268 709 5322 Ed.
746 5269 948 5323 Amet„-
983 5266 1360 5322 Salvidienum.

1498 5264 1556 5330 2)
1602 5266 1748 5320 Edd.
1787 5266 1920 5322 1611
1938 5283 2081 5337 παφα
2115 5265 2307 5323 Credo.

360 5335 420 5404 3)
463 5337 572 5391 Ed.
611 5339 808 5393 Anat„-
846 5343 985 5392 sunt.
2004 5379 2011 5382 -

1738 391 2031 458 LIBER
2073 390 2129 458 I.
2197 392 2521 460 CAPUT
2569 394 2761 460 VIII.
2826 395 2951 462 IX.

4284 408 4367 470 70

2407 605 2600 667 quum
2652 585 2724 649 id
2779 587 3004 652 aetatis
3064 593 3220 654 esset
3273 589 3437 671 quod
3490 595 3560 654 tu
3601 611 3768 655 nunc
3823 613 3903 657 es.
3994 591 4122 673 Qui
4182 594 4362 660 enim

2410 671 2548 733 01118
2614 673 2926 754 temporis
2996 672 3338 739 historiam
3405 674 3861 757 prodiderunt,
3932 699 4158 745 omnes
4227 702 4360 745 uno

2409 776 2521 820 ore
2577 756 2684 820 Au
2782 759 2867 822 sti
2939 758 3354 825 clementiam
3422 762 3791 839 celebrant,
3858 775 4198 847 postquam
4257 788 4359 831 so-

2408 840 2510 907 lus
2574 841 2695 906 sub
2724 843 2848 907 atis
2906 843 3159 926 Lepido
3216 854 3280 909 et
3336 848 3627 912 Antonio
3695 849 4091 932 reipublicae
4153 850 4358 916 admi-

2407 927 2865 993 nistrationem
2902 932 3205 1014 suscepit.
3274 933 3354 999 In
3392 935 3818 999 triumviratu
3856 938 3988 1000 acri
4033 938 4358 1019 ferocique

2407 1014 2674 1097 ingenio
2696 1015 3142 1096 proscribendi
3164 1019 3504 1084 saevitiam
3544 1022 3854 1100 exercuit,
3897 1034 3960 1085 et
4001 1022 4128 1086 alia
4161 1043 4357 1105 quae-

2411 1098 2560 1163 dam
2606 1098 2813 1164 edidit
2853 1102 3253 1168 crudelitatis
3298 1105 3493 1187 plena
3536 1127 3761 1189 opera,
3810 1129 3974 1189 quae
4020 1130 4358 1175 recensere

2407 1185 2685 1268 longum
2739 1196 2853 1251 est.
2958 1189 3377 1272 Tranquillus
3429 1192 3501 1254 in
3561 1194 3697 1256 eius
3749 1194 3904 1258 vita:
3954 1193 4359 1260 Clementiae

2408 1270 2870 1356 civilitatisque
2927 1274 3066 1338 eius
3110 1275 3317 1339 multa
3360 1287 3423 1341 et
3467 1298 3710 1362 magna
3754 1278 4142 1345 documenta
4184 1289 4355 1344 sunt.

2407 1357 2583 1422 Vide
2608 1356 2991 1424 Cornelium
3028 1361 3326 1425 Tacitum
3361 1361 3467 1426 lib.
3493 1364 3568 1440 1.,
3606 1362 3919 1429 Ovidium
3956 1366 4022 1430 in
4060 1366 4358 1449 pluribus

2405 1442 2580 1509 10018.
2671 1443 2871 1511 Nolui
2914 1447 3090 1511 enim
3134 1446 3240 1512 1110
3285 1447 3572 1527 haerere,
3618 1450 3768 1533 quia
3813 1451 4134 1533 quaedam
4173 1463 4245 1515 ut
4289 1475 4359 1517 se

2407 1530 2701 1609 offerent,
2749 1534 3025 1614 sparsim
3070 1535 3495 1616 attingentur.

2584 1615 2664 1679 In
2689 1639 3064 1684 communem
3096 1619 3540 1700 rempublicam
3561 1622 3846 1704 „cladium
3895 1620 4110 1722 movit]
4156 1623 4359 1687 Eras-

2406 1724 2555 1767 mus
2609 1705 2676 1767 in
2727 1706 3066 1787 posteriori
3113 1703 3396 1772 editione
3441 1706 3617 1804 legit,
3675 1708 3741 1770 in
3786 1730 4114 1773 commum
4165 1729 4357 1791 repu-

2406 1789 2590 1854 blica.
2677 1790 2970 1873 Utraque
3005 1790 3195 1857 lectio
3232 1792 3544 1857 sustineri
3588 1800 3817 1876 potest
3898 1796 4066 1859 Nam
4116 1793 4359 1859 Caesar

2407 1875 2760 1942 octodecim
2797 1876 2944 1959 plus
2982 1878 3202 1942 minus
3246 1886 3443 1942 natus
3489 1900 3712 1957 0111108,
3761 1880 3830 1942 111
3877 1880 4356 1963 expeditionem

2405 1963 2645 2028 missus
2699 1964 3017 2029 adversus
3070 1966 3464 2042 Antonium,
3520 1966 3629 2047 (1111
3675 1974 3830 2028 tunc
3875 1967 4164 2031 Brutum
4207 1968 4357 2031 Mu-

2404 2050 2583 2113 tinae
2618 2049 2969 2126 obsidebat,
3009 2052 3346 2134 negotium
3382 2051 3557 2115 intra
3594 2059 3728 2115 tres
3765 2074 4019 2117 menses
4065 2054 4353 2119 confecit.

2403 2135 2612 2200 Paulo
2638 2144 2786 2219 post
2811 2138 3036 2219 fugato
3059 2137 3368 2213 Antonio,
3398 2136 3738 2200 consulum
3768 2135 3970 2202 altero
3995 2140 4061 2202 in
4092 2141 4226 2203 0010
4255 2141 4356 2202 111-

2404 2230 2745 2305 teremptO,
2792 2222 2995 2288 altero
3032 2244 3114 2286 ex
3140 2222 3417 2286 vulnere
3453 2236 3730 2298 mortue,
3766 2224 4060 2288 animum
4090 2225 4172 2288 ad
4237 2227 4357 2291 eti-

2402 2308 2652 2372 tionem
2697 2308 3070 2375 consulatus
3103 2308 3368 2373 adiecit:
3417 2310 3569 2391 quia
3612 2322 3678 2372 et
3713 2311 3991 2392 suspicio
4032 2312 4173 2374 inse
4221 2321 4358 2375 erat

2405 2393 2746 2459 hominum
2796 2394 3052 2473 animis,
3099 2396 3382 2460 occisum
3414 2393 3494 2458 ab
3531 2417 3607 2459 eo
3644 2394 3942 2459 Hirtium
3988 2398 4056 2459 in
4101 2418 4357 2480 pugnae

2402 2481 2710 2558 tumultu,
2757 2493 2822 2544 ct
2856 2482 3114 2546 Pansae
3152 2481 3430 2556 vulneri,
3472 2481 3763 2545 eiusdem
3789 2482 4122 2557 instinctu,
4160 2504 4358 2548 vene-

2405 2589 2569 2630 num
2627 2589 2665 2630 a
2723 2566 3000 2632 Glicone
3057 2566 3306 2632 medico
3363 2567 3634 2630 illitum:
3692 2589 3816 2648 quo
3858 2569 4081 2633 fractis
4129 2570 4360 2650 opibus

2405 2654 2700 2730 Antonii,
2745 2662 2812 2717 et
2847 2652 3179 2735 republica
3223 2653 3496 2719 ducibus
3539 2652 3779 2727 orbata,
3829 2653 4232 2719 dominatum
4280 2655 4360 2718 ad

2406 2761 2476 2805 se
2521 2740 2855 2821 reciperet.
2946 2738 3037 2803 Et
3071 2741 3327 2803 senatui
3365 2740 3579 2803 visum
3615 2747 3771 2812 erat,
3818 2740 3956 2804 eius
4003 2744 4356 2823 potentiam

2405 2835 2706 2891 revocato
2743 2825 3035 2890 exercitu
3073 2823 3386 2889 scindere.
3455 2825 3582 2891 His
3618 2825 3886 2906 inquam
3932 2828 4186 2890 nunciis
4229 2836 4358 2890 ter-

2406 2914 2601 2989 ritus,
2640 2931 2903 2995 operam
2940 2910 3226 2974 intendit
3260 2922 3328 2973 at
3360 2911 3718 2993 petendum
3753 2912 4208 2993 consulatum„
4267 2913 4359 2976 Et

2406 3020 2611 3081 quum
2648 2996 2726 3063 de
2763 3017 3064 3064 successu
3100 2996 3488 3081 ambigeret,
3532 2997 3819 3080 legiones
3854 2997 4001 3062 urbi
4047 2995 4356 3077 admovit,

2406 3106 2592 3150 arma
2625 3106 2789 3166 quae
2825 3082 2945 3150 sibi
2995 3105 3113 3166 pro
3160 3082 3490 3166 republica
3534 3083 3686 3147 data
3730 3091 3938 3161 erant,
3982 3084 4054 3146 in
4096 3105 4358 3167 rempu-

2405 3170 2644 3236 blicam
2686 3180 3095 3236 convertens.
3164 3167 3311 3249 Quo
3348 3178 3640 3253 tempore
3685 3169 3778 3232 810
3821 3168 3902 3232 ad
3941 3191 4089 3233 eum
4125 3168 4356 3236 Cicero

2408 3257 2665 3322 scribit:
2715 3256 2862 3337 Quo
2908 3262 3056 3337 [pag.
3098 3260 3207 3335 61]
3247 3265 3310 3320 te
3345 3255 3686 3320 misimus?
3725 3276 3764 3319 a
3799 3254 4033 3338 quibus
4069 3265 4358 3321 reverte·

2407 3343 2544 3410 ris?
2604 3352 2832 3409 contra
2886 3365 3045 3425 quos
3101 3341 3543 3407 armavimus?
3602 3343 3837 3424 quibus
3885 3363 4069 3406 arma
4113 3342 4360 3425 cogitas

2406 3428 2689 3494 inferre?
2727 3451 2766 3493 a
2788 3428 3027 3511 quibus
3050 3429 3410 3493 exercitum
3435 3426 3742 3493 abducis?
3770 3435 3836 3492 et
3859 3427 4173 3493 adversus
4196 3449 4360 3510 quos

2407 3517 2615 3581 aciem
2650 3514 2892 3580 struis?
2932 3537 3048 3580 cur
3086 3514 3290 3580 hostis
3329 3514 3738 3597 relinquitur,
3777 3514 3939 3579 civis
3976 3513 4180 3580 hostis
4220 3514 4361 3582 loco

2406 3599 2715 3683 ponitur?
2765 3621 2882 3665 cur
2905 3610 3123 3664 castra
3159 3600 3371 3664 medio
3403 3602 3638 3666 itinere
3661 3600 3923 3684 longius
3947 3600 4355 3667 adversario-

2407 3708 2560 3751 rum
2587 3686 2835 3762 castris‚
2883 3695 2948 3750 et
2974 3686 3243 3768 propius
3276 3685 3504 3750 urbem
3547 3686 3936 3751 moventur?
3984 3686 4189 3751 Paulo
4211 3697 4363 3772 post

2407 3795 2559 3839 cum
2583 3772 2869 3836 Antonio
2905 3781 2972 3835 et
2992 3770 3244 3854 Lepido
3271 3771 3664 3836 sceleratam
3683 3772 4136 3837 triumviratus
4160 3773 4360 3838 socie-

2408 3868 2610 3923 tatem
2638 3858 2847 3940 coepit
2877 3858 3064 3923 coire.
3122 3857 3228 3921 Ita
3256 3859 3513 3922 circiter
3538 3856 4098 3922 undevicesimum
4127 3857 4360 3924 aetatis

2409 3966 2658 4010 annum
2685 3945 2751 4007 in
2774 3943 3244 4026 rempublicam
3268 3942 3560 4027 gladium
3582 3944 3807 4020 movit,
3827 3953 3892 4005 et
3914 3944 3982 4006 in
4008 3943 4357 4025 republica.

2582 4026 2667 4095 Id
2708 4031 2933 4095 aetatis
2968 4028 3129 4110 quod
3163 4034 3230 4092 tu
3265 4049 3429 4094 nuuc
3461 4028 3553 4116 es]
3595 4026 3708 4094 Sic
3742 4028 4028 4092 ineunda
4064 4037 4163 4092 est
4205 4050 4360 4112 sup-

2454 4116 2659 4182 utatio
2712 4137 2796 4180 ex
2855 4113 3261 4197 Tranquillo:
3332 4113 3735 4195 Quadrimus
3844 4121 4072 4184 atrem,
4119 4115 4357 4179 amisit.

2407 4203 2889 4268 Duodecimum
2925 4222 3423 4285 annumagens,
3463 4201 3680 4265 aviam
3717 4200 3796 4266 Iu
3825 4201 3952 4262 iam
3989 4197 4360 4265 defunctam

2453 4311 2526 4354 ro
2549 4288 2864 4355 concione
2886 4287 3206 4366 laudavit3
3244 4286 3668 4369 quadriennio
3693 4297 3854 4369 post,
3878 4285 4060 4350 virili
4098 4293 4362 4369 sumpta

2408 4387 2591 4460 toga,
2650 4375 3042 4440 militaribus
3098 4374 3283 4439 donis
3326 4372 3658 4454 triumpho
3704 4370 4004 4437 Caesaris
4050 4373 4359 4437 Africano

2409 4462 2690 4526 donatus
2747 4469 2864 4526 est.
2951 4460 3134 4541 Quid
3190 4460 3499 4542 temporis
3557 4459 4001 4523 intercesserit
4057 4459 4229 4522 inter
4272 4456 4356 4536 id,

2408 4557 2474 4613 et
2508 4558 2788 4613 mortem
2822 4547 2979 4611 Iulii
3002 4545 3350 4624 dictatoris,
3389 4545 3516 4608 alia
3555 4546 4013 4627 supputatione
4050 4544 4361 4628 colligen-

2408 4635 2584 4699 dum.
2707 4631 3047 4715 Siquidem
3111 4633 3398 4715 primum
3461 4653 3609 4696 cum
3676 4632 3768 4695 M.
3833 4631 4117 4696 Antonio
4164 4639 4360 4713 atque

2408 4718 2680 4803 Lepide,
2732 4718 2964 4784 deinde
3012 4726 3273 4781 tantum
3320 4738 3472 4802 cum
3518 4718 3806 4781 Antonio
3850 4739 3966 4799 per
4016 4716 4358 4781 duodecim

2407 4808 2545 4871 fere
2569 4826 2794 4883 annos,
2833 4805 3186 4869 novissime
3225 4824 3345 4886 per
3373 4812 3651 4886 quatuor
3687 4812 3752 4867 et
3792 4802 4220 4886 quadraginta
4256 4823 4360 4867 so-

2406 4893 2511 4958 lus
2534 4890 3001 4973 rempublicam
3029 4891 3259 4954 tenuit.
3305 4890 3610 4954 Mortuus
3631 4898 3730 4954 est
3763 4911 3935 4953 anno
3958 4887 4186 4952 aetatis
4212 4909 4359 4971 sepa

2408 4980 2770 5062 tuagesimo
2814 4986 3031 5054 sexto,
3086 4976 3313 5041 diebus
3358 4976 3642 5058 quinque
3689 4985 3753 5040 et
3803 4974 4073 5058 triginta
4118 4975 4353 5039 minus.

2408 5064 2784 5129 Demantur
2827 5063 2986 5127 anni
3029 5062 3356 5127 sexdecim
3403 5061 3487 5126 ad
3531 5061 3598 5126 id
3647 5071 3900 5143 tempus
3956 5080 4083 5142 quo
4141 5061 4361 5124 aviam

2408 5151 2703 5215 laudavit
2759 5148 2825 5212 in
2882 5149 3143 5226 funere,
3204 5147 3438 5213 deinde
3484 5148 3638 5212 anni
3682 5148 3817 5211 fere
3863 5144 4202 5212 duodecim
4255 5168 4360 5211 80-

2410 5238 2662 5303 cietatis
2727 5256 2877 5300 cum
2941 5235 3195 5317 Lepido
3262 5242 3331 5299 et
3381 5234 3697 5312 Antonia,
3752 5241 3899 5315 post
3940 5232 4194 5297 XLIV.
4249 5234 4361 5316 qui

2409 5323 2830 5406 assignantur
2901 5321 3346 5400 monarchiae,
3427 5328 3779 5415 superspnt
3842 5319 4002 5383 anni
4062 5327 4360 5403 quatuor.

3888 5420 3953 5474 5*
