5100 6061
730 431 854 493 343
2387 415 3065 486 CATEGHISMUS.
3686 428 3693 434 '
4614 425 4729 487 344

730 614 980 680 hibebit
1055 619 1072 676 l
1124 613 1272 679 Cor.
1318 617 1412 691 13,
1457 616 1584 698 12).
1657 611 1882 678 Contra
1917 609 2163 693 reprobi
2207 630 2280 673 ac
2323 609 2526 690 impii,
2572 609 2682 689 qui

731 705 972 768 sincera
1066 722 1204 765 eum
1236 700 1360 780 fide
1394 721 1500 765 nee
1534 699 1928 781 quaesierint,
1954 717 2061 763 nec
2083 696 2396 774 coluerint,
2434 693 2681 775 quando

732 788 973 853 nullam
1017 788 1087 850 in
1130 786 1266 851 Deo
1309 807 1383 851 ac
1419 805 1602 869 reqno
1639 786 1778 849 eius
1807 789 2057 864 partem
2091 782 2367 848 habituri
2400 785 2566 859 sunt,
2612 781 2681 843 in

731 880 987 938 mortem
1021 871 1475 948 immortalem,
1515 893 1589 936 ac
1615 868 2175 951 incorruptibilem
2198 866 2682 950 corruptionem

731 980 870 1024 cum
927 957 1195 1024 diabolis
1250 957 1667 1023 coniicientur.
1765 953 1842 1021 Ut
1900 960 2077 1020 extra
2129 976 2302 1019 omne
2352 952 2680 1035 qaudium,

735 1047 1033 1124 virtutem,
1078 1065 1150 1109 ac
1192 1049 1428 1109 caetera
1470 1044 1642 1125 reqni
1680 1042 1952 1106 coelestis
1994 1042 2169 1118 bona,
2218 1039 2483 1105 aeternis
2528 1043 2681 1102 tene-
2790 1034 3078 1099 oratione
3122 1034 3353 1119 hngua
3393 1036 3721 1102 interdum
3766 1037 4088 1116 conducit,
4139 1039 4278 1104 sive
4322 1045 4397 1102 ut
4440 1060 4624 1103 mens
4665 1040 4733 1103 in

731 1132 893 1209 bris,
952 1135 1311 1211 aeternoque
1365 1129 1645 1192 cruciatu
1699 1128 2010 1204 damnati,
2081 1147 2282 1191 verme
2338 1123 2683 1189 umnortali
2789 1120 2917 1184 Dei
2978 1120 3435 1204 cogitationem
3491 1123 3747 1187 intenta
3802 1124 3940 1188 eius
3996 1125 4304 1190 exercitio
4352 1125 4728 1203 retineatur,

731 1217 1130 1293 arrodantur,
1157 1221 1212 1279 et
1233 1216 1374 1298 iqne
1408 1215 1673 1279 ardeant
1708 1213 2201 1296 inexstinquibili
2238 1211 2392 1294 (Ies.
2421 1213 2519 1288 66,
2548 1210 2679 1290 24).
2733 1201 2738 1248 ¹
2790 1207 2925 1270 sive
2970 1213 3044 1269 ut
3093 1227 3247 1289 pars
3301 1207 3415 1272 illa
3470 1210 3704 1287 nostri,
3764 1207 4237 1292 praedicandae
4278 1209 4551 1276 Domini
4596 1210 4731 1294 glo-

2734 1251 2738 1372 ἦ
2789 1293 2924 1356 riae
2968 1293 3379 1375 peculiariter
3421 1293 3762 1374 destinata,
3808 1295 4002 1360 simul
4047 1318 4195 1362 cum
4231 1295 4441 1375 corde,
4484 1296 4555 1359 in
4592 1318 4732 1360 me·

1348 1418 1578 1500 QUID
1625 1419 1772 1484 SIT
1819 1416 2045 1483 SPES
2734 1395 2738 1480 ξ
2789 1377 3057 1442 ditanda
3123 1377 3391 1443 Domini
3468 1380 3761 1446 bonitate
3837 1389 4211 1465 occupetur:
4292 1379 4450 1464 quid
4516 1389 4732 1447 tamen

2051 1467 2065 1479 ‘
2734 1483 2738 1538 ι
2791 1464 2933 1529 31116
3000 1465 3217 1529 61111116
3272 1465 3511 1545 valeat,
3591 1467 3919 1532 Dominus
3972 1489 4089 1551 per
4138 1467 4523 1552 prophetam
4579 1468 4730 1552 (163.

908 1558 982 1621 Si
1031 1557 1203 1638 sides,
1228 1558 1276 1640 ¹)
1333 1563 1400 1620 ut
1443 1556 1736 1621 auditum
1791 1560 1906 1630 est,
1965 1559 2131 1617 certa
2177 1557 2264 1616 est
2310 1552 2382 1616 de
2425 1553 2685 1616 veritate
2734 1545 2738 1590 ί
2792 1553 2892 1628 29,
2940 1553 3042 1628 13;
3099 1549 3341 1615 Matth.
3392 1556 3487 1632 15,
3528 1557 3561 1614 7
3604 1553 3686 1637 s.)
3745 1552 4130 1634 declaravit,
4189 1554 4578 1638 gravissima
4635 1554 4730 1618 ul-

726 1643 854 1710 Dei
886 1645 1243 1724 persuasio,
1288 1644 1451 1724 quod
1492 1663 1599 1706 nec
1640 1642 1893 1705 mentiri
1931 1639 2122 1715 nobis,
2160 1659 2267 1704 nec
2298 1639 2532 1719 fallere,
2577 1659 2684 1703 nec
2789 1636 2966 1700 tione
3016 1635 3090 1699 in
3144 1657 3366 1701 omnes
3407 1639 3825 1723 promulgata
3868 1641 3977 1722 qui
4034 1639 4225 1705 corde
4271 1639 4353 1705 ab
4396 1641 4534 1723 ipso
4580 1640 4732 1704 alie-

728 1732 918 1794 irrita
972 1750 1100 1795 6336
1154 1734 1365 1811 queat:
1420 1729 1532 1808 qui
1584 1726 1743 1791 hanc
1800 1727 2226 1791 certitudinem
2269 1730 2680 1806 conceperunt,
2732 1785 2735 1794 ,
2789 1723 2941 1800 nati,
2988 1720 3176 1787 labiis
3220 1744 3368 1787 eum
3412 1723 3756 1790 honorant.
3830 1725 4023 1806 Quod
4077 1727 4135 1790 si
4177 1748 4337 1791 vera
4380 1726 4591 1790 oratio
4636 1726 4735 1789 ni·

733 1823 878 1895 [pag.
919 1820 1024 1892 33]
1069 1815 1262 1880 simul
1293 1814 1570 1895 profecto
1610 1817 1976 1892 exspecta-nt,
2011 1812 2160 1893 fore,
2207 1816 2276 1875 ut
2309 1812 2682 1891 promissio-
2732 1797 2738 1886 l
2789 1806 2883 1871 hil
2944 1805 3122 1871 aliud
3177 1829 3317 1874 esse
3374 1809 3594 1890 debet,
3657 1831 3854 1894 quam
3920 1813 4212 1877 sincerus
4269 1810 4471 1877 animi
4528 1812 4735 1876 nostri

729 1923 835 1967 nes
892 1921 1044 1965 suas
1099 1901 1281 1966 Deus
1325 1905 1627 1979 praestet.
1685 1919 1872 1978 quae,
1926 1917 2139 1961 eorum
2182 1898 2495 1978 opinione,
2558 1917 2679 1961 non
2730 1915 2735 1938 ¹
2787 1913 3035 1971 senene,
3080 1892 3161 1956 ad
3187 1895 3407 1959 Deum
3452 1899 3792 1976 accessuri,
3824 1900 4000 1962 omni
4036 1898 4282 1980 gloriae
4324 1905 4593 1962 nostrae
4631 1920 4733 1963 co—

729 1989 857 2053 nisi
897 2007 1078 2052 verae
1120 2006 1248 2049 esse
1280 1991 1561 2066 possunt.
1644 1984 1720 2049 Ut
1763 1986 1830 2047 in
1875 2003 2122 2047 summa
2166 1983 2329 2046 nihil
2373 1983 2554 2046 aliud
2595 1984 2683 2046 sit
2785 1980 3129 2063 gitatione,
3195 1983 3372 2045 omni
3427 1984 3727 2065 propriae
3783 1983 4121 2068 dignitatis
4166 1984 4498 2068 opinione,
4559 1984 4733 2047 omni

729 2094 901 2156 spes,
959 2091 1149 2154 quam
1191 2091 1404 2135 eorum
1447 2070 1838 2150 exspectatio,
1895 2089 2052 2150 quae
2095 2090 2232 2133 vere
2275 2090 2316 2133 a
2363 2068 2498 2133 Deo
2531 2089 2681 2149 pro-
2785 2064 3062 2147 denique
3118 2068 3322 2130 nostri
3372 2067 3609 2132 fiducia
3668 2068 4056 2135 decedamus
4099 2080 4381 2154 oportet:
4426 2069 4736 2151 quemad-

730 2161 928 2224 missa
966 2158 1122 2238 fides
1173 2156 1451 2221 credidit.
1540 2155 1646 2221 Ita
1701 2156 1856 2236 fides
1897 2155 2107 2220 Deum
2149 2173 2426 2218 veracem
2467 2153 2677 2232 credit,
2784 2150 3055 2215 modum
3110 2173 3149 2216 a
3206 2154 3524 2235 propheta
3579 2154 3851 2238 (Daniel
3898 2159 3957 2233 9,
4025 2161 4059 2219 5
4101 2156 4229 2239 ss.)[
4289 2155 4734 2234 admonemur,

731 2265 872 2326 spes
912 2248 1218 2323 exspectat
1257 2247 1325 2305 ut
1369 2243 1440 2306 in
1483 2243 1774 2322 temporis
1800 2243 2110 2307 occasione
2135 2241 2452 2305 veritatem
2495 2260 2681 2304 suam
2722 2231 2734 2308 l.
2786 2259 2920 2301 non
2975 2237 3046 2301 in
3102 2238 3367 2303 iustitiis
3423 2241 3663 2305 nostris
3705 2241 3979 2307 fundere
4035 2263 4289 2324 preces,
4345 2239 4460 2307 sed
4503 2242 4577 2305 in
4618 2243 4738 2305 mi-

730 2329 1028 2395 exhibeat.
1112 2328 1306 2393 Fides
1355 2329 1572 2405 credit,
1640 2328 1815 2392 nobis
1870 2348 2000 2391 esse
2042 2332 2322 2407 patrem.-
2389 2346 2530 2407 spes
2575 2346 2680 2389 ex·
2788 2322 3154 2388 sericordiis
3210 2325 3351 2390 eius
3396 2328 3683 2410 magnis,
3753 2335 3828 2391 ut
3881 2327 3994 2392 1116
4038 2348 4159 2393 1163
4213 2336 4478 2410 propter
4536 2335 4739 2392 semet

730 2420 975 2495 spectat,
1021 2421 1090 2478 ut
1132 2435 1197 2478 36
1236 2413 1420 2478 talem
1459 2435 1605 2496 erqa
1646 2434 1758 2477 nos
1803 2433 2042 2494 semper
2079 2418 2272 2495 qerat.
2332 2410 2527 2476 Fides
2569 2412 2681 2476 da-
2786 2409 3003 2492 ipsum
3048 2408 3373 2493 exaudiat,
3421 2420 3495 2475 ut
3539 2433 3736 2496 super
3780 2436 3898 2478 nos
3941 2411 4317 2480 invocatum
4354 2420 4455 2477 est
4494 2433 4735 2478 nomeu

731 2508 861 2566 tam
883 2500 1056 2566 nobis
1097 2501 1291 2564 vitam
1325 2503 1638 2564 aeternam
1659 2499 1874 2564 credit.-
1917 2519 2061 2579 spes
2103 2503 2421 2579 exspectat,
2459 2503 2528 2561 ut
2562 2498 2678 2561 ali-
2786 2496 2941 2560 eius.
3024 2494 3250 2576 Neque
3310 2519 3461 2562 vero
3519 2498 3625 2564 hic
3681 2500 3982 2565 miseriae
4039 2509 4297 2565 nostrae
4351 2520 4584 2563 sensus
4627 2499 4734 2564 de·

730 2586 977 2669 quando
1032 2586 1359 2665 revelem,-
1408 2585 1566 2666 tides
1606 2586 2080 2666 fundamentum
2114 2591 2233 2663 est,
2270 2586 2372 2649 cui
2407 2604 2550 2665 spes
2584 2586 2681 2647 in·
2788 2590 3036 2646 terrere
3091 2601 3210 2645 nos
3254 2581 3335 2647 ab
3380 2605 3639 2649 accessu
3678 2585 3949 2650 Domini
3995 2585 4202 2664 debet,
4248 2587 4557 2668 quoniam
4606 2607 4735 2649 non

732 2672 985 2737 cumbit:
1026 2692 1167 2754 spes
1205 2671 1393 2752 fidem
1447 2672 1580 2744 alit,
1625 2691 1699 2735 ac
1740 2672 2015 2735 sustinet.
2107 2670 2278 2734 Nam
2324 2676 2394 2734 ut
2437 2690 2682 2750 exspec-
2788 2667 3092 2731 instituta
3136 2675 3235 2732 est
3278 2670 3510 2748 oratio,
3558 2692 3686 2752 qua
3728 2693 3848 2736 nos
3892 2680 4276 2755 arroganter
4321 2691 4543 2737 coram
4591 2673 4733 2736 Deo
4786 2711 4791 2716 -

734 2765 866 2823 tare
911 2780 951 2821 a
975 2759 1113 2823 Deo
1157 2777 1329 2822 nemo
1374 2751 1728 2838 quidquam
1743 2763 1958 2838 potest,
2007 2758 2138 2821 nisi
2181 2757 2291 2838 qui
2315 2757 2508 2838 prius
2544 2757 2681 2820 eius
2788 2753 3163 2832 efferamuS,
3211 2764 3327 2819 aut
3369 2754 3618 2838 aliquid
3661 2765 3953 2822 nostrum
4000 2778 4239 2841 magno
4285 2759 4733 2822 aestimemus:

720 2845 1062 2926 promissis
1104 2844 1462 2922 crediderit,
1522 2845 1613 2907 ita
1655 2864 1883 2907 rursus
1930 2843 2079 2922 fidei
2123 2848 2370 2907 nostrae
2413 2841 2682 2907 imbecil-
2789 2837 2904 2903 sed
2947 2859 3074 2920 qua
3120 2851 3373 2905 nostras
3423 2847 3568 2921 [pag.
3596 2847 3702 2922 35]
3751 2844 4153 2909 calamitates
4189 2845 4621 2928 confiteamur
4663 2864 4735 2908 ac

730 2931 979 3008 litatem,
1025 2952 1100 2994 ne
1141 2930 1301 2994 velut
1330 2930 1505 3010 fessa
1542 2930 1832 3007 omicidat,
1868 2930 2169 2993 sustineri
2209 2949 2280 2992 ac
2312 2929 2523 3010 foveri,
2564 2949 2683 3010 pa-
2731 2951 2737 3000 ι
2790 2923 3226 3007 deploremus:
3275 2928 3821 3009 quemadmodum
3864 2929 3985 2993 filii
4025 2929 4196 3012 apud
4240 2943 4546 3011 parentes
4583 2951 4734 2994 suas

2732 3005 2737 3020 i

2788 605 3068 670 tationes
3149 605 3427 689 denique
3482 606 3693 671 cordis
3755 609 3962 672 nostri
4019 629 4244 672 omnes
4311 629 4529 673 coram
4595 609 4726 692 ipso

2787 690 3208 769 effundimus,
3247 691 3597 776 diligenter
3631 693 4161 776 prospiciendum
4196 701 4297 758 est
4330 694 4538 772 nobis,
4576 716 4728 776 quo-

2786 778 2908 842 ties
2954 775 3313 841 Dominum
3356 779 3755 858 invocamus,
3801 789 3876 843 ut
3918 780 3989 843 in
4033 780 4301 844 intimos
4334 780 4548 845 cordis
4582 801 4729 845 nos-

2788 863 2872 926 tri
2926 884 3219 929 recessus
3272 863 3771 944 descendamus,
3827 872 3894 929 et
3932 864 4116 944 inde,
4172 887 4303 930 non
4342 888 4424 931 ex
4470 873 4731 950 gutture

2789 955 2902 1012 aut
2953 948 3210 1047 lingua,
3278 950 3498 1014 Deum
3556 951 3976 1034 appellemus.
4070 952 4357 1017 Tametsi
4425 951 4602 1015 enim
4663 954 4732 1017 in

731 3018 948 3081 tienter
991 3017 1294 3098 sperando
1337 3020 1392 3081 et
1435 3016 1855 3098 eoespectando,
1901 3020 2142 3099 opmia.
2732 3027 2735 3063 1
2789 3011 3229 3094 querimonias
3272 3013 3682 3081 familiariter
3727 3015 4077 3099 deponunt.
4136 3013 4332 3096 'Quin
4376 3015 4483 3081 hic
4520 3017 4733 3099 potius

2788 3118 3019 3162 sensus
3075 3099 3262 3165 nobis
3316 3102 3527 3166 instar
3580 3102 3849 3168 calcaris
3903 3124 3978 3167 ac
4040 3102 4287 3167 stimuli
4338 3123 4480 3167 esse
4525 3101 4729 3181 debet,

1369 3222 1495 3287 DE
1542 3219 2039 3287 ORATIONE·
2732 3212 2735 3235 ]
2786 3206 2914 3267 quo
2970 3186 3183 3249 acrius
3250 3184 3333 3250 ad
3400 3189 3760 3252 orationem
3827 3189 4191 3254 incitemur.
4302 3189 4452 3252 Duo
4514 3198 4732 3252 autem

2732 3270 2736 3331 Ι
2786 3280 2944 3335 sunt
2987 3291 3153 3352 quae
3197 3271 3277 3335 ad
3322 3275 3633 3338 orationis
3670 3273 3957 3338 studium
3998 3274 4421 3339 vehementer
4456 3296 4577 3338 nos
4613 3276 4734 3338 im-

902 3360 1118 3423 Homo
1162 3380 1316 3424 vera
1349 3358 1477 3423 fide
1515 3358 1713 3440 probe
1758 3336 2119 3437 institutriS,
2158 3358 2344 3423 facile
2389 3360 2678 3441 primum
2731 3334 2737 3371 *
2784 3354 3027 3438 pellere
3072 3356 3381 3423 debeant:
3438 3360 3800 3426 mandatum
3824 3364 3872 3442 ¹)
3918 3361 4071 3440 Dei,
4117 3381 4234 3441 quo
4275 3381 4456 3424 orare
4488 3362 4733 3441 praeci-

720 3448 1042 3527 perspicit‚
1060 3447 1118 3528 ²)
1177 3466 1368 3526 quam
1409 3446 1508 3509 *sit
1563 3444 1856 3509 bonorum
1914 3447 2188 3508 omnium
2230 3465 2454 3527 eqenus
2496 3449 2681 3526 atque
2774 3443 2905 3523 pit.-
2948 3448 3003 3506 et
3038 3445 3378 3523 promissio
3396 3497 3409 3522 ‚
3444 3467 3571 3527 qua
3600 3447 3925 3527 pollicetur
3965 3447 4399 3527 impetraturos
4432 3446 4736 3527 quidquid

732 3533 963 3611 inanis,
1008 3552 1311 3611 quamque
1353 3532 1476 3595 sibi
1531 3532 1743 3596 omnia
1786 3532 1989 3595 desint
2030 3531 2258 3595 salutis
2296 3533 2677 3596 adiumenta.
2771 3529 3161 3610 petierimus.
3251 3531 3507 3615 Insigni
3553 3533 3730 3596 enim
3785 3532 4190 3597 consolatione
4241 3532 4569 3613 fruuntur,
4625 3532 4732 3613 qui

737 3619 974 3699 Quare,
1021 3619 1078 3681 si
1111 3619 1445 3697 praesidia
1485 3618 1728 3698 quaerit
1780 3618 2000 3697 quibus
2045 3617 2294 3696 inopiae
2350 3638 2503 3682 suae
2544 3638 2680 3681 suc-
2784 3636 2924 3679 eum
2966 3616 3251 3682 invocant
3292 3638 3364 3680 ac
3406 3619 3751 3699 requirunt,
3797 3619 3958 3699 quod
3991 3617 4340 3699 intelliqant
4373 3619 4466 3681 sic
4499 3620 4732 3701 aqendo

729 3708 962 3780 currat,
1006 3700 1182 3767 extra
1225 3723 1292 3767 36
1335 3708 1510 3767 exeat
1551 3708 1793 3784 oportet,
1840 3708 1895 3766 et
1939 3702 2196 3767 aliunde
2241 3722 2316 3766 ea
2358 3703 2481 3767 sibi
2523 3724 2677 3768 com-
2726 3770 2729 3781 4
2781 3722 2849 3765 36
2893 3722 3069 3783 aqere
3112 3724 3241 3767 rem
3284 3702 3385 3767 illi
3419 3709 3755 3785 acceptam:
3801 3702 4034 3768 deinde
4071 3704 4211 3768 eius
4250 3703 4528 3769 veritate
4564 3706 4730 3781 freti,

715 3794 916 3870 paret.
999 3788 1293 3853 Rursum
1339 3789 1685 3853 Dominum
1726 3809 1858 3853 sese
1899 3789 2060 3853 ultro
2103 3809 2176 3853 ac
2227 3788 2567 3854 liberaliter
2609 3791 2677 3852 in
2726 3804 2729 3851 1
2784 3809 2853 3851 36
2899 3786 3277 3852 exauditum
3323 3789 3404 3853 iri
3447 3800 3621 3854 certo
3667 3788 4022 3854 confidunt.
4111 3790 4344 3867 Petite,
4391 3790 4623 3872 inquit,
4672 3799 4732 3854 et

733 3873 975 3939 Christo
1032 3874 1403 3939 exhibentem
1459 3875 1964 3957 contemplatur,
2020 3894 2094 3939 ac
2148 3875 2213 3938 in
2271 3895 2347 3939 eo
2404 3876 2679 3940 coelestes
2726 3902 2731 3911 ·
2782 3873 3042 3937 dabitur
3084 3873 3298 3953 vobiS,
3358 3875 3613 3957 pulsate
3660 3884 3726 3940 et
3769 3876 4123 3958 aperietur,
4181 3876 4477 3957 quaerite
4522 3883 4589 3939 et
4632 3878 4731 3940 in-

728 3982 954 4025 omnes
998 3960 1317 4025 thesauros
1359 3962 1762 4041 aperientem:
1807 3966 1876 4024 ut
1916 3960 2204 4026 dilectum
2246 3961 2424 4025 illum
2463 3962 2675 4041 filium
2724 3930 2730 4069 J
2780 3960 3056 4023 venietis
3102 3960 3294 4044 (Luc.
3343 3966 3436 4038 ll,
3478 3958 3564 4044 9).
3639 3962 3730 4025 Et
3774 3961 3949 4026 Psal.
4001 3966 4081 4026 50
4128 3962 4218 4044 (v.
4267 3960 4403 4046 15):
4485 3961 4729 4028 Invoca

728 4066 911 4111 suum
967 4051 1089 4110 tota
1146 4048 1286 4111 eius
1328 4046 1484 4127 fides
1524 4047 1863 4124 intueatur,
1922 4048 1999 4111 ab
2043 4049 2181 4127 ipso
2225 4053 2346 4112 tota
2391 4049 2529 4113 eius
2573 4068 2676 4112 ex·
2723 4084 2727 4137 ,
2778 4066 2885 4109 1116
2930 4045 3000 4108 111
3046 4044 3149 4109 die
3194 4047 3628 4112 necessitatis:
3677 4068 3904 4112 eruam
3942 4056 4024 4123 te,
4072 4057 4137 4112 et
4173 4047 4564 4131 glorificabis
4604 4069 4728 4113 me.

728 4132 1014 4214 spectatio
1047 4134 1328 4212 pendeat,
1375 4134 1446 4196 in
1484 4134 1622 4214 ipso
1664 4138 1788 4197 tota
1830 4152 1971 4213 spes
2012 4134 2148 4198 eius
2189 4133 2436 4197 haereat
2479 4140 2535 4197 et
2579 4155 2676 4197 ac-
2723 4144 2727 4207 ξ
2778 4122 2911 4196 Ubi
2966 4133 3163 4195 etiam
3217 4131 3378 4197 duas
3435 4134 3745 4198 orationis
3803 4142 4021 4216 partes
4066 4134 4371 4210 breviter,
4433 4132 4545 4197 sed
4599 4135 4729 4199 ele-

726 4220 1014 4299 quiescat.
1079 4218 1316 4282 Restat
1359 4239 1530 4302 ergo,
1579 4224 1649 4281 ut
1691 4220 1761 4282 in
1807 4220 1944 4299 ipso
1986 4225 2271 4300 quaerat,
2317 4225 2374 4284 et
2415 4219 2494 4283 ab
2536 4221 2674 4300 ipso
2723 4214 2728 4309 ζ
2780 4224 3012 4301 gauter
3055 4219 3433 4300 complexus
3470 4227 3597 4283 est:
3645 4220 4118 4285 invocationem
4165 4241 4279 4283 seu
4323 4219 4726 4301 petitionem,

715 4303 1009 4385 precibus
1053 4304 1349 4383 postulet,
1409 4305 1569 4385 quod
1613 4306 1682 4368 in
1724 4307 1859 4385 ipso
1913 4326 2042 4370 esse
2085 4306 2318 4370 didicit.
2406 4305 2673 4386 Alioqui
2780 4311 2846 4368 et
2887 4303 3246 4386 gratiarum
3292 4306 3629 4370 actionem.
3696 4306 3928 4370 Priore
3973 4304 4185 4370 cordis
4230 4307 4438 4370 nostri
4479 4304 4729 4370 deside—

725 4391 884 4454 scire
941 4388 1178 4467 Deum,
1236 4388 1532 4454 bonorum
1586 4393 1861 4454 omnium
1918 4392 2240 4454 dominum
2293 4411 2366 4456 ac
2424 4392 2675 4473 larqito-
2779 4390 2878 4453 ria
2912 4388 3084 4471 apud
3119 4388 3338 4454 Deum
3376 4390 3787 4473 deponimus,
3831 4390 4037 4455 altera
4084 4391 4223 4455 eius
4271 4413 4429 4474 erga
4465 4412 4584 4456 nos
4621 4391 4729 4457 be-

727 4495 874 4555 rem,
920 4477 1029 4556 qui
1067 4495 1179 4539 nos
1222 4477 1307 4540 ad
1346 4496 1410 4540 36
1439 4477 1818 4558 poscendum
1852 4478 2096 4541 invitet:
2140 4477 2352 4557 ipsum
2386 4497 2525 4542 vero
2568 4498 2674 4542 nec
2723 4496 2727 4531 ε
2781 4477 3032 4540 nefacta
3074 4478 3629 4559 recognoscimus,
3678 4486 3950 4559 utraque
3994 4484 4213 4542 autem
4258 4478 4326 4540 in
4374 4498 4498 4541 usu
4542 4478 4727 4543 1161113

726 4562 923 4639 adire,
967 4580 1074 4625 nec
1120 4564 1267 4639 [pag.
1293 4566 1400 4640 34]
1427 4582 1693 4643 poscere,
1735 4564 1886 4627 adeo
1921 4583 2039 4626 non
2062 4564 2399 4645 prodesset,
2435 4567 2504 4625 ut
2524 4584 2674 4642 per-
2722 4584 2727 4649 ς
2780 4562 3187 4627 continenter
3231 4583 3371 4626 esse
3410 4561 3617 4628 debet.
3689 4564 3904 4627 Tanta
3947 4565 4122 4627 enim
4167 4584 4387 4628 rerum
4425 4566 4727 4646 angustia

724 4649 869 4713 inde
912 4648 983 4712 id
1021 4648 1310 4729 futurum
1352 4649 1453 4724 sit,
1501 4669 1573 4712 ac
1615 4650 1674 4712 si
1718 4650 1861 4728 quis
1904 4649 2248 4729 indicatum
2291 4647 2670 4727 thesaurum,
2723 4654 2726 4721 Ῑ
2779 4668 2898 4711 1163
2943 4645 3228 4728 undique
3264 4657 3455 4732 urget
3489 4670 3564 4713 ac
3599 4650 3853 4731 premit,
3893 4656 3968 4712 ut
4002 4649 4158 4714 satis
4193 4649 4281 4714 sit
4316 4669 4549 4714 causae
4587 4670 4723 4727 om-

725 4733 902 4799 }zumi
942 4734 1249 4815 sepultum
1291 4754 1363 4796 ac
1405 4733 1734 4813 defossum,
1775 4735 2056 4818 neqbiqat.
2723 4734 2726 4805 ἵ
2778 4731 2989 4831 nibus,
3027 4734 3222 4797 etiam
3259 4735 3699 4834 sanctissimis,
3739 4757 3855 4800 cur
3878 4734 4134 4834 assidue
4170 4745 4437 4834 gemant
4472 4757 4547 4800 ac
4582 4756 4724 4800 sus-
4784 4768 4791 4779 ·

897 4936 1127 5020 QUID
1172 4939 1275 5004 m
1315 4938 1792 5005 ORATIONE
1836 4940 2481 5007 emensum.
2777 4840 2963 4970 ἓξὲξ
2968 4818 3480 4970 ἱαῖἳᾶἳῗΐῗέιὲ
3483 4820 4433 4972 ”attendisses
4434 4819 4725 4991 ¹1¹th

2283 5048 2288 5055 ,
2724 5038 2725 5043 1
2778 5012 2898 5056 nos
2939 5011 3147 5073 paene
3190 4992 3423 5069 obruit,
3470 4999 3567 5056 tot
3611 5013 3684 5058 ac
3732 5001 3864 5056 tam
3899 4993 4198 5076 ingentia
4220 4994 4361 5057 eius
4387 4993 4716 5070 miracula,

900 5076 1121 5158 Quum
1178 5079 1383 5142 oratio
1428 5075 1763 5142 cuiusdam
1807 5079 1981 5142 inter
2027 5099 2148 5143 nos
2194 5086 2259 5143 et
2303 5080 2520 5144 Deum
2566 5100 2670 5143 ar·
2722 5074 2725 5085 “
2776 5097 3297 5159 quaquaversum
3342 5084 3618 5161 spectes,
3677 5086 4051 5157 cernuntur,
4109 5086 4183 5143 ut
4225 5100 4564 5161 nunquam
4608 5101 4720 5142 no-

727 5163 906 5227 bitrii
949 5165 1158 5229 instar
1193 5162 1446 5241 habeat,
1485 5185 1609 5245 quo
1647 5171 1815 5241 vota,
1853 5163 2110 5247 gaudia,
2150 5166 2450 5248 suspiria,
2498 5166 2670 5249 cogi·
2724 5246 2725 5257 ¹
2776 5162 2874 5228 bis
2920 5162 3090 5227 desit
3133 5163 3346 5228 laudis
3391 5184 3465 5230 ac
3510 5167 3865 5248 gratiarum
3909 5166 4182 5231 actionis
4226 5166 4515 5228 materia.

867 5351 923 5417 1)
964 5351 1146 5407 insta.
1173 5370 1235 5420 p.
1272 5352 1388 5407 153.
1593 5350 1653 5418 2)
1693 5351 1836 5406 Iud.
1870 5368 1925 5420 p.
1963 5349 2062 5403 157
2087 5366 2189 5419 seq.
2722 5318 2727 5415 ζ
2915 5354 2969 5417 1)
3011 5354 3195 5408 Imm.
3224 5371 3281 5420 p.
3322 5352 3423 5405 160
3456 5370 3558 5423 seq.
