5100 6061
351 457 429 516 61
1762 451 2053 517 LIBER
2095 451 2150 518 L
2240 450 2543 520 CAPUT
2587 450 2708 517 VI.
2778 451 2933 517 VH.
4263 456 4344 515 62

286 698 289 701 .
351 647 513 720 tare,
574 646 790 705 utrum
840 642 1062 706 mundi
1104 647 1305 705 status
1343 642 1590 724 qratior
1629 641 1824 708 oculis
1854 640 2305 721 pulchriorque

351 728 437 791 sit
487 746 704 791 sereno
758 732 812 791 et
854 747 1023 807 puro
1078 728 1180 792 die
1197 778 1211 805 ,
1272 748 1358 791 an
1414 747 1603 807 quum
1655 725 2019 809 fraqoribus
2071 725 2304 791 crebris

351 814 563 877 omnia
608 814 991 892 quatiuntur,
1050 818 1106 878 et
1161 815 1335 897 iqnes
1376 813 1518 876 hinc
1557 819 1740 894 atque
1789 812 1968 877 illinc
2022 811 2301 878 micant?

357 898 560 981 Atqui
602 919 724 963 non
769 898 904 963 alia
943 900 1141 979 facies
1184 905 1270 962 est
1321 900 1511 981 quieti
1567 899 1993 979 moderatique
2050 900 2306 978 imperii

354 1005 542 1066 quam
585 985 793 1049 sereni
835 985 982 1049 coeli
1025 991 1079 1048 et
1120 986 1388 1049 nitentis.
1480 983 1742 1049 Crudele
1780 1004 2065 1067 reqnmn,
2113 984 2305 1049 turbi-

352 1072 521 1143 dum,
567 1070 953 1153 tenebrisque
996 1070 1324 1134 obscurum
1366 1077 1471 1149 est,
1517 1072 1680 1134 inter
1722 1075 2045 1134 trementes
2059 1120 2074 1146 ,
2120 1075 2175 1134 et
2218 1070 2303 1135 ad

349 1159 741 1237 repentinum
783 1157 1050 1220 sonitum
1104 1161 1566 1237 expavescentes
1579 1206 1592 1233 ,
1648 1175 1756 1221 nec
1798 1178 1864 1219 eo
1906 1156 2155 1235 quidem
2195 1157 2303 1236 qui

350 1244 564 1307 omnia
620 1242 955 1307 conturbat·
991 1240 1365 1308 incoezcusso.
1458 1242 1746 1306 Facilius
1778 1241 2057 1323 privatis
2101 1243 2304 1324 iqnos-

350 1330 513 1393 citur
534 1329 945 1411 pertinaciter
977 1348 1044 1392 se
1078 1328 1562 1393 vindicantibus.
1611 1328 1884 1393 Possunt
1917 1329 2082 1392 enim
2116 1328 2301 1406 laedi,

350 1415 642 1495 dolorque
698 1434 909 1478 eorum
964 1413 1040 1477 ab
1090 1415 1340 1478 iniuria
1397 1416 1579 1478 venit.
1683 1415 1929 1478 Timent
1979 1418 2304 1496 praeterea

352 1506 795 1581 contemptum.-
834 1506 887 1563 et
931 1520 1053 1564 non
1095 1502 1378 1564 retulisse
1423 1500 1804 1566 laedentibus
1843 1501 2151 1581 qratiam,
2206 1500 2303 1563 in-

347 1586 628 1667 firmitas
669 1587 931 1660 videtur,
976 1606 1098 1649 non
1133 1585 1471 1651 clementia.
1541 1588 1632 1652 At
1674 1590 1780 1651 cui
1822 1585 1977 1649 ultio
2000 1586 2049 1667 ¹)
2094 1587 2165 1649 in
2203 1587 2303 1667 fa-

346 1672 458 1737 cili
503 1679 622 1750 est,
682 1673 742 1735 is
786 1672 1023 1736 omissa
1068 1694 1168 1750 ea,
1225 1679 1451 1736 certam
1504 1674 1752 1738 laudem
1803 1672 2304 1735 mansuetudinis

351 1759 776 1838 consequitur:
821 1757 1047 1822 humili
1090 1758 1215 1822 loco
1246 1759 1482 1838 positis
1524 1774 1802 1824 exserere
1842 1777 2124 1835 manum,
2176 1757 2302 1821 liti-

341 1864 518 1927 9are‚
564 1846 632 1907 in
676 1845 891 1908 rixam
935 1864 1339 1925 procurrere,
1395 1845 1653 1910 liberius
1706 1851 1809 1909 est.
1901 1844 2089 1907 Leves
2142 1846 2303 1907 inter

334 1931 546 2012 paria
589 1930 751 1993 ‘ictus
794 1936 955 1993 sunt.
1049 1930 1207 2011 Reqi
1247 1931 1601 2012 vociferatio
1644 1952 1904 2012 quoque,
1957 1931 2302 1994 verborum-

346 2036 462 2097 que
503 2017 1004 2095 intemperantia,
1048 2037 1169 2081 non
1214 2037 1291 2080 ex
1332 2018 1651 2082 maiestate
1684 2022 1791 2082 est.

521 2136 624 2200 Ne
670 2135 971 2199 videatur
1014 2157 1095 2199 ex
1141 2137 1416 2218 abrupto
1460 2137 1738 2201 transire
1783 2136 1865 2201 ad
1907 2137 2079 2200 hanc
2120 2136 2298 2200 simi-

344 2222 727 2297 litudinem,
795 2223 1125 2285 connectit
1190 2244 1338 2287 cum
1405 2222 1745 2304 prioribus,
1837 2221 2057 2303 Quum
2124 2222 2298 2285 enim

346 2307 626 2372 dixisset
680 2306 845 2371 nihil
901 2328 1041 2371 esse
1084 2308 1364 2390 principi
1408 2317 1544 2372 tam
1589 2310 2042 2392 magnificum,
2101 2328 2297 2390 quam

342 2415 550 2477 quum
598 2393 867 2457 deorum
916 2393 1213 2476 exemplo
1256 2393 1585 2476 improbos
1629 2395 1897 2473 tolerat,
1943 2413 2016 2458 ac
2061 2394 2130 2457 in
2173 2415 2297 2458 nu-

343 2500 605 2544 merum
651 2480 982 2562 relinquit,
1028 2479 1137 2543 ubi
1183 2479 1462 2543 alterum
1508 2489 1607 2545 est
1650 2489 2049 2563 exsequutus
2093 2478 2172 2543 (10
2216 2480 2297 2544 110

343 2566 427 2630 0(1
473 2576 735 2648 tempus
780 2564 1162 2643 tolerandis,
1224 2566 1337 2648 qui
1379 2566 1662 2631 civitatis
1717 2567 2024 2649 supplent
2067 2587 2295 2629 nume-

341 2672 515 2731 rum,
563 2673 741 2717 nunc
787 2650 871 2714 ad
915 2649 1184 2714 deorum
1243 2653 1642 2716 mentionem
1698 2654 2064 2718 revertitur.
2155 2650 2294 2715 Ad-

341 2744 572 2802 mouet
615 2737 819 2821 igitur
861 2735 1221 2819 principem
1260 2736 1425 2836 legis
1468 2738 1816 2815 naturalis,
1876 2746 1953 2803 ut
2005 2738 2089 2802 sit
2143 2737 2295 2802 sub-

341 2823 499 2888 ditis
544 2823 680 2889 suis
725 2823 903 2899 talis,
960 2824 1184 2905 quales
1230 2823 1352 2887 sibl
1397 2845 1536 2888 esse
1583 2823 1737 2889 deos
1783 2824 1965 2888 velit:
2012 2824 2124 2906 (1111
2172 2823 2297 2888 sibi

339 2932 612 2975 rursum
682 2909 1132 2986 dominantur,
1216 2915 1291 2972 ut
1355 2909 1493 2991 ipse
1558 2909 1931 2975 hominibus
1997 2909 2290 2991 imperat.

339 2994 537 3078 Quod
585 2997 639 3061 si
676 2995 943 3059 deorum
983 2993 1393 3079 indulgentia
1431 2995 1595 3062 vivit
1630 3016 1705 3060 ac
1740 2999 1962 3080 spirat,
2011 3017 2128 3061 cur
2161 3017 2296 3060 non

336 3082 537 3147 homo
581 3083 796 3163 potius
841 3080 1215 3145 hominibus
1260 3082 1577 3165 propitius
1623 3085 1747 3147 erit
1790 3091 1857 3149 et
1901 3081 2290 3148 exorabilis?

340 3167 456 3234 Sic
502 3167 787 3233 Ovidius
833 3166 914 3231 ad
960 3167 1333 3250 Augustum
1381 3168 1489 3234 lib.
1537 3170 1852 3235 Tristium
1897 3169 2020 3234 IL:

618 3277 674 3332 Si
712 3279 923 3399 quoties
959 3286 1200 3358 peccaut,
1222 3280 1484 3347 homines,
1524 3296 1623 3360 sua
1657 3281 1876 3361 fulmina
1912 3283 2088 3335 mittat

582 3431 595 3438 ’
617 3353 2084 3486 111111ἓριξέ1θὲἒῐῗ11ἕ11ιοεῐῒξέἐ111ἶῖιἑυὲζττὲξὲτιξίῗῐῶὒω,

722 3484 919 3537 Ρ11111111
958 3484 1213 3538 discussis
1250 3501 1379 3538 aera
1413 3484 1590 3538 reddit
1626 3488 1795 3553 aquis.

337 3553 486 3623 [pag.
503 3552 598 3622 51]
625 3553 747 3606 Iure
782 3554 942 3621 igitur
977 3554 1291 3621 genitorque
1329 3553 1503 3618 deum,
1539 3567 1825 3623 rectorque
1863 3563 2111 3622 vocatur3

722 3621 842 3675 Iure
882 3638 1055 3689 capax
1091 3621 1318 3676 mundus
1354 3623 1427 3675 nil
1462 3622 1590 3676 Iove
1628 3625 1799 3678 maius
1838 3623 2018 3678 habet.

619 3690 703 3742 Tu
775 3706 952 3757 uoque
988 3707 1149 3758 quum
1186 3692 1394 3757 patriae
1431 3699 1612 3744 rector
1648 3692 1825 3745 dicare
1863 3701 2142 3761 paterque,

772 3766 885 3812 tere
924 3775 1070 3811 more
1112 3758 1196 3812 dei
1235 3774 1427 3812 numen
1466 3759 1712 3813 habentis
1748 3761 1902 3814 idem.

338 3853 483 3920 Hoc
539 3865 764 3918 tamen
822 3854 1124 3931 interest,
1191 3854 1360 3934 quod
1428 3853 1537 3918 ille
1591 3858 1700 3919 Au
1796 3864 1896 3920 sto
1965 3856 2288 3937 adulatur,

337 3940 446 4004 hic
510 3937 958 4023 philosophice
1016 3941 1227 4021 praeci
1276 3941 1343 4003 it.
1433 3938 1704 4004 Plutarc
1754 3963 1831 4006 us
1897 3963 2151 4025 quoque
2211 3943 2293 4008 de

339 4046 490 4090 sera
535 4025 828 4090 numinis
863 4024 1178 4092 vindicta:
1227 3960 1449 4105 auum
1496 4024 1689 4091 deum
1726 4027 2045 4109 optimum
2081 4030 2291 4094 maxi-

336 4133 557 4190 mum,
615 4112 725 4193 qui
772 4112 1102 4174 neminem
1147 4111 1363 4190 timet,
1421 4111 1671 4177 nullius
1700 4115 1813 4177 mei
1854 4111 2132 4198 indiget,
2179 4117 2293 4197 qui

338 4197 527 4261 nulla
569 4196 973 4279 poenitentia
1017 4196 1161 4261 duci
1204 4204 1434 4280 potest,
1481 4198 1840 4264 vindictam
1884 4212 2106 4263 tamen
2151 4222 2291 4266 sus·

336 4281 631 4366 pendere
668 4302 1029 4359 cernamus,
1076 4283 1495 4364 debitumque
1532 4283 1881 4350 sceleribus
1917 4302 2292 4369 exspectare

336 4373 623 4453 tempus,
670 4389 788 4431 nos
830 4388 1083 4451 quoque
1126 4368 1315 4432 illum
1354 4370 1616 4448 imitari,
1664 4390 1738 4434 ac
1779 4370 2065 4453 placidos
2106 4371 2293 4436 reddi

335 4455 617 4538 oportet,
660 4454 1359 4536 mansuetudinemque
1404 4475 1479 4518 ac
1522 4457 1957 4535 tolerantiam,
2004 4456 2294 4522 divinam

338 4540 607 4605 virtutis
663 4560 927 4604 censere
981 4540 1388 4622 particulam.
1481 4540 1654 4606 Vide
1710 4551 1786 4606 ut
1838 4541 2011 4606 idem
2070 4564 2291 4608 exem-

334 4627 523 4710 plum
568 4625 751 4691 varie
795 4625 1298 4691 accommodant.
1876 4619 1885 4636 ⁰

519 4711 678 4793 Quis
722 4732 935 4795 requm
978 4713 1097 4775 erit
1141 4717 1312 4777 tutus
1326 4764 1340 4791 ,
1400 4714 1581 4777 cuius
1622 4734 1745 4778 non
1786 4713 2059 4780 membra
2113 4734 2295 4778 arus-

322 4794 536 4885 pices]
576 4795 654 4862 Si
690 4818 921 4879 regum
960 4797 1195 4864 delicta
1230 4798 1317 4862 dii
1355 4820 1580 4864 severe
1614 4807 2110 4882 persequantur,
2147 4800 2293 4882 quis

334 4905 573 4968 regum
609 4890 710 4947 est
745 4883 855 4965 qui
891 4904 1022 4948 non
1058 4884 1127 4948 in
1163 4883 1359 4949 horas
1392 4883 1750 4950 identidem
1787 4883 2047 4968 peccet?
2115 4883 2293 4965 Quid

336 4968 547 5053 igitur
585 4968 726 5050 spei
771 4969 1095 5052 reliquum
1137 4976 1255 5048 est,
1301 4991 1495 5052 quam
1541 4979 1614 5035 ut
1656 4972 1987 5055 aruspices
2024 4970 2104 5035 ad
2142 4971 2294 5036 deos

337 5053 782 5120 consulendos
815 5055 1087 5120 mittant
1128 5056 1198 5118 in
1242 5056 1679 5121 certissimum
1725 5076 1801 5122 ac
1841 5057 2292 5140 praesentissi-

218 5157 227 5166 ’
334 5161 523 5205 11111111
565 5142 799 5206 mortis
841 5139 1197 5206 nuncium?
1285 5140 1464 5206 Eant
1506 5161 1686 5205 nunc
1727 5162 1933 5228 reges,
1980 5151 2047 5208 et
2088 5144 2293 5225 impe-

481 5380 538 5448 1)
568 5373 726 5434 Ede.
767 5378 895 5432 1611
936 5396 1049 5449 sqq.
1086 5383 1234 5436 vitio.

2408 632 2687 719 ratores,
2744 661 3010 705 suorum
3067 640 3305 705 delicta
3354 640 3713 705 crudeliter
3751 639 4174 707 ulciscantur:
4234 640 4352 706 sed

2408 735 2762 809 agnoscant
2829 748 2972 791 esse
3029 726 3212 804 deos,
3278 724 3389 807 qui
3454 747 3575 789 sua
3639 725 3884 791 scelera
3937 724 4020 792 ad
4076 726 4351 791 eandem

2408 813 2723 876 amussim
2779 813 3030 894 possint
3082 812 3361 895 exigere.
3452 812 3777 894 Loquitur
3820 821 4041 877 autem
4097 812 4352 878 Seneca

2407 897 2593 961 iuxta
2636 898 3038 962 ethnicorum
3085 898 3450 979 principum
3504 898 4062 980 superstitionem:
4123 899 4234 981 (1111
4278 899 4352 962 111

2406 983 2576 1047 extis
2632 982 2955 1065 pecudum
3011 982 3289 1047 salutem
3345 1004 3533 1047 suam
3597 985 3943 1064 repositam
4012 984 4349 1066 putabant,

2408 1078 2476 1132 et
2528 1070 2861 1151 aruspices
2928 1089 3074 1134 cum
3142 1069 3266 1133 diis
3329 1069 3399 1131 in
3466 1070 3805 1133 consilium
3860 1070 4212 1135 mittebant
4267 1069 4349 1134 de

2407 1155 2543 1218 vita
2586 1155 2994 1236 fortunisque
3041 1156 3203 1219 suis:
3261 1176 3463 1236 quum
3507 1162 3727 1219 tamen
3772 1155 3940 1218 nihil
3981 1155 4182 1219 fuerit
4223 1177 4348 1219 un·

2406 1261 2603 1321 quam
2645 1241 2881 1304 vanius
2924 1261 3000 1304 eo
3043 1241 3379 1304 hominum
3423 1262 3686 1323 genere:
3734 1241 3804 1303 in
3849 1262 4127 1324 quorum
4161 1243 4348 1306 vani-

2407 1335 2617 1389 tatem
2661 1326 2818 1389 lusit
2861 1325 3026 1391 Cato
3074 1325 3427 1390 salsissimo
3472 1338 3840 1391 scommate.
3909 1326 4144 1391 Mirari
4175 1329 4354 1391 enim

2408 1433 2477 1475 se
2501 1412 2732 1487 aiebat,
2771 1411 2941 1494 quod
2979 1432 3112 1475 non
3149 1410 3393 1475 rideret
3422 1433 3721 1495 aruspex,
3761 1413 4125 1494 aruspicem
4147 1434 4350 1496 quum

2407 1497 2695 1561 vidisset.

2587 1584 2826 1663 Quanto
2861 1585 3123 1663 aequius
3159 1579 3271 1666 est]
3326 1584 3811 1665 Argumentum
3848 1603 3888 1644 a
3921 1585 4177 1648 minori.
4238 1585 4352 1648 Dii

2405 1670 2478 1732 in
2523 1668 2805 1733 dandam
2851 1668 3229 1733 hominibus
3273 1667 3533 1731 veniam
3577 1667 3825 1745 faciles,
3873 1689 3991 1733 cur
4033 1691 4164 1734 non
4209 1690 4350 1733 ma-

2406 1755 2507 1837 gis
2555 1755 2852 1818 homines
2908 1752 3322 1818 hominibus?
3379 1773 3495 1816 seu
3557 1755 3708 1835 quia
3762 1753 3828 1817 id
3887 1753 4123 1819 debent
4176 1775 4350 1821 com-

2404 1841 2588 1905 muni
2635 1849 2939 1917 naturae,
2987 1861 3103 1904 seu
3147 1839 3318 1922 quod
3363 1838 3636 1903 eandem
3683 1860 3934 1922 quoque
3972 1840 4352 1906 facilitatem

2404 1926 2791 1991 ulciscendis
2836 1929 2970 1990 suis
3007 1927 3290 2008 peccatis
3335 1924 3725 1989 desiderant.
3861 1934 3868 1938 ’
3937 1944 3956 1957 ·’

2579 2012 2668 2075 Et
2711 2013 2991 2094 coqitare,
3038 2017 3252 2075 utrum
3292 2011 3513 2075 mundi
3557 2009 3786 2097 status]
3851 2012 4050 2075 Aliud
4096 2033 4175 2075 ex
4221 2013 4348 2076 alio

2406 2097 2756 2162 derivatur.
2824 2098 3068 2162 Poetae
3104 2098 3279 2161 enim
3315 2117 3430 2161 suo
3469 2096 3608 2160 Iovi
3656 2096 3931 2161 fulmina
3968 2097 4348 2176 attribuunt,

2404 2183 2589 2264 quasi
2637 2183 2766 2247 tela
2810 2181 3214 2248 iracundiae:
3276 2204 3439 2264 quae
3485 2202 3700 2246 aerem
3742 2204 3822 2245 ex
3873 2181 4113 2264 liquido
4156 2205 4349 2265 puro·

2404 2290 2528 2351 que
2573 2268 2903 2333 turbidum
2950 2288 3024 2332 ac
3066 2268 3361 2333 nubilum
3408 2266 3711 2343 reddunt,
3757 2278 3940 2332 motu
3985 2289 4058 2334 ac
4102 2277 4348 2346 terrore

2401 2354 2723 2419 mundum
2779 2355 3175 2420 concutiunt.
3267 2352 3379 2419 Sic
3437 2375 3554 2418 rex
3605 2354 3815 2417 instar
3860 2355 4107 2418 terreni
4150 2355 4347 2432 Iovis,

2401 2462 2601 2521 quum
2653 2442 2985 2517 irascitur,
3039 2441 3328 2523 fulgurat
3385 2461 3459 2503 ac·
3512 2438 3845 2503 fulminat:
3907 2439 4087 2503 nulla
4146 2440 4347 2522 quiea,

2400 2525 2589 2591 nulla
2631 2528 2965 2592 serenitas.
3817 2533 3828 2545 ⁶

2575 2612 2969 2696 Fraqoribus
3036 2609 3295 2697 crebris]
3379 2610 3459 2674 ld
3522 2624 3624 2676 est
3692 2610 3971 2693 strepitu
4046 2613 4346 2678 tonitrui:

2369 2700 2509 2780 ,qui
2544 2698 2720 2764 unde
2757 2699 3025 2776 oriatur,
3064 2698 3348 2780 reperies
3372 2695 3546 2778 apud
3567 2696 3992 2761 Aristotelem
4017 2696 4181 2761 111110
4203 2699 4347 2763 Me-

2397 2792 2729 2849 teororum
2763 2784 2890 2848 111.
2938 2804 3073 2866 cap.
3115 2789 3203 2860 6.,
3262 2782 3435 2864 apud
3481 2783 3863 2847 Ciceronem
3917 2782 4084 2847 libro
4127 2784 4217 2847 ΙΙ.
4268 2784 4349 2848 (10

2396 2869 2711 2948 Divinat.‚
2760 2868 3080 2935 Senecam
3118 2869 3284 2932 libro
3320 2868 3411 2932 Π.
3450 2868 3721 2949 Quaest.
3768 2877 4005 2945 natur„
4052 2867 4348 2934 Plinium

2396 2956 2564 3022 libro
2599 2955 2686 3021 H.
2735 2977 2871 3039 cap.
2913 2960 3034 3033 20„
3089 2954 3525 3019 Plutarchum
3572 2955 3641 3017 in
3677 2953 3946 3018 Placitis
3982 2954 4344 3038 philosoph.

2568 3043 2654 3108 Et
2695 3041 2894 3128 iqnzs]
2941 3041 3021 3107 Id
3066 3050 3168 3106 est
3207 3041 3700 3123 fulgurationes.

2568 3132 2769 3210 Atqui
2821 3150 2940 3194 non
2994 3128 3128 3193 alia
3180 3124 3405 3212 facies]
3463 3125 3601 3191 Cur
3645 3126 3820 3190 enim
3874 3127 4157 3189 frontem
4210 3146 4347 3188 non

2395 3218 2774 3299 exporrigat
2851 3224 3061 3281 totum
3137 3213 3513 3295 imperium,
3591 3213 3702 3276 ubi
3780 3210 3877 3276 sol
3942 3210 4052 3274 ille
4123 3209 4346 3276 oculus

2395 3302 2626 3365 mundi
2666 3321 2832 3383 pure
2866 3299 3161 3365 renidet?
3251 3299 3399 3394 lfion
3445 3299 3621 3362 0111111
3665 3299 3926 3380 privata
3964 3308 4064 3362 est
4106 3297 4346 3380 princi-

2395 3389 2495 3469 pis
2562 3387 2838 3464 laetitia;
2914 3407 3135 3452 secum
3195 3385 3429 3456 ,01111110
3493 3384 3836 3448 exhilarat.
3946 3383 4130 3448 Bene
4191 3403 4347 3466 ergo

2396 3474 2860 3554 aequiparatur
2923 3473 3094 3537 aeris
3163 3472 3497 3535 serenitati
3570 3469 3653 3534 ad
3731 3491 3926 3552 quam
4007 3469 4350 3534 hominum

2398 3561 2596 3622 animi
2640 3568 3028 3623 serenantur
3072 3567 3139 3622 et
3182 3557 3612 3640 explicantur.

2571 3642 2825 3729 Facies]
2894 3642 3087 3724 Quod
3132 3643 3405 3708 Graecis
3461 3663 3638 3707 nunc
3691 3641 3981 3719 schema,
4042 3645 4187 3720 [pag.
4237 3646 4386 3720 52]·

2397 3752 2574 3795 1111110
2626 3729 2947 3813 πρόσωπον
3001 3730 3252 3793 dicitur.
3352 3726 3673 3811 Synesiue
3731 3731 4062 3801 ἑαλωκυίας
4115 3727 4350 3800 πόλεως

2397 3818 2615 3896 σχῆμα.
2707 3815 2936 3880 Cicero
2993 3816 3202 3897 Epist.
3244 3812 3358 3878 V.:
3416 3812 3815 3896 Quanquam
3868 3812 4189 3893 πρόσωπον
4234 3804 4348 3875 πό-

2400 3904 2552 3975 λεως
2587 3903 2937 3966 amisimus.
3006 3900 3237 3964 Facies
3274 3900 3451 3965 enim
3488 3921 3622 3964 non
3657 3900 3869 3965 solum
3903 3900 3972 3963 in
4009 3898 4349 3965 hominum

2397 3987 2800 4070 corporibus,
2857 3985 2973 4051 sed
3016 3986 3085 4049 in
3132 4008 3203 4050 re
3246 3984 3537 4068 qualibet
3594 3986 3908 4067 accipitur
3946 4006 4065 4066 pro
4110 3985 4340 4069 specie.

2396 4072 2684 4139 Ovidius
2729 4073 2940 4155 primo
2988 4072 3330 4136 Tristium:

2638 4158 2789 4212 Haec
2825 4158 2993 4213 facies
3030 4158 3245 4225 Troiae,
3282 4173 3444 4225 quum
3482 4163 3782 4224 caperetur,
3819 4165 3954 4209 erat.

2395 4244 2738 4328 Vergilius
2782 4244 2834 4308 Ι.
2883 4243 3284 4328 Georgicon:

2810 4330 2944 4383 Tam
2980 4330 3180 4384 multae
3218 4330 3476 4384 scelerum
3513 4329 3698 4382 facies

2397 4416 2571 4481 Vide
2616 4415 2926 4496 Gellium,
2973 4426 3039 4481 et
3080 4416 3143 4480 N
3145 4415 3370 4480 onium
3415 4414 3826 4479 Marcellum.

2573 4500 2831 4568 Crudele
2863 4522 3138 4585 reqnum,
3175 4498 3519 4587 turbidum]
3567 4498 3745 4565 Sunt
3778 4500 3954 4564 enim
3998 4499 4216 4565 densis
4251 4514 4345 4564 te-

2396 4587 2616 4655 nebris
2651 4587 2956 4665 obvoluti,
2992 4588 3223 4669 quibus
3258 4608 3517 4670 semper
3551 4584 3986 4651 obversantur
4006 4608 4162 4670 prae
4192 4606 4347 4650 ocu-

2393 4676 2475 4740 lis
2521 4674 2813 4759 flagella,
2871 4694 3124 4751 cruces,
3183 4695 3472 4751 secures,
3529 4683 3596 4736 et
3648 4672 3829 4737 mille
3873 4682 4345 4738 tormentorum

2394 4771 2588 4844 atque
2630 4760 3093 4842 suppliciorum
3148 4779 3416 4843 genera:
3476 4757 3560 4823 ad
3608 4780 3835 4824 omnes
3891 4759 4101 4822 minas
4157 4759 4343 4841 quasi

2395 4845 2638 4929 stupidi
2684 4855 2752 4909 et
2794 4845 3219 4926 obstupefacti
3265 4845 3555 4923 horrent,
3601 4868 3736 4911 non
3779 4846 3969 4909 aliter
4010 4864 4205 4926 quam
4245 4854 4343 4908 to-

2396 4935 2576 4998 nitru
2620 4931 2917 5015 perculsi.

2572 5017 2857 5083 Facilius
2874 5018 3156 5097 privatis
3175 5016 3546 5104 iquoscitur]
3596 5016 3673 5084 Si
3713 5018 3858 5099 quis
3903 5016 4227 5096 obiecerit,
4273 5025 4345 5083 at

2398 5127 2554 5172 vero
2596 5105 2769 5187 regis
2815 5102 3087 5184 quisque
3131 5104 3307 5168 intra
3349 5123 3419 5168 se
3462 5105 3754 5168 animum
3796 5102 4024 5178 habet,
4068 5123 4190 5167 1100
4243 5111 4345 5168 est

2397 5190 2631 5273 aliquis
2667 5190 2778 5270 qui
2812 5210 2881 5254 se
2917 5189 3187 5270 impune
3231 5189 3399 5254 laedi
3446 5189 3621 5267 velit,
3666 5207 3893 5253 omnes
3937 5208 4007 5252 se
4048 5187 4340 5270 pertina-

2397 5277 2558 5342 citer
2600 5272 2954 5351 vindicant,
2999 5294 3132 5338 non
3177 5274 3367 5339 modo
3412 5274 3731 5364 secundae
3775 5275 3970 5338 sortis
4020 5273 4337 5352 homines,

2396 5362 2511 5428 sed
2567 5359 2921 5427 humillimi
2977 5381 3228 5445 quoque
3242 5412 3259 5440 ,
3305 5380 3380 5426 ac
3426 5360 3946 5444 despicatissimi:
3991 5361 4341 5444 respondet
