5100 6061
678 414 799 474 411

677 607 753 664 ut
793 619 927 674 res,
988 617 1154 679 quae
1198 595 1413 661 sedari
1471 595 1676 661 amice
1734 595 1975 677 alioqui
2027 602 2315 677 poterat,
2373 597 2441 658 in
2500 595 2631 659 tale

678 691 1011 751 certamen
1055 682 1390 747 exarserit.
1483 680 1879 763 Quanquam
1916 689 2137 745 autem
2178 682 2251 744 in
2294 687 2484 745 tanta
2525 702 2631 745 re-

678 792 832 835 rum
875 769 1367 835 conturbatione
1411 767 1599 832 varia
1642 768 1914 831 fuerunt
1969 767 2314 830 hominum
2368 766 2628 844 iudicia,

676 857 811 921 iam
851 863 1075 920 tamen
1117 856 1296 919 omni
1331 855 1563 918 timore
1601 874 1748 918 sum
1783 851 2117 929 liberatae,
2163 858 2511 934 postquam
2546 851 2630 915 ad

678 949 872 1007 tuum
914 941 1202 1005 tribunal
1246 941 1609 1016 adstamus,
1665 937 1776 1002 ubi
1822 938 2114 1020 aequitas
2161 957 2310 1001 cum
2352 937 2631 1002 veritate

678 1029 1030 1094 coniuncta
1084 1048 1224 1103 non,
1272 1026 1400 1089 nisi
1457 1022 1814 1090 secundum
1859 1024 2298 1088 innocentiam
2341 1044 2631 1105 pronun-

681 1114 857 1180 ciare
900 1120 1130 1197 potest.
1592 1133 1597 1138 ·

852 1200 989 1276 En,
1038 1197 1369 1273 Sadolete,
1426 1218 1558 1260 non
1615 1216 1809 1278 quam
1865 1195 1982 1258 tibi
2034 1193 2115 1257 ad
2159 1214 2279 1258 nos
2322 1213 2631 1276 praegra-

682 1283 930 1350 vandos
983 1284 1382 1349 comminisci
1434 1281 1625 1347 libuit
1681 1302 1915 1346 causae
1973 1287 2236 1344 nostrae
2290 1279 2629 1356 actionem,

682 1370 797 1435 sed
834 1392 1031 1453 quam
1075 1389 1216 1434 esse
1243 1369 1653 1435 verissimam
1690 1376 1757 1431 et
1800 1387 1976 1431 nunc
2020 1365 2172 1429 boni
2209 1371 2628 1446 cognoscunt,

680 1464 750 1520 et
785 1456 1087 1520 omnibus
1123 1456 1439 1520 creaturis
1474 1455 1542 1517 iu
1578 1454 1688 1517 illo
1725 1452 1829 1516 die
1865 1453 2150 1535 patefiet.
2209 1450 2439 1532 Neque
2474 1470 2630 1513 vero

681 1542 763 1607 iis
787 1543 1003 1621 etiam,
1042 1544 1154 1623 qui
1189 1540 1671 1624 praedicatione
1707 1545 1931 1603 nostra
1966 1536 2194 1614 edocti,
2235 1535 2316 1600 ad
2353 1534 2631 1600 eandem

681 1629 1019 1692 nobiscum
1063 1648 1325 1691 causam
1362 1625 1771 1701 accesserint,
1819 1622 2027 1688 deerit
2070 1621 2240 1704 quod
2274 1643 2391 1703 pro
2428 1641 2498 1685 66
2533 1620 2630 1684 lo-

681 1721 995 1796 quantur,
1054 1712 1312 1794 quando
1371 1713 1529 1775 haec
1584 1711 1815 1792 cuique
1861 1717 2086 1792 parata
2131 1709 2259 1773 erit
2313 1706 2627 1771 defensio:

680 1799 846 1882 EgO,
894 1799 1194 1876 Domine,
1242 1805 1320 1861 ut
1364 1820 1404 1862 a
1436 1817 1634 1879 puero
1671 1797 1924 1860 fueram
1961 1793 2291 1871 educatus,
2330 1792 2630 1856 christiae

680 1907 838 1949 nam
859 1907 1115 1966 semper
1150 1883 1349 1948 fidem
1384 1883 1710 1964 professus
1746 1903 1911 1945 sum.
1970 1881 2187 1962 Ipsius
2225 1887 2443 1943 autem
2477 1877 2633 1942 fidei

683 1972 1010 2036 rationem
1066 1991 1200 2033 non
1258 1969 1456 2033 aliam
1511 1968 1701 2031 initio
1756 1966 1986 2044 habui,
2024 1988 2222 2048 quam
2265 1977 2430 2047 quae
2477 1972 2634 2029 tunc

682 2059 928 2140 passim
971 2055 1360 2119 obtinuerat.
1427 2054 1723 2118 Verbum
1761 2061 1966 2128 tuum,
2009 2052 2181 2134 quod
2221 2051 2434 2114 instar
2471 2049 2634 2113 lam-

681 2142 868 2225 padis
888 2141 1266 2224 praelucere
1288 2141 1594 2204 universo
1616 2139 1851 2221 populo
1876 2145 1990 2202 tuo
2014 2138 2344 2214 debuerat,
2368 2135 2633 2218 ademp-

681 2236 843 2303 tum,
888 2226 995 2292 vel
1039 2233 1214 2292 certe
1259 2249 1332 2291 su
1381 2246 1681 2307 pressum
1732 2225 1921 2289 nobis
1965 2232 2123 2288 erat.
2201 2222 2295 2286 Et
2349 2241 2434 2285 no
2490 2222 2634 2303 quis

683 2313 1003 2377 maiorem
1054 2312 1267 2377 lucem
1365 2310 1750 2388 esideraret,
1799 2314 1916 2387 [fol.
1964 2315 2072 2389 43]
2118 2306 2452 2373 insederat
2495 2327 2634 2369 om-

675 2398 877 2462 -nium
922 2398 1159 2462 animis
1206 2398 1336 2461 ista
1368 2397 1720 2479 persuasiO,
1765 2394 2061 2459 coelestis
2104 2394 2285 2458 illius
2331 2412 2635 2457 arcanae—

685 2504 811 2565 que
837 2482 1285 2565 philosophiae
1306 2482 1789 2564 inquisitionem
1817 2482 2042 2563 paucis
2067 2480 2301 2545 melius
2327 2478 2633 2560 delegari,

687 2590 727 2633 a
761 2569 996 2651 quibus
1023 2567 1284 2633 oracula
1309 2575 1718 2650 peterentur:
1766 2567 2032 2649 plebeiis
2060 2566 2344 2650 ingeniis
2379 2585 2511 2628 non
2540 2563 2635 2627 al-

685 2656 919 2718 tiorem
943 2653 1447 2736 intelligentiam
1476 2654 1844 2731 convenire,
1874 2673 2066 2735 quam
2101 2662 2175 2716 ut
2208 2675 2277 2716 se
2312 2650 2395 2714 ad
2433 2649 2636 2714 eccle-

685 2741 819 2804 siae
856 2738 1288 2803 obedientiam
1326 2740 1721 2822 subigerent.
1778 2737 2182 2803 Rudimenta
2206 2745 2444 2814 autem,
2492 2736 2636 2818 qui-

683 2826 810 2891 bus
845 2826 1096 2889 fueram
1141 2825 1455 2902 initiatus,
1501 2824 1820 2889 eiusmodi
1856 2831 2075 2901 erant,
2121 2831 2196 2887 ut
2238 2843 2361 2888 nec
2403 2843 2508 2886 me
2554 2821 2638 2885 ad

685 2911 1056 2994 legitimum
1092 2911 1381 2975 numinis
1410 2912 1510 2975 tui
1535 2911 1788 2975 cultum
1829 2911 1986 2975 satis
2025 2911 2472 2974 instituerent:
2519 2929 2637 2970 ne-

684 3019 810 3081 que
867 2997 1032 3061 mihi
1078 2994 1162 3061 ad
1207 3005 1452 3062 certam
1497 3016 1683 3079 spem
1726 2996 1955 3062 salutis
1999 2998 2175 3061 viam
2218 2993 2635 3078 expedirent:

682 3105 805 3149 nec
846 3105 952 3147 me
995 3084 1162 3148 bene
1204 3083 1287 3148 ad
1331 3085 1543 3149 officia
1591 3084 1953 3147 formarent
2002 3081 2400 3147 christianae
2441 3081 2635 3145 vitae.

683 3170 777 3234 're
832 3168 1096 3252 quidem
1153 3191 1361 3233 unum
1414 3190 1534 3252 pro
1586 3170 1729 3234 Dco
1787 3189 1932 3232 meo
1991 3168 2201 3233 colere
2253 3166 2634 3231 didiceram:

683 3254 801 3320 sed
842 3276 1045 3338 quum
1088 3276 1194 3318 me
1236 3256 1503 3337 penitus
1536 3255 1796 3338 fugeret
1838 3276 1998 3318 vera
2040 3251 2295 3318 colendi
2330 3252 2517 3329 ratio,
2566 3251 2637 3314 in

680 3342 896 3425 primo
919 3340 1145 3405 statim
1178 3342 1482 3424 ingressu
1519 3338 1914 3405 excidebam.
1971 3338 2353 3417 Credebam,
2390 3346 2464 3401 ut
2496 3337 2637 3401 fue-

682 3448 830 3491 ram
866 3424 1164 3504 edoctus,
1207 3427 1328 3490 filii
1369 3427 1464 3489 tui
1499 3433 1709 3489 morte
1752 3447 1859 3490 me
1913 3423 2325 3507 redemptum
2370 3445 2511 3488 esse
2557 3423 2638 3487 ab

682 3511 1080 3595 obligatione
1118 3520 1420 3576 aeternae
1446 3512 1700 3575 mortis:
1740 3511 1854 3576 sed
1898 3531 2044 3575 eam
2079 3509 2489 3594 imaginabar
2533 3531 2638 3574 re-

667 3597 1157 3680 demptionem,
1205 3598 1392 3662 cuius
1437 3598 1645 3663 virtus
1681 3618 2095 3680 nequaquam
2139 3596 2222 3660 ad
2263 3617 2370 3660 me
2405 3616 2637 3678 perve-

682 3684 877 3748 niret.
956 3682 1444 3767 Exspectabam
1516 3683 1814 3747 futurum
1872 3682 2371 3747 resurrectionis
2442 3681 2634 3760 diem,

682 3768 800 3835 sed
854 3771 1043 3834 cuius
1088 3769 1486 3846 memoriam,
1532 3769 1719 3833 velut
1760 3770 1857 3833 rei
1899 3769 2441 3845 infaustissimae,
2483 3767 2637 3831 abo-

681 3856 991 3919 minarer.
1060 3856 1278 3937 Atque
1322 3854 1428 3920 hic
1465 3875 1695 3920 sensus
1741 3876 1874 3918 non
1916 3854 2082 3918 mihi
2116 3855 2423 3937 privatim
2460 3852 2638 3916 domi

682 3948 881 4004 natus
925 3947 1095 4019 erat,
1143 3941 1258 4005 sed
1301 3961 1384 4004 ex
1439 3963 1518 4006 ea
1561 3940 1884 4017 doctrina,
1931 3962 2095 4023 quae
2153 3948 2294 4004 tum
2334 3962 2374 4004 a
2413 3939 2635 4022 populi

682 4025 1026 4091 christiani
1079 4027 1411 4109 magistris
1463 4026 1702 4108 populo
1743 4028 1989 4110 passim
2032 4026 2437 4103 tradebatur,
2485 4046 2636 4090 con-

679 4118 925 4194 ceptus.
986 4111 1420 4176 Clementiam
1445 4134 1602 4195 erga
1624 4112 1921 4178 homines
1956 4120 2139 4175 tuam
2175 4112 2639 4194 praedicabant

680 4197 781 4260 illi
815 4196 1094 4279 quidem,
1132 4198 1244 4262 sed
1281 4220 1413 4262 non
1450 4198 1576 4262 nisi
1615 4219 1742 4276 eos,
1779 4199 1891 4280 qui
1919 4220 1987 4263 se
2030 4196 2262 4281 dignos
2297 4199 2636 4280 praebuis-

680 4290 848 4348 sent.
913 4283 1322 4366 Dignitatem
1378 4304 1573 4367 porro
1627 4285 1698 4346 in
1752 4303 2028 4366 operum
2069 4283 2321 4348 iustitia
2361 4283 2635 4349 colloca-

679 4369 866 4445 bant,
913 4376 988 4431 ut
1029 4368 1142 4432 1116
1187 4368 1451 4433 demum
1505 4370 1575 4432 in
1621 4370 1907 4452 gratiam
1949 4370 2063 4433 abs
2109 4378 2172 4434 te
2217 4369 2634 4453 reciperetur,

680 4455 794 4537 qui
847 4476 917 4519 se
968 4454 1086 4518 tibi
1140 4456 1442 4536 operibus
1487 4454 1874 4520 conciliaret.
1943 4455 2082 4519 Nec
2138 4454 2638 4520 dissimulabant

677 4547 906 4603 tamen
958 4540 1250 4616 interim,
1294 4542 1566 4605 miseros
1621 4563 1763 4605 6666
1817 4561 1939 4605 nos
1974 4551 2374 4624 peccatores,
2422 4550 2489 4605 et
2520 4542 2635 4623 qui

680 4647 875 4708 saepe
930 4626 1146 4690 carnis
1206 4626 1592 4690 infirmitate
1654 4625 2039 4691 laberemur.
2116 4626 2404 4691 Proinde
2460 4648 2633 4691 com-

678 4732 952 4776 munem
996 4719 1310 4792 oportere,
1347 4711 1650 4777 omnibus
1687 4734 1828 4777 6666
1865 4713 2095 4778 salutis
2130 4719 2411 4795 portum,
2449 4720 2635 4776 tuam

679 4795 1223 4862 misericordiam:
1282 4796 1396 4863 sed
1453 4799 1629 4862 enim
1674 4799 1813 4863 eius
1857 4798 2273 4877 obtinendae,
2304 4797 2476 4863 hanc
2522 4798 2632 4863 de-

678 4883 1132 4948 monstrabant
1173 4884 1512 4961 rationem,
1558 4883 1616 4949 si
1651 4905 1770 4967 pro
1812 4886 2073 4949 offensis
2108 4884 2225 4948 tibi
2269 4885 2632 4950 satisfieret.

681 4969 855 5033 Tum
892 4969 1247 5034 satisfactio
1283 4969 1470 5034 nobis
1504 4969 2001 5053 iniungebatur:
2038 4972 2324 5053 primum
2367 4978 2446 5033 ut
2479 4991 2635 5035 con·

678 5054 835 5119 fessi
878 5054 1199 5119 sacerdoti
1241 5056 1461 5119 omnia
1503 5063 1769 5136 peccata
1809 5058 2074 5121 veniam
2128 5057 2635 5121 absolutionem·

681 5161 808 5221 que
852 5141 1174 5224 supplices
1228 5149 1632 5223 peteremus;
1685 5140 1920 5205 deinde
1963 5151 2040 5204 ut
2096 5142 2283 5206 bonis
2327 5142 2632 5225 operibus

677 5225 1003 5290 malorum
1059 5228 1438 5291 memoriam
1495 5225 1670 5309 apud
1728 5234 1794 5290 te
1850 5225 2246 5308 deleremus;
2283 5238 2630 5311 postremo,

678 5318 759 5375 ut
791 5310 874 5376 ad
909 5312 1380 5391 sufficiendum,
1420 5310 1592 5395 quod
1627 5312 1818 5378 nobis
1854 5312 2124 5390 deesset,
2164 5314 2482 5380 sacrificia
2517 5337 2633 5379 ex-

2426 403 2953 471 RESPONSIO

4567 412 4698 473 412

2733 593 3177 676 piationesque
3221 595 3521 660 solennes
3566 593 3969 661 adderemus.
4036 595 4184 659 Iam
4237 596 4392 677 quia
4433 594 4691 678 rigidus

2736 700 2911 743 esses
2946 678 3178 758 iudex,
3225 701 3301 745 ac
3345 702 3614 745 severus
3657 680 3904 745 vindex
3945 681 4339 762 iniquitatis,
4383 680 4690 747 ostende-

2734 764 2911 841 bant,
2946 785 3141 846 quam
3162 765 3615 831 formidolosus
3638 786 3779 832 esse
3814 766 4081 830 deberet
4104 773 4258 831 tuus
4281 776 4694 850 conspectus.

2734 848 2892 913 Ideo
2936 851 3250 915 iubebant
3294 850 3379 916 ad
3420 859 3679 917 sanctos
3720 853 4005 934 primum
4049 853 4419 936 confugere,
4466 860 4540 916 ut
4583 874 4693 917 eo—

2733 956 2883 998 rum
2919 937 3413 1014 intercessione,
3452 937 3799 1002 exorabilis
3835 959 3911 1002 ac
3944 938 4265 1021 propitius
4313 939 4500 1003 nobis
4535 938 4690 1004 red-

2735 1019 2997 1084 dereris,
3054 1021 3181 1087 His
3218 1023 3521 1087 omnibus
3556 1045 3760 1105 quum
3794 1031 4126 1106 utcunque
4162 1025 4545 1106 perfunctus
4581 1045 4688 1090 66-

2734 1127 2891 1183 sem,
2931 1109 3187 1172 tametsi
3224 1107 3525 1172 nonnihil
3557 1109 4159 1190 interquiescebam,
4197 1110 4424 1191 procul
4468 1117 4697 1175 tamen

2734 1190 2949 1258 adhuc
3011 1193 3274 1257 aberam
3335 1216 3374 1258 a
3447 1203 3624 1259 certa
3695 1195 4127 1259 conscientiae
4192 1196 4686 1277 tranquillitate.

2734 1275 3010 1356 Quoties
3066 1280 3240 1342 enim
3285 1280 3391 1343 vel
3431 1280 3501 1344 in
3545 1301 3650 1344 me
3694 1278 4194 1357 descendebam,
4243 1280 4351 1346 vel
4389 1282 4689 1345 animum

2734 1362 2817 1426 ad
2853 1370 2919 1427 to
2954 1364 3348 1444 attollebam,
3389 1373 3722 1431 extremus
3758 1365 3991 1429 horror
4013 1387 4118 1430 me
4152 1366 4535 1442 incessebat,
4573 1369 4681 1432 cui

2733 1447 2919 1511 nulla
2971 1449 3253 1531 piacula,
3294 1451 3513 1515 nullae
3569 1452 4048 1517 satisfactiones
4094 1451 4341 1516 mederi
4391 1463 4680 1534 possent.

2734 1534 2833 1599 Ac
2854 1555 2980 1616 quo
3015 1556 3122 1599 me
3161 1538 3428 1618 propius
3465 1536 3971 1614 considerabam,
4010 1558 4086 1601 eo
4120 1538 4479 1603 acrioribus
4515 1559 4690 1620 pun-

2739 1619 3013 1702 gebatur
3047 1622 3289 1686 aculeis
3324 1623 3739 1701 conscientia,
3776 1629 3852 1686 ut
3886 1644 4020 1687 non
4057 1622 4234 1687 aliud
4268 1631 4548 1688 restaret
4582 1645 4690 1688 so-

2739 1706 2992 1783 latium,
3042 1727 3236 1788 quam
3281 1729 3385 1772 me
3426 1708 3645 1790 ipsum
3685 1708 4009 1773 oblivione
4052 1707 4292 1773 ludere.
4363 1708 4541 1790 Quia
4584 1719 4685 1773 ta-

2739 1812 2892 1855 men
2961 1792 3131 1855 nihil
3186 1794 3418 1859 melius
3472 1793 3891 1872 offerebatur,
3948 1795 4102 1872 iter,
4173 1793 4349 1876 quod
4410 1816 4687 1860 exorsus

2738 1898 2934 1954 eram,
2973 1879 3437 1961 prosequebar:
3480 1901 3681 1961 quum
3726 1880 3990 1944 interim
4032 1881 4317 1945 excitata
4359 1890 4462 1945 est
4494 1881 4695 1965 longe

2740 1962 3001 2027 diversa
3045 1963 3376 2029 doctrinae
3411 1966 3637 2044 forma,
3676 1987 3808 2029 non
3845 1987 4010 2047 quae
4055 1988 4095 2029 a
4137 1967 4496 2031 christiana
4531 1987 4690 2048 pro-

2737 2048 3013 2113 fessione
3068 2071 3185 2114 nos
3233 2055 3350 2128 [fol.
3397 2057 3506 2130 44]
3549 2050 3931 2129 abduceret,
3990 2051 4105 2116 sed
4163 2073 4327 2134 quae
4374 2052 4560 2116 illam
4604 2051 4692 2117 ad

2739 2155 2934 2198 suum
2978 2136 3226 2199 fontem
3269 2136 3637 2212 reduceret,
3691 2146 3758 2201 et
3801 2136 3985 2202 velut
4027 2157 4067 2200 a
4123 2137 4406 2202 faecibus
4452 2159 4689 2220 repur-

2739 2227 2959 2303 gatam
3013 2242 3169 2285 suae
3224 2223 3494 2303 puritati
3542 2222 3934 2287 restitueret.
4006 2224 4151 2307 Ego
4205 2245 4360 2287 vero
4395 2225 4690 2289 novitate

2740 2307 3045 2384 offensus,
3093 2306 3439 2372 difficulter
3487 2329 3675 2373 aures
3721 2309 4017 2390 praebui:
4078 2331 4153 2374 ac
4208 2309 4417 2388 initio,
4464 2310 4690 2387 fateor,

2740 2401 3006 2456 strenue
3032 2393 3447 2475 animoseque
3492 2395 3889 2459 resistebam.
3958 2393 4304 2476 Siquidem
4351 2396 4545 2479 (quae
4566 2395 4689 2459 ho-

2740 2478 3027 2542 minibus
3082 2479 3381 2561 ingenita
3437 2489 3536 2544 est
3591 2481 3661 2543 in
3702 2480 4044 2545 retinendo
4088 2479 4260 2562 quod
4300 2480 4500 2546 semel
4545 2503 4697 2546 sus-

2740 2571 3054 2644 ceperunt
3107 2564 3438 2642 instituto,
3495 2565 3601 2631 vel
3659 2567 4052 2644 constantia,
4099 2566 4203 2631 vel
4249 2567 4689 2651 contumacia)

2740 2649 3100 2731 aegerrime
3137 2650 3521 2729 adducebar,
3561 2658 3635 2715 ut
3670 2672 3775 2715 me
3809 2651 3881 2715 in
3914 2652 4325 2737 ignoratione
4367 2664 4433 2717 et
4468 2673 4695 2717 errore

2740 2743 2882 2797 tota
2925 2735 3061 2800 vita
3117 2743 3454 2801 versatum
3498 2758 3638 2803 esse
3684 2739 4045 2802 confiterer.
4104 2737 4258 2803 Una
4300 2739 4696 2820 praesertim

2740 2841 2845 2885 res
2896 2821 3192 2885 animum
3244 2822 3324 2886 ab
3376 2822 3509 2888 illis
3552 2843 3776 2887 meum
3820 2825 4187 2901 avertebat,
4233 2824 4545 2889 ecclesiae
4587 2845 4699 2888 re-

2741 2908 3052 2970 verentia.
3133 2908 3387 2973 Verum
3454 2910 3565 2975 ubi
3611 2909 3958 2992 aliquando
4014 2931 4204 2975 aures
4250 2910 4473 2992 aperui
4493 2961 4507 2986 ,
4555 2931 4698 2974 me-

2743 3013 2868 3075 que
2907 2991 3119 3059 doceri
3155 3015 3388 3077 passus
3424 3016 3589 3074 sum,
3628 3016 4104 3078 supervacuum
4147 2996 4348 3062 fuisse
4390 2998 4702 3063 timorem

2740 3078 2939 3157 illum·
2965 3079 3279 3159 intellexi,
3319 3102 3401 3145 ne
3438 3081 3593 3164 quid
3632 3082 3938 3149 ecclesiae
3972 3084 4295 3148 maiestati
4330 3083 4698 3149 decederet.

2741 3164 3034 3230 Multum
3101 3168 3277 3230 enim
3340 3168 3655 3233 interesse
3720 3167 4192 3248 admonebant,
4260 3170 4699 3235 secessionem

2742 3250 2890 3332 quis
2918 3250 3002 3315 ab
3022 3253 3294 3318 ecclesia
3317 3255 3529 3331 faciat,
3569 3275 3656 3318 an
3689 3256 3851 3320 vitia
3874 3256 4199 3339 corrigere
4234 3255 4511 3335 studeat,
4547 3257 4696 3339 qui-

2742 3336 2867 3400 bus
2910 3337 3179 3402 ecclesia
3210 3340 3354 3422 ipsa
3389 3341 3832 3407 contaminata
3876 3350 3993 3407 est.
4038 3340 4161 3427 =De
4196 3342 4469 3407 ecclesia
4501 3363 4700 3425 prae—

2743 3421 2917 3487 clare
2972 3423 3427 3506 loquebantur,
3487 3448 3818 3492 summum
3872 3427 4148 3492 unitatis
4202 3427 4512 3493 colendae
4553 3435 4699 3493 stu-

2745 3507 2935 3585 dium,
2984 3531 3142 3592 prae
3187 3533 3257 3575 se
3299 3510 3611 3576 ferebant.
3679 3513 3779 3579 Ac
3834 3536 3918 3579 ne
3961 3515 4030 3578 in
4075 3514 4383 3579 ecclesiae
4426 3515 4698 3579 nomine

2742 3594 3038 3660 cavillari
3075 3597 3470 3675 viderentur,
3507 3597 3938 3665 ostendebant
3970 3620 4104 3664 non
4139 3621 4280 3665 esse
4316 3618 4579 3679 novum,
4616 3607 4703 3664 ut

2745 3681 3114 3746 antichristi
3169 3704 3288 3765 pro
3352 3684 3723 3766 pastoribus
3794 3686 3928 3752 illic
3988 3685 4452 3768 praesiderent.
4525 3687 4698 3752 Eius

2741 3767 2838 3831 rei
2883 3769 3182 3850 exempla
3224 3790 3359 3833 non
3399 3791 3605 3852 pauca
3646 3771 4062 3854 proferebant
4077 3824 4093 3851 ,
4140 3771 4372 3855 quibus
4417 3793 4702 3856 appare-

2740 3853 2870 3930 bat,
2909 3874 3029 3918 nec
3074 3855 3201 3919 alio
3246 3864 3537 3937 spectare
3572 3857 3765 3938 ipsos,
3808 3879 4006 3940 quam
4041 3857 4123 3922 ad
4160 3858 4469 3924 ecclesiae
4515 3859 4700 3924 aedi-

2739 3939 3138 4004 ficationem:
3196 3950 3264 4005 et
3316 3942 3385 4004 in
3444 3963 3519 4007 eo
3586 3943 3866 4009 similem
3931 3943 4172 4009 habere
4229 3964 4497 4010 causam
4542 3967 4705 4010 cum

2740 4025 2965 4089 multis
2992 4026 3242 4091 Christi
3280 4028 3508 4106 servis,
3546 4049 3707 4111 quos
3741 4031 3867 4113 ipsi
3903 4031 3973 4094 in
4006 4050 4279 4095 numero
4318 4037 4705 4097 sanctorum

2740 4109 3156 4178 habebamus.
3227 4112 3425 4193 Quod
3478 4122 3697 4178 autem
3749 4116 4021 4182 liberius
4086 4117 4415 4182 ferrentur
4461 4118 4534 4181 in
4589 4139 4705 4182 ro-

2741 4218 3012 4261 manum
3046 4200 3438 4280 pontificem,
3477 4201 3589 4283 qui
3624 4209 3690 4264 et
3724 4222 3841 4284 pro
3879 4202 4130 4267 Christi
4164 4203 4427 4282 vicario,
4463 4211 4531 4268 et
4562 4204 4706 4269 Pe—

2740 4284 2827 4347 tri
2863 4304 3249 4363 successore,
3289 4291 3355 4349 et
3380 4286 3688 4351 ecclesiae
3732 4288 4023 4370 principe
4047 4288 4397 4367 colebatur,
4439 4290 4529 4354 sic
4574 4311 4700 4355 ex-

2741 4370 3080 4434 cusabant:
3108 4371 3452 4435 Eiusmodi
3481 4372 3706 4438 titulos
3730 4374 3955 4438 inania
3988 4394 4130 4438 esse
4155 4375 4704 4443 terriculamenta

2741 4455 2977 4537 quibus
3015 4455 3176 4521 adeo
3212 4458 3568 4541 perstringi
3610 4461 3868 4541 piorum
3911 4459 4133 4526 oculos
4170 4481 4306 4526 non
4341 4448 4699 4544 oporteret,

2741 4550 2816 4605 ut
2862 4562 3002 4606 rem
3058 4543 3302 4607 intueri
3355 4565 3431 4608 ac
3485 4553 3792 4611 excutere
3838 4567 3995 4610 ‘non
4052 4546 4387 4611 auderent.
4468 4546 4700 4626 Illum,

2739 4648 2942 4709 quum
2994 4628 3282 4693 mundus
3338 4630 3708 4713 ignorantia
3757 4639 3822 4696 et
3863 4631 4286 4711 hebetudine,
4335 4632 4516 4698 velut
4558 4634 4704 4698 alto

2740 4734 2967 4795 sopore
2983 4765 2999 4792 ,
3046 4734 3395 4798 oppressus
3439 4725 3639 4795 esset,
3685 4718 3754 4780 in
3801 4724 4059 4781 tantum
4101 4718 4438 4802 fastigium
4481 4739 4704 4785 emer—

2739 4800 2928 4878 sisse;
2954 4809 3129 4865 certe
3148 4821 3280 4865 non
3294 4802 3492 4880 verbo
3508 4803 3635 4866 Dei
3658 4804 4108 4883 constitutum,
4130 4824 4264 4868 non
4278 4803 4707 4888 legitimaec-

2739 4885 2973 4950 clesiae
2994 4888 3330 4951 vocatione
3352 4887 3727 4953 ordinatum
3756 4889 4066 4954 ecclesiae
4085 4891 4448 4973 principem
4469 4890 4698 4970 fuisse,

2740 4970 2854 5036 sed
2898 4972 3378 5051 voluntarium,
3426 4980 3493 5036 et
3537 4995 3577 5038 a
3619 4996 3689 5039 se
3743 4977 3884 5057 ipso
3937 4975 4198 5041 lectum.
4260 4975 4457 5041 Illam
4495 4998 4701 5058 porro

2738 5057 3189 5144 tyrannidem,
3246 5079 3377 5140 qua
3428 5059 3499 5122 in
3550 5059 3679 5125 Dei
3733 5061 4049 5144 populum
4105 5071 4437 5144 grassatus
4496 5070 4699 5141 esset,

2739 5143 2924 5208 nullo
2958 5143 3152 5208 modo
3193 5166 3334 5209 esse
3377 5145 3735 5225 ferendam,
3773 5148 3829 5212 si
3863 5147 4183 5212 vellemus
4218 5148 4476 5214 salvum
4512 5148 4695 5230 apud

2738 5251 2861 5295 nos
2916 5229 3165 5294 Christi
3224 5251 3519 5314 regnum.
3586 5233 3726 5298 Nec
3779 5233 3909 5297 illis
3962 5232 4264 5312 deerant,
4323 5235 4555 5317 quibus
4613 5256 4699 5299 ea

2738 5317 2958 5381 omnia
2984 5317 3466 5397 confirmarent,
3494 5318 3937 5384 validissimae
3973 5320 4273 5385 rationes.
4328 5321 4695 5403 Principio,
