5100 6061
344 425 463 487 309

337 633 375 676 e
429 613 734 678 manibus
795 613 1085 678 amittas:
1134 611 1393 695 quando
1452 633 1529 677 ea
1587 620 1687 677 est
1741 633 1961 677 rerum
2007 611 2291 696 agenda-

337 719 490 764 rum
533 719 736 781 penes
779 705 842 764 te
886 698 1180 777 facultas,
1218 719 1383 781 quae
1427 699 1482 762 si
1522 705 1658 763 tota
1700 699 1772 762 in
1813 699 1940 764 Dei
1986 699 2292 781 obsequia

339 784 590 868 optima
632 784 761 850 fide
816 783 1236 868 impendatur
1250 837 1264 862 ,
1309 785 1591 849 multum
1647 785 1960 849 momenti
2015 784 2098 848 ad
2142 805 2290 867 pro—

338 870 743 935 movendum
786 870 1200 954 evangelium
1235 870 1471 936 afferre
1491 870 1711 954 possit.
1781 871 1873 935 Et
1914 879 2292 936 nostrarum

340 964 442 1022 est
487 958 773 1039 partium
790 1008 804 1036 ‚
863 978 997 1021 non
1031 957 1298 1041 ignavia
1341 966 1735 1040 torporeque
1780 965 2004 1021 nostro
2049 956 2287 1021 admit-

1395 455 1398 458 1
1455 424 1578 486 DE
1627 421 2221 489 SAOERDOTIO
2267 424 2617 489 PAPALI
2660 425 3231 493 ABIICIENDO.

4226 439 4349 501 310

2397 613 2585 680 nobis
2638 616 2832 694 foret,
2879 614 3204 682 Dominus
3248 639 3367 700 per
3410 639 3603 683 suum
3647 641 4033 701 praeconem
4077 624 4345 707 iampri-

2397 699 2545 765 dem
2573 700 3043 784 promulgavit:
3081 703 3176 767 sic
3211 704 3388 768 enim
3425 703 3598 803 apud
3634 706 4020 772 Zachariam
4057 709 4190 792 (11,
4236 714 4341 794 17)

2396 785 2699 869 legimus:
2725 785 2785 851 O
2800 795 3025 870 pastor
3034 787 3267 868 inanis,
3283 787 3743 873 derelinquens
3760 813 4026 877 gregem
4045 795 4059 857 Σ
4085 795 4343 879 gladius

2396 892 2594 953 super
2637 873 2973 937 brachium
3008 875 3147 940 eius
3186 881 3254 940 et
3292 897 3492 958 super
3526 878 3786 942 oculum
3824 877 4126 944 dextrum
4170 882 4341 947 eius:

2393 956 2739 1022 brachium
2781 959 2921 1023 eius
2963 958 3266 1025 ariditate
3310 963 3663 1027 siccabitur
3677 1014 3690 1041 ,
3738 973 3804 1027 et
3844 965 4069 1031 oculus
4114 965 4343 1033 dexter

341 1049 498 1122 tere,
544 1049 621 1108 ut
665 1043 789 1109 hoc
831 1063 1044 1127 genus
1089 1043 1629 1126 opportunitates,
1676 1063 1713 1106 e
1755 1042 1884 1107 Dei
1925 1064 2130 1109 manu
2173 1065 2288 1108 no—
2392 1043 2536 1107 eius
2595 1044 3062 1109 obscurabitur.
3139 1046 3533 1130 Quanquam
3588 1048 3695 1114 hic
3751 1051 3948 1115 etiam
3992 1053 4345 1119 mirificum

341 1128 444 1192 bis
479 1129 750 1208 oblatae,
787 1129 1232 1194 infructuosae
1269 1136 1555 1211 pereant.
1626 1126 1762 1193 Sed
1799 1128 1975 1193 enim
2010 1129 2067 1194 si
2101 1150 2287 1211 prae-

342 1215 577 1282 stando
635 1216 770 1279 veri
829 1214 1069 1296 fidique
1112 1215 1392 1298 pastoris
1437 1213 1645 1278 officio
1691 1213 1874 1277 nullo
1915 1213 2106 1278 modo
2150 1214 2288 1279 ido-

340 1322 538 1366 neum
583 1308 649 1365 te
694 1301 904 1380 vides,
952 1300 1075 1365 hoc
1117 1298 1479 1366 secundum
1522 1313 1648 1378 est,
1695 1299 1865 1363 male
1921 1299 2040 1363 tibi
2083 1301 2287 1384 assig-

339 1396 576 1452 natum
619 1409 861 1452 munus
907 1396 982 1451 ut
1025 1386 1310 1469 deponas
1354 1387 1602 1468 potius,
1650 1406 1847 1468 quam
1900 1385 2167 1469 indigne
2213 1406 2288 1450 ac

339 1472 681 1556 perfidiose
725 1471 1155 1537 administres.
1225 1470 1533 1537 Cedendo
1569 1472 1765 1549 enim,
1813 1471 2186 1553 episcopum
2224 1480 2288 1536 te

341 1580 474 1623 non
533 1579 675 1624 esse
729 1560 961 1625 saltem
1017 1556 1404 1623 declarabis:
1462 1558 1648 1622 cuius
1705 1577 2055 1641 personam
2112 1579 2289 1623 nunc

342 1646 628 1710 sustines
646 1697 659 1721 ‚
718 1651 783 1708 et
823 1645 1241 1709 ‘functionem
1295 1644 1636 1726 profiteris.
1707 1641 2029 1724 Equidem
2075 1644 2132 1706 si
2174 1651 2290 1708 aut

342 1732 650 1797 eeclesiae
670 1731 1103 1796 christianum
1137 1731 1207 1793 in
1242 1750 1490 1794 morem
1527 1735 1858 1810 utcunque
1895 1730 2287 1811 compositae

340 1817 634 1901 legitimo
671 1817 805 1880 ritu
839 1815 1204 1900 praefectus
1240 1835 1432 1893 esses,
1469 1822 1584 1880 aut
1618 1815 1814 1880 etiam
1851 1814 2107 1897 plebem
2140 1816 2292 1879 istie

343 1904 620 1968 haberes
687 1911 798 1967 tua
856 1902 1201 1970 sedulitate
1272 1901 1538 1966 Christo
1620 1901 2033 1984 acquisitam,
2106 1902 2288 1966 cuius

341 1989 511 2054 oculi
567 1990 637 2053 in
683 1997 748 2053 te
791 2009 912 2054 ceu
965 1987 1194 2053 ducem
1241 2009 1316 2053 ae
1358 1994 1687 2069 pastorem
1732 1994 2286 2065 converterentur,

341 2096 680 2157 nunquam
726 2074 1177 2151 concederem,
1223 2081 1297 2137 ut
1341 2072 1591 2138 abiecta
1634 2081 1878 2137 temere
1915 2093 2045 2136 non
2090 2072 2289 2138 dubia

340 2159 610 2225 Domini
654 2161 986 2226 vocatione
1029 2159 1401 2224 libertatem
1447 2158 1566 2222 tibi
1611 2179 1904 2237 sumeres
1959 2158 2115 2236 alie,
2162 2179 2288 2241 quo

341 2247 543 2311 ferret
586 2248 870 2324 animus,
920 2245 1343 2329 demigrandi.
1415 2243 1809 2309 Christianis
1860 2243 2037 2307 enim
2094 2244 2287 2327 (quos

341 2333 412 2396 in
466 2354 588 2397 sua
644 2333 979 2398 vocatione
1079 2338 1325 2395 erstare
1379 2329 1593 2411 decet)
1648 2329 1864 2394 aliena
1916 2335 2018 2394 est
2071 2329 2288 2395 desul-

342 2419 508 2483 toria
553 2419 680 2483 ista
723 2418 973 2483 levitas.
1092 2417 1297 2500 edlab
1332 2416 1455 2482 hac
1495 2416 1764 2480 minime
1808 2421 1986 2480 recta
2023 2415 2289 2480 vivendi

343 2505 465 2582 via,
513 2505 586 2568 in
631 2525 829 2587 quam
868 2511 935 2568 te
979 2501 1248 2582 Satana,
1296 2525 1425 2567 non
1470 2502 1775 2580 Domine,
1814 2509 2089 2566 vocante
2133 2523 2285 2566 con-

343 2589 581 2668 tulisti,
639 2611 767 2673 quo
810 2590 1028 2655 minus
1073 2589 1308 2672 pedem
1351 2590 1622 2666 referas,
1671 2585 1825 2669 quid
1869 2596 1931 2652 te
1975 2587 2288 2671 impediat

341 2697 471 2740 non
516 2676 724 2742 video.
794 2674 1081 2740 Omnino
1117 2696 1293 2754 sane,
1340 2684 1456 2739 aut
1492 2675 1610 2739 tibi
1645 2672 1817 2756 quod
1861 2673 1941 2737 ab
1986 2675 2284 2758 episcopo

344 2763 592 2845 requiri
648 2761 834 2827 audis
891 2760 1358 2844 praestandum
1412 2768 1538 2839 est,
1601 2768 1718 2824 aut
1771 2759 1957 2824 sedes
2001 2761 2286 2844 episcopi

344 2845 717 2913 deserenda.
787 2846 1071 2912 Flebiles
1125 2847 1270 2912 illas
1324 2855 1574 2912 vestras
1619 2846 2053 2928 querimonias
2098 2848 2280 2911 novi:

342 2935 575 3017 quibus
633 2935 687 2998 si
749 2935 895 3017 quis
950 2933 1033 2998 ad
1085 2932 1555 3017 indulgendam
1611 2931 1792 2996 vobis
1847 2933 2109 2998 veniam
2151 2954 2284 2997 non

338 3027 827 3104 permoveatur,
906 3041 1054 3084 eum
1122 3041 1256 3084 non
1333 3019 1670 3085 hominem
1747 3040 1888 3084 6666
1963 3018 2280 3086 iudicatis.

341 3106 559 3187 Quid?
630 3108 894 3191 Ergone
929 3107 1211 3171 fortunis
1247 3106 1550 3171 omnibus
1586 3106 1787 3184 exuti,
1827 3106 1981 3170 hinc
2018 3128 2132 3171 nos
2169 3128 2281 3171 ve-

337 3193 438 3256 lut
482 3215 516 3258 c
563 3202 1030 3275 praesentaneo
1073 3191 1373 3258 incendio
1409 3189 1886 3275 proripiemus‘?
1955 3191 2134 3273 Quid
2167 3213 2282 3258 au-

340 3288 475 3343 tem
532 3281 648 3343 fiet
701 3278 957 3343 miseris
1014 3278 1240 3343 nobis?
1321 3276 1588 3343 Scilicet
1641 3284 1718 3341 ut
1771 3279 1880 3361 qui
1934 3279 2282 3361 tranquille

342 3368 488 3443 [pag.
554 3370 660 3444 77]
717 3386 791 3429 66
843 3364 1097 3447 placide
1153 3365 1222 3427 in
1266 3371 1489 3428 nostro
1543 3363 1945 3441 habitamus,
2000 3366 2151 3448 vagi
2209 3387 2283 3430 ac

337 3450 637 3533 palantes
681 3452 751 3514 in
787 3450 1034 3515 alienas
1068 3449 1515 3525 concedamus,
1565 3449 1876 3531 nobisque
1920 3450 2282 3533 incognitas

339 3536 591 3601 terras?
664 3536 962 3617 Quorum
997 3536 1303 3620 largitate
1327 3535 1564 3600 vivunt
1604 3533 1892 3617 plurimi,
1918 3536 2283 3617 precariam

338 3643 544 3771 paene
601 3622 805 3687 vitam
862 3622 1144 3686 aliorum
1198 3620 1509 3685 beneficio
1567 3618 1930 3704 agitemus?
2002 3618 2134 3700 Qui
2171 3620 2282 3686 de-

368 3708 504 3774 'ciis
530 3709 955 3787 assuevimus,
981 3729 1113 3772 non
1138 3708 1277 3773 sine
1314 3705 1648 3790 dignitate,
1686 3706 1989 3785 tenuiter,
2033 3728 2278 3789 aspere,

340 3794 806 3859 contumeliose
835 3792 1243 3858 victitemus?
1298 3791 1557 3873 Quibus
1582 3814 1759 3857 nunc
1782 3792 2003 3856 otiosis
2043 3793 2282 3858 seritur

339 3902 414 3946 66
457 3880 738 3956 metitur,
765 3889 983 3944 atrum
1020 3901 1103 3943 ex
1138 3880 1279 3944 iure
1316 3878 1619 3943 hesterno
1656 3899 1910 3961 panem,
1948 3884 2022 3942 ut
2045 3878 2156 3943 ille
2177 3880 2283 3942 in-

338 3967 495 4048 quit,
521 3966 756 4031 sudore
779 3974 1001 4029 nostro
1026 3966 1453 4047 manibusque
1467 3970 1730 4047 partum
1745 3965 2104 4028 voremus?
2147 3964 2282 4029 Ve-

337 4074 487 4116 rum
513 4052 672 4117 adeo
713 4052 1019 4134 speciosis
1043 4051 1325 4135 querelis
1349 4070 1478 4114 uno
1509 4048 1704 4114 verbo
1739 4048 2116 4131 respondeo.
2154 4051 2282 4115 Er-

336 4159 419 4221 go
457 4137 816 4203 Christiani
838 4158 925 4202 ne
959 4138 1116 4203 sitis.
1164 4137 1620 4202 Christianum
1645 4136 1822 4199 enim
1862 4135 2021 4201 haec
2064 4146 2286 4202 manet

336 4225 703 4303 necessitas,
737 4230 807 4289 ut
827 4226 881 4288 si
905 4222 1260 4302 furabatur,
1287 4223 1488 4287 furari
1522 4223 1655 4287 iam
1683 4220 1972 4286 desinat:
2008 4222 2122 4287 sed
2145 4245 2286 4287 ma-

338 4330 544 4374 nuum
567 4310 787 4375 labore
809 4309 1042 4393 potius,
1068 4318 1135 4374 et
1147 4330 1318 4388 suae,
1350 4318 1416 4374 et
1438 4308 1716 4374 fratrum
1740 4308 1996 4390 inopiae
2021 4330 2285 4375 succur-

337 4405 445 4460 rat
486 4396 756 4479 (Ephes.
787 4402 845 4472 4,
877 4398 1006 4479 28).
1081 4396 1304 4461 Grave
1352 4395 1634 4478 quidem,
1695 4414 1825 4459 non
1872 4416 2059 4460 secus
2092 4403 2285 4479 atque

339 4480 582 4547 abiecta
639 4482 740 4547 sui
784 4503 970 4558 cura,
1009 4481 1310 4547 subsidiis
1364 4483 1725 4563 praesentis
1763 4480 1938 4544 vitae
1984 4482 2284 4549 omnibus

338 4588 579 4632 exuere
623 4589 693 4633 se
737 4588 812 4632 ac
857 4566 1138 4631 nudare:
1187 4567 1301 4633 sed
1346 4567 1551 4632 multo
1597 4568 1863 4652 gravius
1908 4565 2135 4633 haberi
2173 4568 2284 4634 de-

335 4651 478 4732 bet,
532 4661 627 4718 tot
669 4653 1137 4719 maleficiorum
1191 4654 1654 4719 conscientiam
1699 4652 2051 4731 sustinere,
2099 4655 2283 4720 cuius

333 4739 614 4823 flagellis
671 4740 991 4823 exagitari
1039 4748 1134 4819 te,
1182 4739 1365 4804 cuius
1411 4739 1650 4805 aculeis
1704 4745 2016 4822 perpetuo
2081 4740 2281 4804 lanci-

337 4825 488 4890 nari
529 4826 618 4907 (si
672 4832 893 4889 tamen
950 4824 1170 4888 Deum
1211 4825 1468 4904 vivere,
1518 4832 1713 4908 atque
1758 4824 2031 4888 alteram
2073 4847 2281 4907 quan-

337 4908 584 4977 damin
607 4911 746 4976 eius
772 4932 978 4995 regno
1001 4912 1204 4975 vitam
1230 4911 1366 4975 fore
1400 4912 1623 4995 putas)
1662 4931 1924 4976 necesse
1961 4917 2076 4975 est.
2136 4909 2281 4976 Du-

334 5018 483 5061 rum
537 5006 604 5062 et
646 4997 821 5062 istud
865 5017 1122 5081 quoque
1167 5004 1294 5075 est,
1339 4997 1579 5061 fateor:
1627 4997 1844 5061 natale
1887 4997 2126 5074 solum,
2168 4996 2280 5062 ubi

340 5091 411 5147 et
463 5083 916 5149 amoenissime
976 5089 1042 5147 et
1094 5081 1448 5146 honorifice
1502 5082 1840 5165 accipiatis
1859 5134 1873 5160 ,
1919 5082 2133 5147 aliena
2176 5105 2279 5148 re-

336 5168 549 5253 gione,
594 5171 664 5233 in
699 5191 828 5253 qua
853 5170 1113 5234 futurus
1149 5168 1237 5233 sis
1280 5168 1567 5232 abiectus
1603 5168 1854 5249 hospes,
1883 5167 2097 5233 exsilii
2133 5189 2278 5252 spe-

336 5256 438 5320 cie
480 5264 762 5322 vertere:
810 5255 922 5320 sed
966 5255 1177 5319 multo
1218 5254 1576 5318 etiamnum
1620 5253 1866 5332 durius,
1913 5274 2166 5337 quoquo
2214 5264 2278 5319 te

337 5348 574 5419 vertas,
623 5341 934 5408 iudicium
977 5340 1099 5406 hoc
1146 5339 1575 5407 circumferre.
1638 5336 1831 5418 Quod
1875 5360 1957 5403 ne
2002 5338 2278 5405 dubium

2395 1130 2714 1194 artificem
2751 1129 3110 1195 Dominum
3149 1133 3583 1214 experiuntur
3615 1133 3858 1213 fideles,
3898 1139 4009 1220 qui
4051 1159 4191 1202 rem
4226 1139 4343 1204 ho-

2395 1215 2651 1279 minum
2685 1215 2924 1280 iudicio
2961 1224 3096 1280 tam
3134 1218 3453 1297 acerbam,
3491 1229 3943 1303 paupertatem
3992 1223 4151 1303 dico,
4190 1247 4342 1290 sua-

2397 1322 2541 1364 vem
2586 1300 2749 1379 illis,
2799 1302 2983 1366 verbi
3027 1303 3130 1368 sui
3172 1304 3608 1384 condimento,
3668 1309 4150 1392 gratiosamque
4196 1310 4341 1375 red-

2395 1385 2504 1450 dit.
2588 1386 2738 1451 Non
2803 1387 2974 1470 quod
3029 1390 3446 1471 asperitatem
3506 1412 3777 1474 prorsus
3835 1393 4089 1458 nullam
4144 1403 4341 1479 gustu

2394 1472 2787 1555 percipiant:
2848 1472 2962 1538 sed
3008 1474 3159 1557 quia
3208 1474 3323 1538 illa
3366 1477 3759 1542 condimenti
3807 1480 4129 1545 suavitate
4175 1489 4340 1545 tem-

2395 1567 2692 1639 peratam
2733 1578 2869 1623 non
2914 1560 3109 1628 nimis
3156 1581 3233 1624 ae
3280 1582 3371 1640 re,
3414 1564 3571 1644 quin
3616 1586 3737 1628 nee
3782 1566 3924 1629 sine
3962 1566 4204 1630 eximia
4240 1568 4340 1632 iu-

2393 1641 2727 1708 cunditate
2762 1645 3001 1709 ferunt.
3064 1643 3214 1725 Quo
3295 1647 3347 1711 si
3392 1654 3615 1713 tamen
3659 1649 4046 1715 alterutrum
4094 1652 4341 1737 eligen-

2394 1728 2550 1792 dum
2595 1731 2712 1794 tibi
2757 1731 2859 1808 sit,
2898 1739 2973 1795 ut
3009 1732 3113 1795 vel
3148 1731 3595 1797 calamitosam
3631 1735 4018 1817 probitatem
4054 1740 4339 1814 secteriS,

2394 1815 2500 1878 vel
2520 1815 2954 1880 calamitatem
2981 1818 3275 1900 nequitia
3304 1818 3608 1902 effugias:
3646 1841 3762 1885 cur
3783 1842 3915 1886 non
3950 1830 4242 1888 sanctam
4266 1845 4342 1890 ac

2393 1898 2664 1985 dignam
2711 1902 3044 1967 vocatione
3087 1914 3201 1967 tua
3238 1904 3446 1967 vitam
3488 1906 3703 1986 potius
3741 1907 3808 1970 in
3845 1908 4125 1973 miseriis
4158 1930 4333 1995 agas,

2395 1987 2648 2051 meliori
2717 1988 3197 2070 exspectatione
3266 1991 3475 2054 fretus
3494 2042 3508 2068 ,
3548 2012 3747 2073 quam
3813 2003 4332 2060 momentaneam

2394 2073 2612 2138 nescio
2653 2094 2849 2155 quam
2898 2074 3235 2138 mollitiem
3270 2074 3399 2139 Dei
3431 2075 3882 2160 indignatione
3926 2087 3990 2142 et
4033 2087 4335 2146 aeternae

2393 2159 2621 2223 mortis
2666 2159 2911 2224 ultione
2964 2159 3293 2224 redimas?
3362 2161 3471 2225 Ita
3526 2170 3628 2226 est
3687 2185 3873 2228 sane:
3923 2165 3978 2229 si
4024 2165 4107 2229 ad
4149 2167 4331 2232 illam

2389 2244 2630 2327 populo
2675 2245 2804 2309 Dei
2849 2246 3235 2329 promissam
3281 2246 3751 2312 haereditatem
3798 2251 3965 2314 serio
4020 2250 4332 2335 adspiras,

2391 2330 2623 2394 Mosen
2682 2337 2747 2395 te
2804 2332 2947 2396 viae
3003 2331 3235 2397 ducem
3290 2333 3471 2414 sequi
3543 2343 3828 2416 oportet:
3902 2337 4012 2418 qui
4083 2338 4335 2403 eiurato

2388 2414 2761 2480 Pharaonis
2805 2438 3044 2500 genere
3061 2469 3077 2496 ,
3134 2418 3339 2483 satius
3393 2419 3515 2482 sibi
3560 2440 3702 2484 esse
3745 2442 3891 2485 cum
3931 2420 4059 2486 Dei
4101 2424 4337 2506 populo

2391 2501 2595 2584 affligi
2621 2501 2827 2582 duxit,
2866 2524 3063 2586 quam
3087 2504 3551 2587 temporariam
3596 2505 3836 2569 habere
3879 2509 4130 2589 peccati
4172 2510 4335 2574 frui-

2390 2587 2665 2651 tionem:
2709 2588 2916 2671 pluris
2954 2588 3207 2654 Christi
3245 2589 3661 2672 opprobrium
3699 2611 3892 2673 quam
3938 2613 4163 2658 omnes
4202 2597 4334 2660 Ae-

2389 2674 2768 2755 gyptiorum
2806 2679 2953 2753 [pag.
2995 2681 3102 2755 78]
3131 2675 3388 2740 divitias
3425 2677 3775 2741 aestimans
3812 2677 4043 2758 (Hebr.
4080 2685 4171 2758 ll,
4200 2684 4330 2764 25).

2388 2757 2562 2822 Nam
2602 2767 2676 2822 ut
2713 2759 2822 2824 ille
2858 2761 3053 2826 simul
3090 2767 3156 2826 et
3199 2782 3404 2845 nepos
3444 2762 3660 2826 vocari
3703 2763 4087 2843 Pharaonis,
4134 2774 4200 2828 et
4231 2766 4335 2830 in-

2387 2850 2488 2907 ter
2542 2845 2857 2910 Abrahae
2907 2846 3075 2910 filios
3116 2848 3366 2912 censeri
3421 2868 3554 2911 non
3598 2850 3836 2929 potuit,
3884 2870 4004 2914 nec
4047 2848 4177 2914 Dei
4220 2852 4332 2916 be-

2387 2929 2825 2996 nedictionem
2891 2954 3024 2997 una
3090 2953 3239 2997 eum
3291 2933 3639 3017 Aegyptiis
3695 2933 3924 3015 opibus
3982 2934 4329 3017 possidere,

2385 3016 2479 3080 ita
2523 3018 2882 3083 vanissima
2935 3040 3050 3102 spe
3106 3019 3428 3102 teipsum
3471 3018 3703 3097 lactas,
3749 3020 3803 3084 si
3848 3020 4062 3085 locum
4104 3022 4224 3087 tibi
4264 3024 4334 3088 in

2387 3101 2515 3167 Dei
2549 3104 2788 3187 populo
2828 3126 2969 3171 esse
3007 3103 3300 3182 confidis,
3347 3104 3505 3168 dum
3549 3105 3622 3168 in
3664 3106 4057 3171 Antichristi
4101 3110 4331 3174 castris

2386 3211 2624 3255 meres:
2672 3191 2727 3255 si
2768 3200 2835 3256 et
2877 3190 3154 3257 eoeleste
3196 3212 3475 3275 regnum
3521 3212 3666 3255 cum
3711 3190 3839 3256 Dei
3883 3193 4035 3271 filio,
4074 3202 4140 3257 et
4179 3216 4331 3260 eum

2386 3275 2679 3341 scelestis
2737 3276 3102 3342 latronibus
3156 3277 3333 3341 furta
3392 3298 3468 3341 ac
3524 3277 3789 3360 rapinas
3831 3279 4220 3362 participare
4266 3292 4331 3345 te

2386 3362 2586 3426 simul
2638 3382 2828 3445 posse
2882 3384 3123 3445 speras.
3195 3361 3418 3443 Quare
3484 3384 3603 3428 nec
3671 3363 3786 3428 illa
3841 3364 4086 3429 solenni
4147 3364 4329 3432 vobis

2386 3446 2839 3529 deprecatione
2882 3470 3279 3533 magnopere
3314 3470 3604 3528 moveor,
3651 3449 3776 3515 nisi
3833 3451 4042 3515 multa
4097 3451 4331 3516 huma-

2385 3553 2512 3597 nae
2533 3533 2998 3599 imbecillitatis
3024 3533 3204 3613 vitia,
3229 3535 3447 3616 qualia
3470 3535 3718 3601 scilieet
3737 3536 3811 3600 in
3846 3537 4101 3618 piorum
4136 3560 4331 3604 carne

2385 3638 2646 3701 semper
2691 3618 2997 3699 resident,
3043 3620 3398 3687 toleramus
3455 3623 3558 3705 (ut
3609 3622 3682 3685 in
3738 3622 4113 3687 hominibus
4166 3624 4334 3688 nihil

2387 3710 2486 3768 est
2525 3704 2951 3788 perfectum),
2996 3725 3113 3769 nos
3169 3704 3624 3771 Christianum
3675 3710 4029 3793 neminem,
4064 3709 4332 3791 posthac

2387 3789 2744 3856 relicturos.
2826 3789 3005 3871 Quin
3042 3812 3253 3872 neque
3296 3812 3498 3873 penes
3542 3813 3661 3858 nos
3703 3813 4091 3858 mansurum
4135 3794 4330 3859 Chri·

2386 3876 2751 3940 stianorum
2803 3896 3071 3955 nomen,
3126 3875 3254 3942 nisi
3307 3896 3458 3941 eum
3510 3879 3707 3944 venia
3764 3879 3898 3942 vita
3950 3885 4175 3944 nostra
4217 3901 4330 3944 ex-

2387 3960 2727 4044 pendatur.
2808 3962 2957 4027 Hoc
3014 3968 3233 4026 autem
3289 3970 3585 4027 vestrum
3642 3963 3980 4042 delictum,
4039 3965 4094 4029 si
4161 3966 4332 4048 quod

2388 4048 2714 4111 nominari
2757 4046 2936 4112 aliud
2979 4054 3222 4130 potest,
3269 4049 3582 4113 eiusmodi
3638 4070 3780 4114 esse
3823 4050 3929 4114 cui
3973 4050 4204 4116 merito
4249 4052 4336 4116 sit

2387 4132 2874 4218 ignoscendum.
2952 4134 3262 4203 Nostram
3318 4134 3503 4200 illam
3561 4155 3973 4200 communem
4038 4140 4332 4201 omnium

2388 4219 2901 4285 imbecillitatem
2929 4220 3170 4286 scimus
3206 4240 3381 4298 sane,
3420 4227 3488 4284 et
3519 4220 3688 4284 hanc
3724 4220 3984 4285 veniam
4019 4223 4333 4304 petimus-

2389 4327 2512 4388 que
2558 4305 2916 4389 da-musque
2944 4307 3256 4373 vicissim:
3303 4328 3387 4371 ne
3426 4315 3769 4389 propterea
3798 4304 3970 4387 quod
3997 4308 4328 4374 interdum

2388 4392 2753 4457 titubamus
2810 4414 2884 4458 66
2950 4393 3232 4460 labimur
3316 4391 3517 4477 (quod
3574 4392 4047 4476 perfectissimo
4101 4396 4331 4479 cuique

2388 4480 2649 4562 saepius
2703 4500 2900 4562 quam
2955 4477 3308 4562 optandum
3376 4478 3573 4542 fuerit
3625 4477 3905 4561 accidit),
3964 4478 4330 4545 Christiani

2389 4571 2613 4629 tamen
2635 4566 2808 4629 inter
2835 4586 2954 4629 nos
2977 4563 3204 4635 haberi
3228 4563 3621 4629 desinamus.
3693 4563 3829 4630 Sed
3853 4587 3986 4630 nou
4009 4566 4137 4631 alia
4165 4566 4327 4650 lege,

2389 4651 2514 4715 nisi
2549 4652 2666 4735 qui
2709 4652 2801 4715 sic
2838 4646 3178 4729 claudicat,
3218 4649 3483 4714 vacillat
3517 4671 3592 4717 ae
3636 4651 3891 4730 decidit,
3937 4652 4114 4717 viam
4157 4653 4329 4717 nihi-

2388 4736 2675 4802 lominus
2699 4736 2969 4802 Domini
3018 4743 3354 4818 sequatur:
3398 4758 3609 4819 neque
3654 4742 3831 4804 vero'
3856 4738 4326 4804 claudicatione

2386 4824 2478 4887 sic
2516 4822 2940 4905 impediatur,
2986 4823 3146 4904 quin
3206 4824 3496 4888 enitatur
3549 4832 3802 4901 contra,
3857 4821 4328 4907 incedendique

2387 4909 2837 4975 difficultatem
2890 4908 3161 4973 eluctari
3218 4916 3486 4974 strenue
3553 4907 3930 4974 contendat:
4001 4917 4327 4994 uteunque

2386 4993 2747 5060 vacillando
2782 4992 3079 5077 trepidet,
3127 5015 3463 5078 nunquam
3500 4995 3756 5060 deficiat
3791 4994 4035 5059 animo:
4083 4997 4323 5081 collap-

2385 5103 2523 5160 sus,
2587 5081 2784 5145 ctiam
2839 5081 2909 5144 in
2967 5080 3166 5164 pedes
3210 5102 3280 5146 se
3325 5081 3626 5163 recipiat:
3674 5079 3856 5144 nulla
3900 5080 4178 5164 denique
4222 5107 4324 5149 re·

2383 5189 2567 5231 mora
2601 5167 2694 5231 sie
2730 5165 3045 5245 tardetur,
3084 5166 3244 5249 quin
3279 5167 3553 5231 intentis
3589 5167 3660 5230 in
3695 5166 3822 5230 Dei
3857 5187 4136 5249 regnum
4171 5190 4320 5236 ocu-

2382 5252 2463 5318 lis
2520 5259 2819 5333 coeptum
2888 5252 3015 5317 iter
3069 5258 3515 5337 persequatur.
3595 5252 3760 5329 Eos,
3821 5253 4117 5333 inquam,
4174 5278 4325 5321 cum

2383 5339 2518 5404 suis
2578 5337 2831 5403 delictis
2883 5347 2949 5403 et
3001 5338 3289 5422 lapsibus
3344 5339 3632 5402 fraterna
3688 5338 4095 5421 benignitate
4153 5363 4327 5408 eom-

3822 5440 3922 5492 20.
