5100 6061
366 384 487 446 501

1863 379 2386 450 CONSILIUM
2428 384 2723 450 PAULI
2763 385 2891 450 III.

4266 395 4393 459 502

540 570 895 669 Tantisper
945 572 1167 636 forsan
1211 591 1599 669 consensum
1625 647 1629 652 .
1657 569 1892 670 horum
1936 571 2324 671 monarcha·
2372 571 2380 671 Ι
2431 573 2608 637 tiam.
2701 572 2882 654 Quid
2925 581 3264 654 statutum,
3313 576 3668 655 decretum,
3706 579 4213 660 pronunciatum
4248 582 4390 647 fue-

364 677 515 754 111111
558 657 875 738 pontificu
919 664 1176 738 optent,
1221 655 1378 721 dum
1425 655 1684 739 pubhca
1727 657 2066 722 christiam
2115 676 2324 721 nomi·
2427 660 2534 736 rit,
2583 658 2757 725 dieto
2802 661 2858 724 si
2904 661 3249 726 audientes
3290 662 3427 727 fore
3473 664 3792 746 recipiant
3815 716 3831 743 ,
3889 665 3969 729 de
4028 666 4167 731 suis
4212 668 4387 751 capi-

365 764 471 808 ms
525 761 687 823 pace
743 741 824 806 ad
878 742 1314 808 conficiendos
1369 741 2006 826 exstinguendosque
2074 749 2325 824 protes-

366 837 583 892 tantes
626 827 1001 892 abutantur.
1093 827 1311 909 Quam
1355 835 1576 893 autem
1619 828 1781 894 alias
1822 849 2048 893 veram
2082 835 2150 892 et
2191 835 2323 893 sta-

365 914 567 981 bilem
612 912 1019 979 concordiam
1061 914 1237 979 inter
1280 915 1477 979 hosce
1521 914 1913 979 monarchas
1955 916 2126 980 ferre
2162 936 2324 996 pon-

367 1001 533 1065 tifex
592 1000 799 1065 soleat
854 1008 920 1063 et
975 1001 1104 1082 ipsi
1160 1009 1321 1065 sunt
1375 1000 1605 1083 optimi
1659 1008 1861 1065 testes
1906 1007 1973 1065 et
2015 1002 2173 1066 satis
2215 1022 2324 1064 su-

451 1106 611 1169 rque
663 1084 918 1168 pridem
963 1093 1057 1150 tot
1115 1086 1524 1171 gravissimis
1569 1086 1799 1149 Italiae
1845 1085 2326 1152 calamitatibus

412 1172 767 1238 eclaratum
815 1181 931 1236 est.
1006 1172 1455 1237 Protestantes
1500 1180 1722 1236 autem
1765 1172 1920 1255 quia
1963 1194 2097 1236 non
2140 1172 2325 1254 prin-

367 1259 592 1340 cipum
648 1257 933 1323 dissidiis
989 1258 1105 1323 sed
1160 1258 1426 1324 Christo
1483 1258 1820 1322 confidunt
1873 1266 1939 1323 et
1997 1278 2200 1341 quum
2245 1258 2325 1322 ab

370 1344 554 1409 omni
596 1364 818 1408 rerum
865 1343 1305 1409 humanarum
1350 1343 1838 1426 perturbatione
1883 1352 2024 1407 tum
2060 1344 2327 1426 sangui-

367 1431 471 1495 nis
515 1430 855 1496 christiani
901 1430 1293 1512 profusione,
1343 1439 1417 1493 ut
1458 1451 1579 1512 par
1622 1440 1737 1508 est,
1773 1430 2168 1494 abhorrent:
2208 1428 2326 1493 hos

366 1517 694 1599 principes
751 1515 1024 1580 sublatis
1069 1516 1353 1581 dissidiis
1397 1515 1698 1580 omnibus
1756 1516 2107 1581 convenire
2151 1516 2327 1579 inter

369 1623 438 1667 se
475 1625 559 1666 ex
600 1601 819 1665 animo
857 1609 1103 1684 optant.
1161 1603 1389 1684 Neque
1426 1603 1603 1666 enim
1644 1601 1958 1666 dubitant·
1981 1602 2139 1683 quin
2181 1608 2325 1665 tum

367 1687 643 1753 daturus
688 1688 774 1752 sit
816 1686 1030 1765 Deus,
1078 1695 1152 1751 ut
1194 1688 1361 1751 inita
1404 1695 1633 1753 sancta
1678 1688 2157 1770 conspiratione
2201 1687 2325 1751 sic-

369 1781 444 1837 ut
488 1774 720 1838 'rumis
764 1773 1253 1856 propulsandiS,
1306 1775 1399 1837 ita
1442 1781 1509 1838 et
1552 1773 1840 1839 ecclesiis
1897 1772 2324 1838 restituendis

368 1881 509 1925 sese
554 1859 954 1941 impendant.
1022 1860 1294 1924 Habent
1336 1860 1538 1941 igitur
1581 1866 2018 1941 protestantes
2064 1879 2326 1925 causam

365 1967 485 2011 cur
540 1956 857 2029 perpetua
907 1954 972 2008 et
1029 1946 1268 2010 virium
1326 1955 1392 2009 et
1445 1947 1809 2010 animorum
1869 1946 2326 2010 coniunctione

367 2031 715 2097 cohaerere
757 2031 932 2113 ipsos
976 2031 1151 2095 inter
1195 2052 1264 2096 se
1309 2031 1533 2097 velint.

541 2142 837 2206 Poterant
880 2143 1067 2206 etiam
1099 2144 1452 2207 miestates
1486 2164 1640 2207 suae
1672 2143 1914 2208 reiectis
1952 2144 2049 2225 (ut
2091 2143 2327 2210 dictum

361 2231 477 2309 est)
518 2229 883 2293 tractatibus
904 2228 1228 2310 reliyionis
1251 2229 1335 2292 ad
1353 2229 1678 2293 concilium
1700 2229 1951 2293 interim
1975 2248 2117 2293 cum
2141 2229 2325 2308 prin-

361 2315 608 2396 cipibus
659 2313 976 2379 catholicis
1029 2315 1104 2378 de
1161 2315 1408 2379 auxilio
1453 2320 1662 2379 contra
1711 2315 1988 2378 Turcam
2031 2335 2096 2378 se
2140 2314 2325 2378 stabi-

363 2402 486 2466 lime
528 2401 666 2465 sine
710 2399 845 2465 ulla
887 2421 1080 2464 mora.

540 2504 749 2585 Atqui
775 2503 830 2566 si
856 2503 984 2566 Dei
1013 2503 1325 2567 beneficio
1369 2523 1563 2585 porro
1608 2503 1726 2566 fiat
1749 2501 1921 2584 quod
1955 2503 2100 2566 fieri
2139 2523 2327 2585 coep-

362 2600 513 2655 tum
556 2597 673 2665 est,
720 2604 795 2653 ut
839 2588 1056 2671 plures
1100 2588 1431 2652 communi
1476 2588 1790 2671 religione
1835 2588 2087 2653 Christi
2131 2609 2328 2670 quam

365 2675 632 2759 vulgari
652 2674 1116 2757 superstitione
1138 2674 1442 2740 catholici
1477 2675 1621 2737 fiori
1642 2673 1883 2738 malint
1907 2695 2109 2756 eaque
2133 2694 2328 2738 causa

363 2783 440 2829 se
481 2761 997 2844 protestantibus
1042 2759 1408 2843 adiungant
1452 2762 1687 2837 socios,
1750 2759 1966 2842 potius
2015 2780 2212 2841 quam
2255 2761 2327 2823 in

361 2847 687 2932 pontificii
728 2845 1006 2911 foederis
1052 2847 1427 2911 societatem
1471 2844 1707 2911 adduci
1750 2868 1819 2910 se
1863 2847 2111 2924 sinant,
2171 2846 2328 2928 quid

362 2937 640 3018 inquam
687 2942 844 2998 tunc
888 2932 1189 2996 futurum
1233 2932 1373 2997 est?
1453 2932 1624 2996 Nam
1671 2931 1812 3013 ipse'
1854 2933 1985 2997 iam
2029 2931 2327 3014 pontifex

364 3021 702 3087 confessus
725 3029 840 3097 est,
865 3040 997 3083 non
1019 3018 1209 3083 aliter
1243 3018 1467 3084 resisti
1500 3041 1686 3102 posse
1722 3017 1875 3085 huic
1919 3018 2326 3084 atrocissimo

363 3108 539 3172 hosti
583 3126 779 3188 quam
823 3105 880 3168 si
915 3106 1266 3170 universae
1302 3104 1645 3171 christiani
1683 3105 1969 3169 nominis
2005 3106 2181 3170 vires
2224 3106 2326 3168 in-

364 3204 468 3257 ter
528 3214 599 3257 se
656 3191 1022 3256 coalescant
1079 3200 1147 3254 et
1201 3190 1654 3257 coadunentur
1704 3190 1789 3255 ad
1844 3193 2061 3274 ipsum
2108 3192 2326 3273 oppri-

365 3278 702 3344 mendum.

549 3389 724 3471 Quod
780 3390 839 3452 si
894 3390 1079 3453 etiam
1144 3388 1416 3452 stabilito
1471 3389 1908 3453 catholicorum
1964 3388 2209 3469 foedere
2272 3393 2328 3453 et

365 3481 569 3559 coepto
600 3496 722 3556 per
765 3475 1116 3539 maiestates
1150 3494 1305 3538 suas
1345 3474 1616 3553 concilia
1654 3479 1708 3538 et
1743 3476 1943 3539 ineisa
1976 3479 2326 3553 protestan-

365 3564 528 3628 tium
569 3558 695 3641 s‘pe,
732 3561 803 3624 (le
845 3560 1141 3643 reliyione
1171 3559 1585 3640 pervertenda
1620 3565 1676 3625 et
1717 3559 1890 3625 bonis
1932 3560 2329 3637 ecclesiarum

367 3648 755 3730 diripiendis
799 3696 812 3709 .
859 3697 872 3711 .
920 3696 934 3710 .
983 3697 995 3708 .

547 3755 662 3831 [fot
711 3755 818 3829 43]
857 3750 1052 3814 Bella
1095 3757 1161 3813 et
1202 3747 1509 3831 expedita
1546 3750 1866 3831 pontificis
1903 3750 2088 3828 ratic,
2127 3750 2329 3832 siqui-

368 3837 521 3903 dem
566 3857 713 3901 eam
737 3834 1048 3900 Christus
1096 3844 1312 3900 ratam
1356 3834 1610 3900 habeat.
1703 3834 1886 3900 Nihil
1933 3836 2328 3900 benevolen-

369 3925 492 4002 tia,
552 3931 667 3985 aut
710 3921 1117 3986 humanitate
1173 3920 1450 3985 obtineri
1503 3942 1543 3984 a
1585 3921 2097 4002 protestantibus
2141 3943 2331 4004 posse

369 4031 519 4092 spes
562 4015 681 4085 est,
729 4029 804 4071 60
841 4007 1058 4089 itaque
1102 4007 1505 4072 necessitatis
1545 4006 1913 4090 adigantur,
1962 4029 2043 4071 ne
2080 4029 2148 4073 se
2193 4029 2331 4072 mo-

374 4115 531 4160 vere
611 4094 850 4158 ausint.
951 4093 1210 4158 Deinde
1281 4099 1507 4174 coepto
1588 4093 1859 4156 concilio
1937 4094 2333 4158 admonendi

375 4186 572 4245 erunt
616 4201 655 4242 a
697 4178 1129 4262 principibus,
1187 4188 1264 4242 ut
1307 4178 1389 4242 ad
1435 4176 1855 4256 audiendam,
1901 4201 2065 4260 quae
2110 4181 2180 4243 in
2226 4200 2332 4244 ca-

376 4277 497 4350 put
549 4287 743 4330 suum
799 4266 1074 4341 feretur,
1144 4266 1541 4330 sententiam
1605 4265 1854 4329 sistant.
1945 4267 2164 4347 Atque
2227 4266 2333 4331 hic

376 4354 585 4418 obiter
629 4353 865 4434 aperit,
927 4372 1264 4435 quousque
1304 4348 1607 4435 progredi
1664 4352 1732 4414 in
1790 4352 2012 4415 animo
2072 4351 2328 4416 habeat.

377 4438 655 4522 Coepto,
707 4438 951 4520 inquit,
999 4438 1269 4504 concilio
1310 4436 1799 4520 quamprimum
1841 4437 1920 4503 de
1964 4446 2334 4520 protestan-

375 4526 554 4592 tibus
588 4533 841 4608 agatur,
890 4531 957 4588 et
989 4523 1249 4605 quando
1286 4522 1701 4605 perficietur?
1775 4524 1882 4588 Ex
1917 4524 2063 4606 ipsa
2097 4523 2337 4608 agendi

378 4611 548 4677 serie
605 4610 951 4675 aestimare
1009 4610 1178 4674 licet.
1270 4609 1394 4673 Est
1448 4621 1667 4673 tamen
1727 4609 1974 4692 aliquid
2029 4610 2201 4692 quod
2255 4609 2335 4675 de

377 4694 747 4762 inchoando
789 4694 1096 4777 loquitur,
1134 4696 1318 4777 quasi
1360 4694 1623 4761 difficile
1666 4704 1780 4759 aut
1824 4717 2067 4760 novum
2112 4698 2198 4761 sit
2232 4698 2334 4760 fu-
2384 4684 2389 4725 ⁵

379 4805 532 4849 eum
579 4783 809 4859 facere,
865 4792 938 4844 ut
974 4778 1292 4846 indictum
1343 4780 1661 4845 habeatur
1696 4802 1812 4863 pro
1846 4782 2124 4863 incepto.
2198 4781 2334 4847 Ve-

381 4891 531 4934 rum
575 4869 904 4952 fingamus
944 4866 1071 4931 huc
1129 4888 1382 4949 quoque
1436 4888 1506 4931 se
1552 4867 1907 4932 extendere
1951 4887 2161 4949 papae
2203 4868 2334 4933 lar-

379 4957 672 5039 gitatem.
765 4950 941 5033 Quid
996 4954 1209 5035 prima
1262 4953 1541 5018 statione
1596 4952 1752 5018 fiet?
1843 4952 2032 5018 Sicut
2076 4956 2334 5036 gravio-

380 5042 565 5107 ribus
618 5038 808 5104 malis
860 5037 1229 5121 quaerenda
1282 5048 1442 5103 sunt
1480 5040 1698 5122 priore
1750 5039 1891 5104 loco
1935 5038 2250 5104 remedia:
2298 5063 2338 5105 a

381 5125 897 5210 protestantibus
969 5124 1359 5189 sumendum
1438 5124 1796 5190 exordium.
1894 5124 2338 5207 Compareant

383 5214 589 5297 igitur
634 5212 738 5277 vel
786 5209 868 5276 ad
913 5230 1176 5278 oausam
1221 5209 1596 5288 dicendam,
1656 5210 1763 5275 vel
1808 5212 1863 5275 si
1905 5212 1999 5276 ita
2041 5211 2336 5294 patribus

380 5299 603 5365 visum
644 5298 858 5376 fuerit,
906 5296 988 5363 ad
1033 5296 1429 5363 audiendam
1468 5295 1749 5361 indictae
1791 5318 2027 5363 causae
2070 5305 2337 5363 senten-

2430 745 2624 823 tibus,
2669 747 2801 810 imo
2848 746 2928 812 de
2972 747 3108 812 suis
3145 749 3384 813 animis
3431 749 3691 814 decerni
3726 748 3898 832 quod
3932 752 4148 816 visum
4189 753 4392 817 fuerit

2430 831 2857 910 consentiant.
2949 833 3154 915 Atqui
3211 855 3340 899 non
3399 843 3658 898 tantum
3723 836 4083 918 periculose
4133 838 4203 903 id
4258 840 4392 904 sint

2430 916 2666 980 facturi
2709 917 2780 980 in
2825 939 2897 981 re
2942 917 3141 985 dubia
3157 970 3172 997 ,
3229 920 3344 985 sed
3387 940 3537 984 cum
3582 930 3759 986 certa
3803 923 3905 986 sui
3951 923 4240 1005 pernicie
4285 946 4388 990 re-

2430 999 2743 1084 ligionem
2809 1004 2935 1068 insi
3032 1006 3054 1069 i
3121 1004 3394 1087 perfidia
3460 1006 3797 1089 prodituri.
3891 1006 4148 1089 Quibus
4212 1011 4391 1074 enim

2430 1094 2693 1151 tantum
2737 1087 2898 1152 iuris
2988 1090 3277 1155 eserent?
3326 1098 3499 1156 certe
3545 1093 3815 1157 minime
3859 1094 4211 1159 obscurum
4270 1104 4389 1175 est,

2431 1172 2666 1255 quibus
2702 1174 2815 1244 ,161
2858 1176 3239 1257 pecudibus,
3301 1178 3403 1241 vel
3451 1178 3691 1256 beluis,
3740 1179 4030 1244 maxima
4076 1203 4159 1245 ex
4204 1189 4391 1263 parte

2431 1259 2671 1324 chorus
2707 1259 2817 1323 ille
2842 1262 3310 1326 venerabilium
3334 1263 3784 1346 episcoporum
3811 1271 3876 1329 et
3901 1264 4211 1331 abbatum
4234 1288 4390 1333 con-

2432 1351 2579 1409 stet.
2667 1345 2871 1408 Pauci
2930 1346 3194 1428 quidem
3259 1348 3632 1415 liberalibus
3700 1351 4063 1432 disciplinis
4127 1354 4391 1436 egregie

2432 1439 2589 1496 sunt
2630 1431 2944 1508 instituti,
2994 1432 3108 1496 sed
3153 1453 3227 1496 eo
3273 1435 3526 1516 peiores
3570 1435 3741 1518 quod
3784 1436 4098 1518 quidquid
4144 1436 4392 1503 habent

2432 1517 2683 1600 ingenii
2721 1538 2796 1582 ac
2822 1514 3155 1582 'doctrinae
3190 1519 3259 1583 in
3301 1522 3615 1601 pessimos
3652 1543 3809 1587 usus
3846 1517 4201 1588 conferunt.
4281 1524 4391 1588 Ex

2434 1602 2581 1668 aliis
2625 1604 2754 1670 ‚vix
2811 1602 3139 1668 decimum
3180 1626 3502 1689 quemque
3552 1610 3866 1690 reperias,
3925 1610 4036 1690 qui
4090 1608 4199 1674 vel
4254 1631 4393 1674 me-

2433 1688 2640 1754 diocri
2698 1688 3036 1754 literarum
3098 1691 3470 1773 cognitione
3523 1692 3760 1758 leviter
3813 1694 4057 1759 tinctus
4114 1695 4217 1760 sit.
4305 1694 4391 1759 In

2430 1795 2590 1839 vera
2633 1773 2885 1839 Christi
2928 1775 3366 1859 intelligentia
3401 1785 3662 1860 totaque
3706 1779 4038 1863 religionis
4076 1779 4391 1846 adminis-

2432 1861 2712 1924 tratione
2766 1861 2880 1925 vix
2927 1862 3340 1940 centesimus,
3395 1863 3506 1945 qui
3554 1886 3686 1927 non
3748 1867 3833 1929 sit
3873 1867 4056 1930 asino
4102 1865 4392 1948 quolibet

2432 1945 2772 2029 stupidior.
2861 1947 3204 2012 Postremo
3259 1958 3332 2012 ut
3386 1948 3751 2014 doctrinam
3801 1949 3936 2014 illis
3992 1958 4058 2015 et
4099 1952 4390 2035 singula-

2431 2052 2575 2095 rem
2608 2031 2934 2115 regendae
2970 2032 3276 2097 ecclesiae
3312 2035 3613 2117 peritiam
3652 2035 4101 2115 concedamuS,
4138 2047 4391 2102 certum

2432 2128 2532 2182 est
2600 2126 2822 2182 tamen
2888 2117 3232 2183 obstinatis
3299 2129 3365 2184 et
3433 2122 3702 2186 auribus
3756 2130 3822 2185 et
3877 2122 4110 2187 animis
4164 2133 4393 2188 contra

2432 2202 2779 2269 Christum
2824 2205 3088 2285 eiusque
3127 2205 3475 2270 'veritatem
3521 2214 3827 2271 staturos.
3874 2206 4008 2272 Ubi
4053 2229 4211 2291 ergo
4248 2207 4382 2273 cla-

2430 2290 2523 2355 ris
2561 2288 2819 2354 iudiciis
2855 2289 3294 2373 providebunt
3330 2299 3786 2373 protestantes,
3811 2291 3917 2356 vel
3955 2294 4170 2375 potius
4205 2295 4392 2375 quasi

2434 2375 2655 2440 habito
2709 2374 3106 2459 praeiudicio
3165 2383 3468 2455 cernent,
3527 2399 3848 2442 summam
3897 2400 4038 2444 esse
4083 2378 4393 2462 postulati

2430 2470 2505 2526 ut
2556 2461 2628 2524 in
2672 2461 3005 2545 religionis
3064 2461 3480 2527 abolitionem
3533 2465 3978 2541 consentiant,
4039 2463 4274 2529 deinde
4318 2473 4393 2529 ut

2431 2569 2501 2613 66
2547 2568 2796 2629 suaque
2834 2545 3169 2612 latronum
3203 2546 3461 2612 libidini
3484 2550 3887 2631 permittant,
3915 2549 4072 2632 quid
4107 2551 4392 2616 facturos

2433 2632 2840 2698 iudicamus?
2933 2631 3068 2698 Sed
3110 2632 3632 2718 indulgentiores
3677 2641 3872 2698 erunt
3916 2636 4126 2704 sancti
4169 2643 4393 2718 patres

2433 2741 2629 2802 quam
2664 2726 2739 2783 ut
2784 2717 3077 2785 funditus
3119 2719 3408 2802 perditos
3451 2720 3661 2785 velint
3741 2727 4151 2785 rotestantes.
4225 2719 4394 2803 Quis

2435 2814 2652 2871 autem
2724 2806 2849 2868 erit
2904 2804 3195 2870 lenitatis
3252 2805 3528 2872 modus?
3599 2805 3682 2870 ad
3736 2806 3895 2870 ‘bita
3961 2805 4210 2870 seilicet
4273 2827 4392 2889 pa-

2431 2900 2620 2956 terna
2662 2891 3092 2974 castigatione
3137 2899 3212 2956 ut
3254 2904 3521 2975 propter
3563 2892 3940 2956 rebellionis
3968 2913 4043 2956 ac
4089 2890 4395 2956 defectio-

2435 2978 2534 3042 nis
2581 2976 2790 3044 scelus
2834 2975 3033 3059 tripla
3077 2976 3188 3042 vel
3240 2976 3608 3061 quadrupla
3662 2979 3732 3044 in
3777 2977 4025 3042 bellum
4069 2977 4394 3041 turcicum

2433 3064 2776 3129 collatione
2820 3064 3240 3129 mulctentur.
3329 3064 3476 3128 Rel'
3532 3065 3660 3129 ‘oni
3719 3085 3912 3147 porro
3973 3084 4170 3146 quam
4224 3064 4393 3128 bene

2433 3149 2854 3215 consuletur?
2945 3150 3036 3213 At
3089 3149 3273 3215 nefas
3330 3159 3430 3214 est
3458 3086 3549 3213 ᾗ,
3609 3149 3939 3235 mysteriis
3994 3170 4032 3212 a
4084 3147 4238 3214 sede
4286 3171 4391 3213 ro-

2431 3258 2632 3301 mana
2688 3234 3122 3318 comprobatis
3167 3236 3273 3300 vel
3334 3235 3665 3318 apiculum
3729 3257 3934 3300 unum
3993 3234 4388 3301 convellere:

2433 3330 2764 3405 prostrata
2789 3342 2946 3405 ergo
2982 3322 3051 3386 in
3097 3343 3171 3385 60
3206 3330 3384 3387 statu
3420 3322 3650 3400 iaceat,
3697 3344 3823 3404 quo
3861 3330 4014 3385 ante
4052 3341 4257 3386 annos
4293 3322 4392 3385 vi-

2434 3408 2605 3491 ginti
2648 3409 2934 3490 quinque
2971 3408 3109 3473 fuit.
3185 3410 3276 3472 At
3319 3408 3474 3491 quid
3512 3409 3953 3473 calamitosius
3989 3406 4131 3473 est?
4171 3428 4392 3472 nonne

2435 3497 2557 3572 [fol.
2585 3497 2691 3571 44]
2739 3495 3141 3576 praestiterit
3184 3494 3433 3559 centies
3476 3495 3691 3577 potius
3735 3493 4034 3579 iugulum
4076 3494 4392 3577 praebere

2431 3600 2631 3661 quam
2674 3579 2997 3662 evangelii
3042 3600 3310 3644 causam
3367 3580 3723 3646 deserendo
3782 3589 3848 3645 et
3890 3579 4238 3645 Christum
4281 3578 4395 3644 ab·

2431 3685 2674 3748 negare
2697 3664 2902 3729 vitam
2937 3672 3252 3743 nostram,
3279 3673 3346 3731 et
3377 3667 3519 3731 Deo
3555 3665 3985 3732 renunciare?
4059 3666 4238 3743 Esto,
4278 3664 4394 3730 sed

2434 3770 2895 3833 quamcunque
2950 3752 3021 3813 in
3080 3759 3337 3833 partem
3396 3774 3500 3816 res
3555 3752 3774 3830 cadat,
3834 3750 3939 3816 1116
3997 3758 4220 3814 tamen
4266 3752 4393 3814 erit

2434 3838 2585 3901 finis
2623 3834 2907 3901 concilii:
2955 3835 3011 3901 si
3057 3837 3486 3919 obsequentes
3531 3834 3726 3902 se'ad
3763 3838 3980 3900 omnia
4023 3843 4392 3917 protestan-

2434 3934 2533 3987 tes
2570 3920 3007 4005 praebuerint,
3056 3924 3503 3987 sanetissimus
3550 3932 3734 4005 pater
3780 3922 3998 3986 valere
4035 3921 4285 3985 iubebit
4319 3943 4395 3987 ac

2436 4007 2749 4092 plaudere
2768 4031 2782 4084 ;
2824 4009 2928 4071 sin
2966 4029 3123 4072 vero
3158 4010 3540 4085 restiterint,
3580 4007 3849 4073 classico
3888 4006 4233 4088 abrumpet
4268 4030 4399 4072 ses-

2439 4095 2707 4159 sionem.
2810 4093 3061 4158 Verum
3116 4116 3316 4176 quum
3380 4096 3598 4159 omnia
3655 4091 3927 4158 consilia
3982 4114 4065 4156 ex
4120 4092 4400 4158 foederis

2439 4180 2671 4245 robore
2707 4179 3054 4263 pendeant,
3095 4179 3336 4245 viderit
3377 4189 3453 4244 ut
3492 4201 3639 4244 eam
3675 4179 3756 4242 ad
3790 4199 3983 4260 quam
4022 4185 4208 4242 tanta
4243 4201 4396 4243 eon-

2440 4266 2732 4331 tentione
2779 4266 3049 4331 anhelat
3093 4266 3417 4332 actionem
3462 4272 3871 4347 assequatur.
3955 4261 4146 4344 Quod
4183 4265 4239 4329 si
4273 4263 4398 4330 hac

2437 4360 2628 4436 parte
2664 4351 3044 4431 obtinuerit,
3081 4373 3203 4417 nos
3239 4360 3460 4415 tamen
3495 4352 3734 4415 scimus
3770 4361 3837 4414 et
3875 4351 4015 4432 ipse
4051 4350 4400 4433 aliquando

2439 4439 2709 4504 sentiet:
2769 4439 3022 4504 nullum
3069 4438 3444 4514 consilium,
3503 4436 3758 4501 nullam
3806 4437 4135 4510 astutiam,
4181 4437 4399 4501 nullos

2439 4535 2730 4604 conatus,
2779 4524 2994 4589 nullas
3037 4526 3210 4589 vires
3254 4522 3569 4588 adversus
3613 4522 3975 4586 Dominum
4010 4522 4247 4600 valere,
4293 4523 4398 4587 cui

2440 4631 2560 4675 nos
2609 4610 2774 4675 bona
2811 4610 3210 4675 couscientia
3241 4608 3622 4674 militamus.
3695 4608 4001 4672 Intentus
4038 4609 4216 4671 enim
4250 4608 4397 4672 vul-

2441 4707 2546 4762 tus
2591 4696 2861 4761 Domini
2906 4718 3105 4779 super
3147 4717 3372 4760 omnes
3415 4696 3710 4778 iniquoS‚
3756 4702 3830 4758 ut
3875 4694 3955 4758 de
4000 4703 4177 4758 terra
4219 4695 4397 4759 exci-

2440 4783 2556 4849 dat
2597 4782 2981 4846 memoriam
3008 4803 3253 4860 sorum,
3299 4782 3440 4864 pios
3485 4802 3639 4847 vero
3684 4786 3751 4845 et
3792 4801 3862 4844 se
3906 4780 4213 4844 timentes
4255 4799 4401 4844 oas-

2439 4870 2560 4934 tris
2605 4868 2990 4952 angelorum
3038 4889 3310 4933 suorum
3345 4866 3737 4944 circumdat,
3787 4873 3863 4931 ut
3896 4866 4130 4947 eripiat
4166 4886 4277 4930 eos
4314 4886 4400 4930 ex

2440 4955 2620 5020 omni
2659 4955 2849 5019 malo.
2923 4954 3098 5019 Nam
3134 4952 3305 5037 quod
3342 4955 3752 5018 eversionem
3796 4952 4131 5035 religionis
4167 4972 4397 5034 opum-

2440 5062 2565 5125 que
2608 5040 3197 5106 ecclesiasticarum
3241 5039 3675 5123 direptionem
3727 5036 4246 5121 protestantibus
4290 5037 4400 5105 hic

2440 5125 2662 5192 obiicit
2706 5147 2827 5191 sua
2867 5127 3073 5209 ipsius
3119 5127 3410 5192 vanitate
3451 5123 3712 5191 abunde
3754 5123 4092 5190 refellitur.

2616 5296 2980 5364 Maio-states
3033 5319 3186 5363 suae
3241 5303 3295 5364 et
3347 5296 3578 5378 reliqui
3636 5295 4018 5450 Germargssqe
4071 5298 4404 5376 principes
