5100 6061
362 364 487 425 405

361 549 626 615 aliunde
659 570 856 632 quam
893 569 933 612 a
967 550 1109 613 Deo
1144 569 1274 612 uno
1310 546 1570 630 pendet,
1609 569 1804 631 quam
1843 549 2068 613 miseri
2103 555 2318 627 erunt,

363 636 734 720 quicunque
768 635 1013 700 talibus
1047 633 1201 699 fidei
1236 633 1625 698 rudimentis
1661 633 2084 698 imbuentur?
2144 635 2320 732 [gine

365 720 838 799 animadverto,
876 719 1201 798 Sadolete,
1237 720 1435 783 nimis
1456 720 1731 784 otiosam
1765 728 1833 783 te
1858 719 2100 784 habere
2136 721 2320 784 theo-

364 808 640 891 logiam:
712 806 920 889 qualis
988 814 1090 870 est
1139 806 1275 870 fere
1330 826 1559 870 eorum
1617 807 1911 870 omnium
1966 807 2076 888 qui
2135 806 2320 870 seriis

363 893 804 961 conscientiae
859 891 1323 956 certaminibus
1375 913 1712 973 nunquam
1767 891 2034 955 fuerunt
2075 893 2322 957 exerci-

364 980 506 1044 tati.
577 978 840 1060 Alioqui
877 978 1054 1042 enim
1091 977 1424 1041 hominem
1461 977 1895 1043 christianum
1929 977 2001 1041 in
2045 984 2182 1041 tam
2217 977 2319 1042 lu-

361 1064 571 1142 brico,
617 1065 749 1128 imo
801 1072 938 1128 tam
994 1063 1337 1146 praecipiti
1391 1063 1531 1127 loco
1587 1082 1923 1144 nunquam
1968 1063 2318 1128 constitue-

364 1171 492 1229 res,
514 1152 584 1214 in
608 1171 736 1231 quo
759 1150 877 1213 vix
900 1161 1308 1214 momentum
1341 1157 1559 1231 posset
1577 1148 1954 1225 consistere,
1980 1149 2033 1214 si
2057 1149 2317 1231 quando

360 1236 469 1301 vel
524 1236 873 1299 minimum
924 1234 1384 1316 impelleretur.
1449 1233 1559 1297 Da
1602 1233 1782 1310 mihi,
1831 1255 1961 1298 non
2008 1234 2150 1299 dico
2197 1233 2317 1299 ali-

358 1343 560 1405 quem
599 1319 679 1385 de
714 1320 933 1384 media
965 1319 1152 1402 plebe
1189 1318 1542 1397 indoctum,
1587 1318 1701 1384 scd
1743 1319 2169 1385 rudissimum
2205 1342 2316 1385 su-

359 1407 659 1473 bulcum:
707 1407 763 1471 si
803 1408 870 1469 in
910 1428 1107 1490 grege
1144 1405 1272 1468 Dei
1316 1415 1635 1482 censetur,
1679 1414 2128 1488 comparatum
2174 1426 2316 1470 esse

359 1491 446 1558 ad
504 1493 810 1556 militiam
853 1492 1036 1556 illam
1081 1492 1432 1573 oportebit,
1478 1512 1646 1572 quae
1690 1490 1818 1573 piis
1865 1492 2171 1556 omnibus
2217 1498 2317 1556 661

359 1601 400 1644 a
444 1580 592 1643 Deo
645 1577 962 1642 ordinata.
1049 1577 1260 1642 Adest
1313 1577 1642 1642 accinctus
1701 1576 1937 1654 hostis,
1994 1578 2312 1654 imminet,

356 1665 798 1748 congreditur,
837 1686 910 1728 66
958 1664 1162 1728 1106116
1205 1662 1464 1745 (1111(16111
1509 1663 2074 1740 instructissimus,
2112 1672 2179 1726 et
2213 1664 2315 1728 cui

354 1750 547 1815 nulla
608 1749 838 1813 mundi
915 1750 1124 1813 virtus
1184 1759 1283 1813 est
1336 1747 1894 1831 inexpugnabilis:
1945 1748 2179 1830 quibus
2234 1748 2318 1812 ad

355 1833 796 1901 resistendum
842 1835 949 1899 vel
985 1834 1325 1916 praesidiis
1360 1835 1709 1912 munietur,
1755 1833 1862 1898 vel
1908 1834 2056 1898 telis
2102 1854 2315 1899 arma-

358 1921 544 1987 bitur
585 1921 695 1985 ille
739 1922 969 1999 miser,
1014 1935 1088 1984 ut·
1130 1942 1263 1984 non
1306 1920 1529 1984 statim
1574 1919 2036 1984 absorbeatur?
2103 1920 2313 1984 Unico

351 2029 516 2073 sane
552 2006 769 2090 gladio
805 2005 1233 2089 pugnandum
1270 2003 1456 2071 docet
1488 2005 1755 2083 Paulus,
1801 2006 2003 2070 verbo
2046 2006 2317 2070 Domini

352 2093 631 2175 (Ephes.
674 2098 731 2170 6,
778 2093 902 2170 17).
972 2093 1152 2175 Ergo
1208 2092 1480 2155 inermis
1523 2090 1775 2155 diabolo
1821 2090 1903 2154 ad
1939 2112 2164 2155 necem
2202 2090 2313 2155 de-

353 2180 538 2244 ditur
582 2179 832 2255 anima,
875 2178 988 2242 ubi
1034 2176 1162 2241 Dei
1198 2177 1398 2241 verbo
1442 2176 1776 2258 spoliatur.
1847 2181 1962 2255 [fol.
2011 2182 2119 2255 37]
2166 2178 2313 2260 Age

349 2287 553 2341 nuuc,
602 2285 688 2328 an
726 2284 858 2327 non
896 2265 1021 2327 erit
1061 2264 1277 2345 prima
1318 2262 1478 2327 haec
1522 2262 1728 2327 hostis
1772 2262 2193 2340 machinatio,
2239 2270 2314 2327 ut

352 2350 656 2434 gladium
711 2348 963 2414 Christi
1016 2348 1211 2412 militi
1258 2347 1592 2413 excutiat?
1663 2345 1832 2427 Quis
1875 2369 2069 2430 porro
2114 2370 2310 2413 excu-

350 2434 561 2500 tiendi
599 2433 833 2500 modus
852 2486 865 2513 ,
903 2435 1031 2500 nisi
1068 2443 1142 2497 ut
1175 2432 1649 2498 dubitationem
1685 2432 1779 2498 illi
1818 2434 2084 2512 iniiciat,
2141 2436 2310 2498 sitne

347 2522 631 2586 verbum
683 2521 953 2586 Domini
1008 2541 1135 2602 quo
1190 2519 1523 2596 innititur,
1581 2541 1664 2583 an
1724 2519 2050 2583 hominis?
2131 2518 2309 2600 Quid

347 2609 595 2672 misero
642 2606 749 2671 hic
785 2605 1024 2671 facies?
1092 2604 1417 2670 Iubeasne
1455 2606 1997 2687 circumspectare
2040 2603 2309 2669 ubinam

347 2694 489 2759 sint
537 2693 663 2757 viri
720 2691 893 2757 docti
939 2693 1008 2756 in
1063 2713 1222 2775 quos
1286 2691 1642 2755 reclinatus
1706 2690 1994 2773 quietem
2047 2690 2304 2772 capiat?

346 2780 446 2845 At
501 2800 589 2842 ne
643 2778 971 2861 respirare
1028 2777 1294 2860 quidem
1350 2777 1565 2859 ipsum
1624 2777 1693 2840 in
1739 2777 1860 2841 hoc
1905 2777 2309 2860 subterfugio

347 2866 527 2931 sinet
583 2864 808 2929 hostis.
868 2863 1041 2927 Nam
1100 2865 1155 2927 si
1200 2863 1399 2928 semel
1444 2884 1519 2927 eo
1563 2862 1918 2944 impulerit,
1965 2870 2039 2927 ut
2075 2864 2146 2926 in
2191 2862 2307 2926 ho-

346 2951 569 3016 mines
592 2950 947 3027 incumbat,
974 2950 1235 3034 urgebit
1270 2970 1346 3014 ac
1380 2948 1690 3033 percellet
1723 2949 1930 3032 magis
1967 2970 2041 3014 ac
2076 2948 2306 3033 magis,

348 3037 561 3102 donec
618 3037 1042 3120 praecipitem
1098 3035 1366 3100 dederit.
1431 3037 1615 3119 Ergo
1672 3043 1787 3098 aut
1841 3057 1925 3099 ex
1977 3035 2149 3101 facili
2194 3056 2307 3117 op-

345 3123 711 3206 primetur,
770 3130 885 3186 aut
920 3122 1164 3187 relictis
1200 3121 1575 3186 hominibus
1610 3128 1789 3185 recta
1822 3122 1894 3184 in
1936 3120 2156 3185 Deum
2201 3141 2306 3185 re-

348 3210 602 3292 spiciet.
680 3209 786 3271 Ita
830 3229 988 3272 sane
1033 3229 1138 3271 res
1183 3207 1411 3284 habet,
1459 3206 1652 3271 fidem
1700 3206 2129 3272 christianam
2173 3228 2308 3271 non

347 3294 647 3359 humano
682 3294 1056 3358 testimonio
1091 3292 1453 3371 fundatam,
1491 3312 1627 3356 non
1665 3292 1972 3374 ambigua
2005 3293 2307 3375 opinione

347 3380 727 3458 suffultam,
785 3401 917 3443 non
964 3379 1306 3443 hominum
1365 3377 1717 3441 autoritate
1772 3379 2122 3443 subnixam
2166 3400 2307 3444 esse

344 3473 629 3549 oportet,
676 3464 791 3530 sed
837 3465 1043 3549 digito
1085 3465 1215 3528 Dei
1259 3464 1545 3528 viventis
1589 3462 1890 3528 cordibus
1928 3464 2168 3528 nostris
2203 3465 2306 3526 in-

345 3551 695 3633 sculptam,
745 3559 818 3615 ut
860 3551 1061 3616 nullis
1088 3571 1383 3614 errorum
1420 3549 1674 3613 offuciis
1719 3549 2049 3613 obliterari
2093 3557 2304 3631 queat.

344 3637 584 3719 Itaque
642 3636 809 3700 nihil
865 3637 1063 3701 habet
1110 3635 1400 3713 Christi,
1446 3636 1557 3718 qui
1603 3635 1764 3700 haec
1808 3635 2131 3699 elementa
2174 3656 2306 3699 non

347 3732 560 3788 tenet:
603 3724 821 3787 Deum
857 3744 1068 3786 unum
1103 3743 1263 3800 esse,
1295 3723 1407 3804 qui
1443 3729 1699 3786 mentes
1741 3729 1995 3807 nostras
2041 3720 2124 3785 ad
2157 3741 2306 3802 per-

347 3807 752 3893 spiciendam
779 3830 967 3873 suam
991 3809 1336 3873 veritatem
1359 3807 1710 3883 illuminat,
1736 3807 1845 3888 qui
1874 3805 2102 3872 eodem
2123 3805 2307 3870 illam

346 3895 587 3978 spiritu
616 3892 920 3959 cordibus
955 3893 1275 3976 obsignat,
1312 3893 1426 3974 qui
1461 3900 1641 3958 corta
1676 3893 1816 3956 eius
1852 3893 2308 3957 testificatione

345 3981 781 4046 conscientias
816 3982 1175 4047 confirmat.
1244 3979 1429 4044 Haec
1450 3979 1564 4043 illa
1600 3987 1700 4042 est
1730 3978 1927 4060 plena
1968 3979 2305 4060 firmaque,

347 4076 428 4130 ut
476 4068 572 4130 ita
607 4065 867 4148 loquar,
906 4065 1230 4130 certitudo
1267 4064 1454 4130 nobis
1491 4087 1530 4129 a
1565 4063 1774 4129 Paulo
1823 4064 2303 4129 commendata:

346 4173 539 4235 quae,
577 4160 653 4215 ut
675 4152 932 4216 nullum
974 4151 1364 4215 dubitationi
1394 4151 1604 4216 locum
1635 4149 1959 4232 relinquit,
1987 4150 2035 4234 ¹)
2059 4150 2154 4213 ita
2178 4171 2308 4213 non

347 4236 545 4302 modo
577 4239 752 4301 inter
774 4237 1116 4301 hominum
1141 4236 1547 4302 defensiones
1583 4257 1715 4299 non
1741 4234 2004 4301 vacillat
2024 4244 2138 4299 aut
2159 4235 2312 4299 hae—

346 4323 527 4402 sitat,
576 4323 711 4387 utri
744 4324 961 4407 potius
996 4323 1351 4388 adhaereat
1385 4324 1577 4406 parti,
1613 4320 1727 4386 sed
1750 4342 1944 4403 quae,
1982 4329 2120 4389 toto
2156 4321 2309 4386 orbe

350 4409 781 4487 adversante,
830 4417 1126 4474 constare
1181 4410 1304 4474 sibi
1348 4430 1480 4473 non
1527 4408 1783 4473 desinit.
1820 4405 1998 4473 Hinc
2038 4428 2116 4471 ea
2150 4427 2310 4489 quo-

351 4515 483 4577 que
520 4496 829 4572 nascitur,
871 4516 1067 4577 quam
1114 4495 1419 4560 ecclesiae
1460 4493 1832 4570 tribuimus,
1879 4501 1945 4558 et
1987 4491 2307 4557 illibatam

350 4581 661 4647 volumus
710 4582 978 4658 servari,
1016 4580 1351 4646 iudicandi
1387 4580 1679 4646 facultas.
1739 4579 2092 4661 Utcunque
2133 4580 2307 4644 enim

350 4666 801 4732 tumultuetur
820 4666 1107 4731 mundus
1138 4667 1645 4750 opinionumque
1680 4665 2003 4729 varietate
2026 4674 2311 4748 perstre-

349 4761 497 4836 pat,
554 4773 896 4835 nunquam
951 4762 1168 4817 tamen
1225 4754 1318 4817 sic
1370 4752 1747 4817 destituitur
1798 4749 2008 4814 fidelis
2069 4751 2306 4827 anima,

351 4838 514 4921 quin
571 4846 826 4904 rectum
870 4837 952 4902 ad
1003 4838 1283 4903 salutem
1327 4859 1594 4903 cursum
1637 4843 1874 4901 teneat.
1937 4836 2167 4919 Neque
2211 4844 2310 4899 tae

353 4944 509 4989 men
548 4932 665 4990 aut
699 4946 845 4989 eam
880 4923 1032 4988 fidei
1068 4924 1535 5006 perspicaciam
1572 4923 1841 5001 somni0,
1880 4942 2046 5004 quae
2074 4921 2147 4984 in
2170 4922 2311 4986 veri

351 5009 631 5093 falsique
684 5009 1058 5075 discrimine
1097 5030 1423 5092 nusquam
1467 4998 1741 5087 aberret,
1787 5027 2111 5091 nusquam
2167 5007 2311 5071 hal-

497 5283 556 5346 1)
598 5282 706 5337 Ed.
737 5285 1024 5352 princeps.-
1060 5282 1292 5351 reliquit.

1741 360 1868 425 AD
1915 358 2390 425 SADOLETI
2430 361 2991 430 EPISTOLAM.

4254 376 4385 439 406

2423 549 2787 632 lucinetur;
2832 559 2948 616 aut
2991 571 3138 617 eam
3182 553 3425 638 affingo
3468 555 3968 636 contumaciam,
4018 579 4187 640 quae
4228 562 4383 626 uni-

2423 656 2691 701 versum
2728 638 3073 703 hominum
3108 658 3316 722 genus
3355 640 3537 704 velut
3571 662 3655 705 ex
3690 641 3820 705 alto
3857 641 4189 726 despiciat,
4228 648 4381 711 nul-

2424 720 2549 786 lius
2604 721 2921 788 iudicium
2978 732 3288 803 moretur,
3351 724 3674 791 delectum
3729 727 3906 793 inter
3948 729 4245 795 indoctos
4302 755 4379 798 ac

2424 805 2715 873 eruditos
2758 809 3017 873 nullum
3062 809 3328 875 habeat:
3377 812 3538 893 quin
3582 814 3796 894 potius
3843 815 4068 892 fateor,
4116 817 4257 898 pias
4302 839 4379 883 ac

2423 912 2579 956 vere
2612 893 2951 977 religiosas
2983 903 3239 961 mentes
3276 917 3407 961 non
3441 899 3661 961 omnia
3692 899 3822 964 Dei
3855 902 4173 983 mysteria
4206 925 4377 969 sem·

2423 997 2541 1058 per
2584 981 2858 1061 assequi,
2905 981 3240 1046 interdum
3266 982 3481 1046 ,etiam
3524 983 3593 1046 in
3639 985 3832 1049 rebus
3869 985 4378 1054 evidentissimis

2424 1063 2772 1142 caecutire,
2831 1067 2925 1129 ita
2982 1066 3230 1132 scilicet
3281 1065 3571 1133 Domino
3629 1070 4044 1152 providente,
4105 1095 4232 1156 quo
4292 1074 4378 1140 ad

2422 1147 2928 1215 submissionem
2950 1150 3465 1236 modestiamque
3490 1157 3859 1220 assuefiant.
3907 1158 4207 1223 Rursum
4228 1166 4377 1224 tan-

2422 1243 2560 1298 tam
2601 1256 2743 1300 essc
2786 1237 2992 1300 fateor
3036 1237 3213 1319 apud
3256 1259 3366 1303 eas
3412 1239 3725 1304 bonorum
3770 1242 4083 1322 omnium,
4130 1245 4377 1310 nedum

2420 1320 2747 1398 ecclesiae,
2795 1323 3265 1400 reverentiam,
3312 1331 3388 1388 ut
3429 1347 3561 1390 non
3604 1326 3792 1392 facile
3838 1328 3919 1392 ab
3964 1328 4098 1393 ullo
4144 1351 4213 1394 se
4257 1330 4375 1395 ho-

2421 1407 2598 1470 mine
2643 1406 2959 1472 dimoveri
3004 1409 3249 1487 sinant,
3307 1410 3379 1473 in
3423 1432 3549 1492 quo
3596 1420 3841 1477 rectam
3881 1412 4134 1478 Christi
4176 1416 4376 1480 intel-

2419 1490 2761 1575 ligentiam
2818 1493 3395 1576 deprehenderint:
3456 1504 3528 1560 ut
3579 1519 4056 1581 nonnunquam
4099 1521 4375 1585 suspen-

2422 1576 2576 1641 dere
2620 1577 2930 1648 iudicium
2975 1579 3231 1657 malint,
3280 1601 3479 1663 quam
3516 1582 3597 1646 ad
3635 1582 4105 1650 dissensionem
4139 1587 4376 1652 leviter

2420 1662 2737 1744 prosilire.
2785 1666 3073 1728 Tantum
3097 1665 3441 1743 contende,
3476 1669 3859 1751 quantisper
3879 1671 4148 1735 Domini
4175 1672 4375 1737 verbo

2418 1749 2766 1828 insistunt,
2835 1772 3173 1833 nunquam
3229 1751 3322 1815 ita
3379 1752 3816 1834 deprehensas
3873 1758 4114 1834 teneri,
4170 1765 4247 1821 ut
4300 1759 4374 1822 111

2420 1835 2695 1899 exitium
2719 1835 3141 1901 abducantur.
3189 1837 3396 1902 Verbi
3433 1851 3652 1902 autem
3689 1839 3893 1922 ipsius
3929 1851 4175 1906 certam
4212 1843 4374 1908 adeo

2420 1941 2495 1984 ac
2537 1922 2952 2003 perspicuam
3004 1923 3085 1986 iis
3142 1943 3283 1987 esse
3328 1925 3703 2002 veritatem,
3758 1933 3833 1989 ut
3877 1948 4085 2009 neque
4128 1929 4207 1993 ab
4254 1930 4373 1994 ho-

2418 2005 2739 2084 minibus,
2797 2027 3010 2089 neque
3054 2008 3135 2072 ab
3181 2008 3434 2092 angelis
3487 2010 3866 2076 labefactari
3907 2020 4116 2094 queat.
4206 2015 4373 2079 Pro-

2416 2091 2571 2155 inde
2612 2093 2888 2157 facessat
2941 2094 3286 2176 nugatoria
3339 2095 3484 2173 illa,
3543 2101 3660 2173 [fol.
3702 2101 3809 2176 38]
3857 2119 4053 2180 quam
4096 2099 4373 2166 rudibus

2417 2185 2485 2241 et
2527 2176 2855 2241 illiteratis
2897 2178 3248 2243 convenire
3294 2179 3487 2259 dicis,
3535 2182 3949 2264 simplicitas,
4006 2183 4088 2247 ad
4130 2184 4371 2249 doctio-

2415 2284 2521 2327 res
2563 2273 2949 2345 respectare,
2994 2271 3059 2328 ct
3104 2263 3187 2327 ad
3232 2286 3458 2329 eorum
3494 2275 3734 2330 nutum
3768 2268 4099 2333 inclinare.
4167 2271 4371 2335 Prae-

2417 2357 2716 2431 terquam
2772 2350 2949 2413 enim
3006 2349 3179 2431 quod
3230 2349 3383 2414 fidei
3450 2372 3690 2415 nomen
3748 2375 3879 2417 non
3944 2362 4238 2420 meretur
4289 2355 4372 2420 de

2414 2434 2731 2517 religione
2753 2437 3087 2517 persuasio
3110 2436 3592 2518 quantumlibet
3624 2439 3969 2517 obstinata,
4007 2461 4171 2522 quae
4195 2440 4372 2520 alibi,

2415 2541 2614 2602 quam
2657 2522 2728 2584 in
2762 2521 2927 2598 Deo,
2974 2523 3342 2604 acquiescit,
3385 2525 3531 2604 quis
3573 2522 3770 2587 fidem
3816 2525 4117 2607 appellet,
4163 2526 4371 2592 ambi-

2415 2626 2614 2689 guam
2651 2606 2869 2671 nescio
2906 2628 3105 2688 quam
3140 2609 3535 2691 opinionem,
3572 2629 3735 2689 quae
3773 2631 3903 2672 non
3942 2618 4205 2675 tantum
4228 2611 4370 2676 dia-

2412 2689 2542 2755 boli
2573 2692 2824 2756 artibus
2859 2692 3047 2757 facile
3082 2701 3567 2775 extorqueatur,
3606 2692 3721 2759 sed
3758 2702 4007 2777 sponte,
4045 2717 4166 2777 pro
4201 2704 4369 2762 tem·

2411 2798 2648 2858 porum
2690 2777 3133 2857 inclinatione,
3172 2779 3571 2844 fluctuetur?
3618 2781 3803 2845 cuius
3846 2782 3963 2844 vix
4009 2781 4176 2846 alius
4220 2804 4370 2864 spe-

2411 2863 2543 2926 rari
2588 2864 2738 2928 finis
2779 2871 3013 2945 potest,
3060 2885 3257 2945 quam
3303 2873 3378 2928 ut
3419 2864 3689 2930 tandem
3732 2866 4117 2931 evanescat?

2587 2948 2780 3029 Quod
2822 2971 2956 3014 non
3002 2950 3128 3014 6110
3173 2971 3291 3015 1106
3336 2960 3664 3033 spectasse
3719 2952 4073 3030 cavillaris,
4134 2958 4367 3037 tyran-

2412 3036 2636 3099 nicum
2679 3035 2802 3101 hoc
2846 3037 3077 3119 iugum
3133 3036 3553 3116 excutiendo,
3612 3058 3809 3120 quam
3867 3046 3939 3102 ut
3993 3058 4114 3104 nos
4158 3039 4228 3103 in
4273 3041 4367 3103 ef-

2410 3122 2664 3185 frenem
2706 3122 3040 3187 licentiam
3084 3123 3514 3200 solveremus,
3562 3124 3814 3190 abiecta
3856 3125 4073 3202 etiam,
4119 3125 4175 3188 si
4220 3122 4367 3190 Deo

2409 3207 2650 3289 placet,
2697 3208 2957 3272 futurae
3000 3210 3178 3274 vitae
3223 3209 3641 3293 cogitatione,
3700 3210 4018 3275 iudicium
4062 3231 4144 3274 ex
4190 3231 4365 3275 com-

2410 3294 2751 3374 paratione
2795 3295 2970 3358 vitae
3015 3301 3276 3359 nostrae
3320 3316 3470 3360 cum
3507 3304 3730 3360 vestra
3771 3297 4039 3360 feratur.
4129 3296 4366 3360 Multis

2411 3377 2674 3460 quidem
2720 3380 2900 3444 vitiis
2930 3380 2978 3461 ¹)
3027 3378 3451 3459 abundamus,
3500 3381 3781 3446 labimur
3823 3382 4021 3446 nimis
4057 3403 4252 3464 saepe
4288 3403 4365 3446 ac

2413 3462 2870 3545 delinquimus.
2963 3463 3098 3530 Sed
3142 3466 3462 3548 impedior
3506 3466 3934 3546 verecundia,
3980 3489 4095 3544 ne,
4151 3466 4365 3550 quoad

2410 3569 2530 3632 per
2569 3550 2913 3614 veritatem
2959 3550 3127 3630 licet,
3173 3552 3438 3635 gloriari
3482 3554 3710 3632 ausim,
3756 3562 4003 3635 quanto
4039 3574 4155 3618 vos
4184 3553 4369 3617 omni

2412 3655 2496 3699 ex
2539 3644 2728 3716 parte
2771 3636 3265 3701 antecellamus:
3324 3638 3453 3701 nisi
3508 3639 3676 3703 forte
3721 3640 4005 3703 Romam
4062 3640 4366 3721 excipere

2410 3720 2577 3785 velis
2632 3721 3046 3802 praeclarum
3100 3721 3263 3786 illud
3320 3724 3692 3788 sanctitatis
3747 3725 4136 3791 sacrarium:
4196 3745 4365 3806 quac

2411 3806 2624 3888 ruptis
2668 3813 2882 3870 rectae
2928 3806 3308 3890 disciplinae
3352 3811 3713 3892 repagulis,
3770 3810 4143 3893 proculcata
4184 3810 4365 3873 omni

2412 3892 2783 3969 honestate,
2831 3893 2923 3956 sic
2966 3892 3036 3956 in
3081 3894 3302 3958 omnia
3342 3895 3742 3978 flagitiorum
3786 3917 4028 3978 genera
4071 3894 4365 3959 exunda-

2411 3979 2537 4056 vit,
2585 3988 2661 4041 ut
2703 3977 2820 4042 vix
2865 3999 3149 4060 unquam
3192 3979 3323 4044 tale
3366 3979 3696 4045 foeditatis
3740 3981 4118 4062 exemplum
4161 3982 4364 4044 exsti-

2412 4064 2585 4128 terit.
2651 4062 2789 4128 Nos
2834 4063 3081 4128 scilicet
3114 4066 3453 4147 oportebat
3488 4074 3585 4129 tot
3622 4065 4103 4130 discriminibus
4139 4088 4214 4131 ac
4252 4089 4365 4149 pe-

2411 4148 2638 4214 riculis
2681 4149 2897 4232 capita
2939 4157 3165 4214 nostra
3223 4151 3527 4228 obiicere,
3589 4172 3673 4215 ne
3731 4152 3872 4216 eius
3927 4152 4226 4234 exemplo
4282 4152 4367 4215 ad

2413 4236 2811 4300 severiorem
2875 4236 3344 4301 continentiam
3410 4236 3988 4320 adstringeremur.
4087 4240 4180 4301 At
4243 4258 4368 4301 nos

2413 4321 2685 4385 minime
2729 4321 3104 4405 refugimus,
3150 4323 3306 4403 quin
3341 4321 3700 4404 disciplina,
3747 4344 3913 4404 quae
3950 4324 4224 4389 vetustis
4260 4342 4367 4388 ca-

2415 4407 2694 4472 nonibus
2739 4408 2989 4473 sancita
3030 4408 3155 4471 fuit
3196 4407 3410 4472 locum
3454 4408 3646 4473 hodie
3692 4408 3960 4489 habeat,
4018 4409 4370 4492 diligenter

2416 4514 2491 4558 ac
2534 4491 2708 4558 bona
2748 4493 2877 4557 fide
2923 4493 3353 4558 custodiatur:
3373 4495 3552 4576 “quin
3593 4497 3810 4577 potius
3855 4516 4111 4577 semper
4147 4496 4369 4559 testati

2417 4600 2663 4657 sumus,
2701 4587 2778 4642 ut
2802 4578 3072 4644 ecclesia
3090 4579 3185 4643 ita
3205 4580 3445 4644 misere
3466 4581 3917 4659 collaberetur,
3951 4603 4081 4645 non
4104 4579 4368 4644 aliunde

2414 4665 2627 4748 magis
2683 4664 2928 4729 factum
2988 4685 3158 4743 esse,
3220 4666 3347 4730 nisi
3407 4667 3561 4748 quia
3615 4667 3781 4731 luxu
3840 4673 3906 4731 et
3959 4665 4370 4749 indulgentia

2416 4758 2727 4815 enervata
2769 4750 2909 4813 fuit.
3001 4749 3371 4833 Disciplina
3414 4753 3620 4831 enim,
3677 4775 3812 4817 non
3866 4773 4052 4817 secus
4097 4773 4171 4817 ac
4216 4772 4368 4816 ner-

2415 4835 2537 4915 vis,
2584 4857 2815 4919 corpus
2859 4836 3185 4916 ecclesiae,
3231 4844 3308 4901 ut
3350 4838 3517 4903 bene
3562 4838 3922 4917 cohaereat,
3970 4858 4234 4903 necesse
4270 4844 4371 4901 est

2557 5142 2615 5204 1)
2655 5142 2730 5195 In
2765 5142 3001 5198 editione
3040 5144 3286 5201 Gallasii
3315 5147 3506 5201 vitiose
3552 5145 3836 5199 scr-bitur.-
3883 5150 3948 5199 ut
3981 5145 4045 5199 iis
4119 5144 4267 5214 quod
4309 5145 4373 5199 in

2416 5211 2764 5281 sequentibus
2803 5210 2953 5266 1576.
2989 5213 3139 5268 1597.
3177 5213 3312 5268 1611
3348 5220 3637 5282 servatum,
3674 5214 3745 5268 ab
3781 5187 4377 5269 Amstelodammubus

2416 5295 2544 5335 vero
2579 5287 2946 5349 expurgatum
2981 5289 3075 5339 eet.

3845 5367 3948 5422 26*
