5100 6061
737 414 826 480 99
1470 411 1477 416 ’
2377 408 2505 474 DE
2552 406 3098 474 CLEMENTIA
4632 414 4747 473 100

2804 595 2874 661 E
2911 597 3220 661 contrario
3273 597 3334 659 is
3376 597 3480 661 cui
3520 616 3705 662 curae
3748 603 3895 661 sunt
3936 598 4232 662 universa
4248 647 4263 675 ,
4308 599 4419 678 qui
4460 618 4582 661 non
4618 597 4749 662 alia

2802 683 3026 765 mayiS,
3072 681 3208 746 alia
3250 683 3465 747 minus
3505 687 3726 761 tuetur,
3761 683 4003 748 nullam
4035 704 4159 748 non
4191 681 4565 764 reipublicae
4593 704 4750 763 par-

932 772 1053 839 Ubi
1098 773 1429 853 quiescenti
1508 771 1759 838 Sensus
1804 777 1922 845 est,
1971 778 2295 853 tyrannus
2329 791 2463 834 non
2506 769 2700 834 modo
2803 773 2919 832 tem
2963 773 3260 846 tanquam
3301 768 3406 831 sui
3449 769 3673 845 ntdrit,
3734 769 4071 833 inclinatus
4091 769 4199 849 ,acl
4239 770 4519 847 mitiora,
4563 770 4748 834 etiam

745 859 826 924 de
878 859 960 923 iis
1017 860 1220 923 sumit
1276 879 1441 940 supp
1473 858 1696 935 cium,
1754 858 1867 938 qui
1922 857 1991 919 in
2039 875 2265 919 neceni
2314 877 2502 921 suam
2549 877 2701 920 con-
2804 855 2862 917 si
2905 875 2981 916 ez·
3024 875 3143 916 usu
3191 859 3279 917 est
3330 854 3848 919 animadvertere:
3907 855 4223 919 ostendens
4273 876 4466 934 quam
4520 855 4752 919 invitus

743 945 1089 1028 spirarint:
1135 943 1251 1009 sed
1295 946 1492 1009 etiam
1537 951 1943 1008 accusatores
1981 942 2326 1019 submittit,
2372 943 2486 1023 qui
2529 943 2700 1006 fictis
2749 946 2755 1057 Ι
2807 958 3027 1020 aspero
3071 941 3336 1003 remed-io
3378 959 3609 1004 manus
3651 941 3986 1006 admoveat.
4049 941 4132 1004 In
4174 942 4357 1004 cuius
4400 942 4611 1006 animo
4655 943 4747 1004 ni-

741 1031 1125 1095 criminibus
1167 1030 1539 1112 opprimant
1582 1029 1979 1093 innocentes.
2070 1027 2230 1093 Sive
2274 1028 2481 1111 igitur
2514 1049 2699 1110 mag·
2753 1086 2754 1091 ,
2804 1024 2895 1088 hil
2937 1024 3168 1102 hostile,
3211 1025 3373 1088 nihil
3416 1026 3671 1106 efferum
3703 1030 3806 1089 est.
3878 1027 3998 1107 Qui
4021 1028 4364 1106 potentiam
4396 1047 4582 1091 suam
4603 1027 4746 1107 pla-

743 1138 909 1182 num
953 1116 1197 1198 aliquid
1240 1115 1511 1198 cogites,
1559 1116 1697 1179 sive
1743 1116 2068 1196 quiescas,
2112 1114 2399 1178 versaris
2444 1134 2702 1195 semper
2751 1114 2754 1149 ⁴
2804 1111 2936 1174 cide
2978 1131 3051 1173 ac
3094 1111 3457 1193 salutariter
3500 1117 3754 1188 exercet,
3803 1111 4149 1193 approbare
4192 1113 4464 1195 imperia
4506 1134 4626 1178 sua
4667 1114 4746 1178 ci-

743 1204 815 1266 in
874 1202 1095 1267 eodem
1158 1198 1389 1283 capitis
1444 1200 1836 1265 discrimine.
1941 1198 2166 1265 Satius
2215 1208 2314 1263 est
2377 1205 2598 1263 autem
2663 1222 2702 1261 a
2805 1195 2984 1259 vibus
3027 1197 3298 1276 cupiens.
3386 1196 3577 1262 Felix
3633 1198 3871 1262 abunde
3915 1199 4038 1262 sibi
4079 1200 4285 1277 visus,
4329 1199 4391 1263 si
4427 1199 4747 1279 fortunam

743 1310 900 1353 vero
956 1295 1361 1362 accusatore,
1417 1306 1613 1368 quam
1658 1308 1698 1350 a
1743 1286 2216 1351 calumniatore
2260 1285 2437 1349 trahi
2486 1286 2557 1349 in
2602 1286 2700 1347 iu·-
2805 1303 2987 1346 suam
3031 1283 3477 1363 publicaverit5
3528 1304 3801 1348 sermone
3852 1284 4132 1365 affabilis
4185 1304 4549 1365 accessuque
4595 1285 4748 1366 faci-

742 1373 1002 1439 dicium.
1606 1386 1615 1395 ·
2806 1368 2903 1445 lis,
2949 1368 3124 1431 vultu
3142 1419 3156 1446 ,
3212 1370 3324 1449 qui
3377 1370 3651 1433 masc-ime
3680 1369 3947 1450 populos
3999 1370 4369 1449 demeretur,
4425 1370 4746 1449 amabilis5

915 1459 1154 1524 Aliena
1207 1459 1428 1522 anima
1477 1454 1680 1543 abuti]
1753 1454 2136 1521 Secundum
2187 1478 2331 1522 eam
2389 1455 2699 1521 differen-
2805 1454 3024 1535 aequis
3078 1454 3414 1519 desideriis
3457 1475 3841 1536 propensus,
3898 1461 3956 1518 et
4011 1457 4250 1537 iniquis
4303 1456 4585 1522 acerbus:
4638 1458 4744 1537 qui

742 1545 923 1622 tiam,
969 1565 1165 1628 quam
1199 1544 1504 1608 Donatus
1531 1543 1905 1608 observavit
1938 1543 2003 1606 iu
2038 1542 2455 1607 Phormione.
2517 1544 2700 1607 Abu·
2751 1506 2756 1601 l
2806 1561 2847 1603 a
2883 1545 3008 1603 tota
3051 1541 3295 1605 civitate
3337 1545 3607 1617 amatur,
3650 1542 4017 1622 defenditur,
4062 1543 4299 1606 colitur.
4387 1542 4632 1607 Eadem
4673 1543 4746 1608 de

740 1632 961 1709 timur,
1007 1632 1117 1705 ait,
1164 1651 1315 1695 cum
1357 1628 1602 1693 iniuria
1647 1637 1713 1693 et
1750 1628 2166 1694 contumelia.
2259 1627 2701 1707 Quemadmo-
2805 1626 2911 1689 illo
2975 1625 3252 1690 homines
3303 1631 3525 1690 secreto
3579 1627 3942 1707 loquuntur,
3988 1648 4148 1708 quae
4178 1628 4418 1709 palam.
4514 1628 4744 1693 Tollere

743 1716 902 1781 dum
961 1716 1159 1780 etiam
1218 1716 1466 1798 aceepit
1527 1714 1797 1780 Curtius
1853 1715 1960 1779 lib.
2008 1714 2234 1778 VIII:
2305 1715 2491 1779 Haec
2545 1735 2700 1796 ergo
2801 1711 2970 1791 filios
3008 1713 3286 1793 cupiunt,
3330 1718 3385 1776 et
3417 1712 3693 1793 publicis
3725 1713 3917 1777 malis
3949 1714 4252 1778 sterilitas
4285 1714 4526 1778 indicta
4557 1714 4745 1779 reclu-

741 1810 899 1868 sunt
952 1794 1396 1867 Macedonum
1449 1801 1767 1882 praemia,
1825 1821 2102 1882 quorum
2158 1813 2232 1865 ut
2296 1820 2700 1881 supervacuo
2802 1798 2991 1861 ditur.
3049 1796 3226 1862 Bene
3268 1816 3333 1861 se
3376 1800 3746 1862 meriturum
3786 1799 3861 1863 de
3904 1798 4117 1863 liberis
4158 1801 4297 1864 suis
4337 1801 4595 1882 quisque
4627 1820 4744 1864 uon
4823 1832 4826 1835 ·

739 1895 809 1954 et
853 1887 1172 1954 vilissimo
1213 1887 1505 1950 abuteris
1550 1887 1889 1969 sanguine.
2156 1934 2161 1941 .
2804 1882 3059 1961 dubitat,
3104 1883 3330 1964 quibus
3370 1884 3494 1949 tale
3532 1885 3845 1948 saeculum
3888 1886 4230 1949 ostenderit.
4288 1884 4417 1949 Hic
4445 1887 4745 1967 princeps

795 2010 853 2123 ἵ)
916 1973 1182 2038 Placido
1236 1971 1692 2054 tranquilloque
1732 1971 1893 2058 reyi]
1951 1972 2289 2036 Hactenus
2346 1993 2698 2054 argumen-
2749 1974 2754 2057 l
2803 1990 2917 2034 suo
2960 1969 3242 2048 benet-icio
3285 1975 3485 2049 tutus,
3529 1970 3692 2035 nihil
3732 1971 4087 2053 praesidiis
4127 1977 4281 2054 eyet:
4336 1993 4520 2035 arma
4562 1992 4742 2036 oma-

740 2068 810 2123 ta
856 2082 895 2124 a

898 2069 1005 2123 tur
1048 2058 1118 2121 in
1166 2057 1343 2121 hunc
1385 2057 1685 2122 modum:
1733 2058 1932 2122 etiam
1978 2059 2032 2122 si
2070 2066 2398 2139 tyrannus
2434 2056 2698 2139 aliquod
2749 2080 2754 2161 ἰ
2803 2056 2988 2119 menti
3032 2076 3227 2119 causa
3269 2056 3460 2120 habet.

740 602 870 686 rigi
912 608 1205 684 possunt.
1269 600 1472 665 Hunc
1513 599 1795 684 improbi
1840 608 1907 665 et
1941 598 2284 673 facinorosi
2320 597 2693 678 formidant,

739 687 900 755 boni
943 698 1171 751 amant
1212 696 1282 750 et
1323 697 1727 752 reverentur.

648 2220 651 2223 Α
738 2144 1146 2229 praesidium
1191 2142 1433 2208 habeat
1475 2144 1545 2208 in
1589 2142 1978 2209 satellitibus
2023 2145 2312 2220 armatiS,
2362 2164 2493 2207 non
2538 2143 2698 2206 satis

738 2233 1008 2295 firmum
1069 2250 1210 2294 esse
1266 2239 1331 2294 et
1374 2229 1665 2294 validum
1686 2280 1700 2304 ,
1761 2238 1986 2293 tamen
2030 2227 2202 2311 quod
2249 2229 2395 2293 odio
2439 2228 2698 2310 publico

739 2318 1137 2380 vinceretur.
1240 2315 1437 2379 Nunc
1497 2317 1716 2398 arguit
1768 2313 2030 2379 nullum
2074 2316 2269 2379 etiam
2316 2316 2384 2378 in
2430 2315 2511 2378 iis
2557 2335 2698 2379 esse

739 2400 1163 2485 praesidium,
1209 2422 1448 2483 nempe
1492 2402 1603 2482 qui
1648 2399 1941 2466 custodia
1983 2401 2125 2465 eius
2168 2408 2545 2484 graventur.

921 2484 1448 2573 Sanquinarium]
1507 2486 1587 2551 Id
1646 2496 1749 2550 est
1801 2485 2163 2563 crudelem,
2232 2496 2299 2550 et
2361 2485 2700 2569 sanguinis

739 2574 1178 2656 appetentem.
1282 2572 1705 2655 Tranquillus
1780 2572 1850 2636 in
1906 2570 2213 2637 Claudio:
2279 2570 2571 2637 Saevum
2635 2579 2702 2635 et

738 2658 1238 2741 sanguinarium
1284 2668 1524 2723 natura
1557 2660 1775 2735 fuisse,
1821 2658 2082 2741 magnis
2120 2658 2539 2739 minimisque
2583 2678 2697 2739 ap·
2748 2680 2752 2723 ι

739 2745 962 2827 paruit
1003 2745 1216 2810 rebus.
1306 2744 1568 2810 Plinius
1610 2745 1820 2826 Epist.
1868 2743 2022 2807 IV.:
2078 2744 2182 2808 De
2230 2743 2439 2823 huius,
2467 2744 2697 2825 nequi-

739 2830 836 2895 tia
886 2831 1456 2913 sanguinariisque
1512 2830 1858 2895 sententiis
1924 2829 1994 2893 in
2061 2850 2405 2894 commune
2472 2851 2699 2893 omnes

741 2937 944 2997 super
986 2937 1255 2981 coenam
1311 2916 1758 2998 loquebantur.
1860 2914 1973 2981 Sic
2015 2916 2275 2980 Plinius
2328 2916 2538 2979 maior
2583 2935 2698 2978 vo-

740 3011 848 3067 cat
890 3001 1392 3086 sanguinarium
1428 3002 1768 3085 Tarquinii
1802 3022 2208 3085 responsum,
2256 3008 2322 3066 et
2361 2999 2535 3066 idem
2577 2999 2697 3066 Se-

739 3108 902 3153 neca
944 3088 1108 3153 libro
1145 3089 1271 3152 111.
1320 3089 1400 3152 de
1446 3089 1574 3160 Ira,
1620 3089 1827 3153 feram
1865 3088 2375 3178 sanguinariam.
2443 3087 2697 3152 Eadem

739 3175 950 3239 forma.
993 3175 1269 3240 Graecis
1306 3175 1629 3252 αἱματόεις,
1672 3180 1775 3236 καὶ
1817 3173 2178 3255 αἱματώδης,
2221 3180 2323 3235 καὶ
2359 3173 2697 3255 αἱματηρός.
2747 3177 2753 3274 Ι

735 3260 872 3325 Pro
920 3262 1155 3343 quibus
1200 3259 1575 3325 nominibus
1610 3260 1983 3325 Politianus
2026 3261 2094 3323 in
2131 3258 2508 3324 Herodiano
2544 3280 2696 3324 san-

736 3346 1117 3428 guinarium
1163 3347 1381 3410 vertit.

2975 2184 3119 2248 Hoc
3194 2194 3392 2266 caput
3466 2194 3568 2249 est
3642 2207 3971 2249 annexum
4053 2186 4389 2267 superiori.
4503 2185 4743 2250 Reddit
4785 2196 4804 2206 ‘

2803 2269 2978 2333 enim
3033 2271 3351 2333 rationem
3408 2271 3550 2335 eius
3602 2270 3771 2353 quod
3828 2271 4109 2348 dixerat,
4165 2292 4300 2334 non
4353 2292 4542 2354 posse
4599 2273 4735 2336 fieri

2804 2356 2955 2437 quin
3035 2366 3393 2438 graventur
3465 2356 3813 2438 stipatores
3889 2358 4121 2422 acerbo
4188 2366 4254 2421 et
4327 2358 4742 2439 sanguinario

2802 2442 3112 2523 principe.
3214 2440 3453 2506 Subdit
3497 2464 3698 2519 nunc,
3751 2444 3913 2525 ‘quia
3969 2442 4150 2506 nulla
4196 2449 4411 2523 potest
4453 2463 4594 2509 esse
4638 2463 4740 2507 eo-

2803 2547 2952 2590 rum
2995 2525 3157 2591 fides
3202 2534 3319 2591 aut
3364 2527 3842 2603 benevolentia,
3900 2549 4060 2609 quos
4104 2528 4381 2593 assiduis
4425 2529 4739 2606 caedibus,

2804 2612 3158 2676 bestiarum
3202 2634 3399 2692 more,
3445 2631 3721 2679 exercet.
3812 2615 4067 2678 Alludit
4107 2623 4324 2678 autem
4370 2613 4625 2683 Seneca
4665 2614 4742 2678 ad

2802 2719 3049 2763 morem
3094 2700 3438 2781 antiquum
3482 2701 3964 2777 Romanorum,
4017 2701 4127 2782 qui
4172 2700 4488 2783 supplicio
4532 2700 4742 2765 addie-

2803 2791 2903 2848 tos
2965 2792 3080 2849 aut
3142 2785 3298 2849 feris
3349 2784 3764 2863 obiiciebant,
3825 2794 3900 2849 ut
3965 2787 4260 2867 protinus
4320 2786 4741 2864 laniarentur,

2804 2881 2919 2934 aut
2961 2869 3279 2953 cogebant
3320 2893 3475 2937 eum
3516 2873 3672 2937 feris
3716 2873 4108 2955 depugnare.
4177 2872 4395 2954 Hique
4438 2874 4740 2955 postremi

2801 2956 2885 3019 ad
2927 2956 3168 3021 bestias
3212 2957 3626 3022 condemnati
3670 2957 4071 3023 dicebantur.
4161 2957 4272 3022 Illi
4312 2958 4595 3041 priores,
4639 2959 4740 3042 qui

2800 3043 2868 3106 in
2913 3056 3191 3107 mortem
3234 3058 3771 3127 praesentaneam
3814 3044 4265 3123 tradebantur,
4310 3047 4516 3127 peiori
4563 3052 4746 3110 erant

2800 3128 3184 3194 conditione.

2981 3215 3280 3282 Omnibus
3336 3218 3464 3280 reis
3508 3215 3758 3303 noxior]
3825 3214 3957 3296 Qui
4012 3239 4163 3281 rcus
4228 3225 4328 3282 est
4380 3224 4449 3280 et
4489 3218 4744 3298 noxius,

2801 3320 2951 3365 eum
3004 3322 3255 3383 quoque
3310 3302 3663 3368 sollicitum
3729 3323 3871 3368 esse
3935 3312 4204 3386 oportet.
4309 3303 4481 3367 Nem
4547 3325 4747 3385 quum

2798 3408 2916 3470 per
2970 3408 3041 3451 se
3092 3389 3475 3454 meticulosa
3517 3409 3624 3453 res
3680 3390 3766 3454 sit
3817 3390 3913 3453 ire
3958 3389 4040 3453 ad
4084 3387 4397 3466 iudicem,
4448 3395 4592 3466 [pag.
4641 3395 4745 3466 92]

2747 3481 2750 3498 “
2800 3481 2876 3537 ut
2919 3473 3013 3536 ait
3054 3472 3363 3554 Plautus,
3425 3475 3985 3540 meticulosissima
4046 3484 4145 3540 est
4193 3495 4459 3540 causam
4502 3476 4746 3558 capit-a-

2800 3559 2928 3624 lem
2971 3567 3036 3623 et
3080 3560 3320 3624 malam
3366 3561 3717 3640 sustinere,
3773 3563 3843 3624 in
3889 3582 4016 3642 qua
4059 3561 4140 3625 de
4184 3561 4395 3642 capite
4439 3569 4554 3624 tuo
4600 3581 4746 3625 sen-

1444 3635 1748 3703 CAPUT
1792 3638 1990 3704 XIII.
2800 3646 3073 3710 tentiam
3119 3647 3481 3711 secundum
3525 3646 3975 3713 adversarium
4018 3646 4355 3711 ferendam
4391 3657 4745 3729 exspectes.

2798 3730 3335 3815 Comparativum
3390 3754 3629 3798 nomen
3689 3754 3817 3815 quo
3884 3753 4040 3797 usus
4111 3739 4211 3798 est
4266 3730 4547 3810 Seneca,
4618 3752 4749 3798 non

2798 3824 3016 3900 potest
3066 3819 3239 3900 exigi
3298 3819 3381 3883 ad
3436 3839 3850 3884 communem
3919 3817 4195 3883 aliorum
4252 3817 4562 3882 formam:
4635 3838 4750 3883 nee

2800 3913 3020 3967 tamen
3066 3913 3245 3969 caret
3287 3905 3602 3988 exemplo.
3693 3905 3970 3969 Plautus
4013 3905 4083 3968 in
4126 3902 4562 3968 Mostellaria:

916 3773 1064 3838 Non
1106 3779 1311 3855 polest
1365 3772 1585 3838 habe-re
1639 3777 1975 3857 quisquam
2023 3775 2193 3856 fidae
2243 3796 2316 3840 ac
2368 3775 2561 3839 bonae
2601 3795 2697 3838 vo-

741 3860 1005 3923 luntatis
1042 3861 1386 3936 ministros,
1424 3861 1649 3940 quibus
1674 3862 1742 3924 in
1777 3863 2092 3927 tormentis
2125 3867 2181 3926 et
2208 3861 2458 3943 equuleo
2484 3866 2540 3925 et
2572 3860 2697 3941 fer-

735 3946 1044 4010 ramentis
1086 3945 1174 4009 ad
1216 3951 1470 4010 mortem
1516 3948 1779 4026 paratis
1818 3950 2038 4027 utitur,
2086 3948 2309 4028 quibus
2350 3967 2473 4010 non
2515 3947 2699 4011 aliter

736 4051 932 4112 quam
977 4031 1194 4095 bestiis
1227 4031 1504 4095 homines
1547 4033 1813 4111 obiectat,
1860 4033 2143 4098 omnibus
2185 4034 2314 4097 reis
2356 4033 2583 4097 noxior
2605 4035 2699 4096 'ac

734 4117 1099 4194 sollicitior,
1157 4123 1226 4180 ut
1279 4119 1415 4198 qui·
1447 4118 1723 4182 homines
1776 4119 2037 4201 deosque
2080 4125 2258 4183 testes
2311 4139 2384 4183 ac
2422 4119 2699 4182 vindices
2799 4162 2835 4225 I
3014 4161 3097 4225 a]-
3154 4179 3167 4192 ,

735 4203 1097 4283 facinorum
1142 4205 1370 4282 timeat,
1417 4225 1483 4267 co
1515 4206 1877 4286 perductus,
1924 4211 1991 4269 ut
2031 4226 2153 4268 non
2194 4205 2373 4269 liceat
2416 4204 2517 4269 illi
2561 4224 2695 4268 mu·
2746 4223 2750 4246 ‘
2838 4183 3008 4283 uvmff
3078 4183 3200 4315 ¹⁸⁶&
3664 4264 3674 4274 .
3943 4265 3953 4275 .
4081 4266 4091 4276 .

733 4294 871 4352 tare
918 4309 1138 4352 mores.
1206 4290 1343 4354 Hoc
1385 4291 1551 4354 enim
1594 4292 1756 4355 inter
1798 4297 2038 4356 caetera
2070 4291 2167 4355 vel
2195 4292 2544 4371 pessimum
2588 4290 2697 4353 ha-
2745 4251 2750 4384 !
2864 4352 2876 4365 ,
3005 4265 3184 4363 Ergeg
3206 4281 3266 4317 us
3307 4271 3516 4362 ⁶⁰5⁰&
3553 4263 3848 4329 meliusque
3886 4280 4211 4317 nnsernmus
4247 4265 4455 4317 horum.
4541 4351 4554 4364 ,

737 4374 828 4437 bet
869 4374 1227 4438 crudelitas.
1305 4376 1841 4442 Perseverandum
1877 4383 1982 4453 est,
2028 4397 2134 4442 nec
2167 4377 2254 4441 ad
2285 4377 2544 4441 meliora
2577 4398 2698 4457 pa·
2747 4389 2750 4410 ¹
2802 4349 3029 4450 C¹⁰5³¹⁸⁰
3091 4372 3160 4412 ¹¹²
3226 4359 3516 4413 ‘'fanon‘’
3581 4369 3698 4430 ΡῙὌ
3753 4348 3976 4456 Domo„
4023 4372 4163 4449 ⁸¹3³.
4213 4350 4295 4414 ad
4334 4351 4751 4453 ,PqntlfiOPffl

732 4466 812 4523 tel
878 4480 1220 4542 reyressus‘.
1328 4462 1575 4526 Scelera
1639 4465 1803 4528 enim
1867 4464 2194 4528 sceleribus
2247 4464 2471 4528 tuenda
2531 4467 2694 4526 sunt.
2803 4435 2969 4517 Qum
2993 4435 3190 4534 ,almd
3225 4435 3538 4535 P9P¹¹¹¹¹¹¹¹
3579 4454 3920 4534 ¹2⁰ma¹¹¹3m
3957 4435 4036 4536 d‘?
4072 4435 4248 4534 {unffi
4285 4435 4605 4520 dlgmtaoe
4654 4463 4754 4504 ¹¹¹·

740 4546 911 4626 Quid
956 4551 1164 4608 autem
1209 4567 1275 4609 eo
1318 4548 1651 4627 infelicius,
1696 4552 1800 4614 cui
1843 4551 1976 4614 iam
2017 4570 2148 4614 esse
2181 4550 2420 4614 malum
2463 4569 2700 4613 necesse
2803 4520 3134 4586 dusmuss?
3182 4543 3324 4603 ‘1⁰¹⁸
3369 4529 3626 4586 ⁸3⁰³*OE
3671 4542 3926 4602 89’θΡωδ
3973 4521 4185 4585 dunt?

734 4632 871 4696 est?
974 4631 1026 4696 Ο
1078 4632 1498 4696 miserabilem
1546 4636 1755 4713 illum,
1803 4637 2159 4700 sibi‘certe:
2211 4656 2358 4698 nam
2406 4641 2548 4712 [pag.
2589 4639 2694 4710 91]
2749 4681 2753 4722 Ι
2988 4633 3064 4699 Ut
3105 4654 3226 4697 non
3268 4634 3451 4697 liceat
3495 4631 3597 4698 illi
3637 4639 3878 4697 mutare
3912 4631 4137 4718 mores]
4184 4633 4388 4697 Putat
4422 4637 4600 4699 enim
4637 4658 4756 4720 pa-

733 4717 994 4781 caeteris
1054 4717 1339 4781 misereri
1395 4719 1530 4782 eius
1583 4723 1765 4802 nefas
1816 4723 1928 4800 sit,
1984 4723 2094 4802 qui
2150 4720 2440 4784 caedibus
2482 4739 2557 4784 ac
2598 4739 2701 4783 ra·
2802 4729 3015 4784 ratam
3060 4719 3183 4784 sibi
3225 4740 3365 4784 esse
3407 4719 3713 4783 ultimam
3754 4720 4109 4801 perniciem
4153 4726 4497 4802 tyrannus,
4544 4723 4601 4787 si
4651 4744 4756 4789 so-

723 4803 907 4884 pinis
940 4804 1290 4883 polentiam
1334 4806 1622 4883 exercuit,
1669 4808 1779 4886 qui
1820 4812 2107 4889 suspecta
2149 4806 2272 4871 sibi
2315 4811 2531 4870 cuncta
2565 4806 2701 4869 red·
2803 4806 2918 4870 lito
2967 4805 3321 4870 faciliorem
3376 4827 3445 4869 se
3501 4803 3823 4869 exhibeat.
3914 4803 4193 4888 Semper
4240 4806 4413 4869 enim
4470 4816 4757 4874 mortem

732 4888 902 4953 didit
957 4894 1092 4954 tam
1147 4894 1403 4953 externa
1460 4911 1651 4970 quam
1706 4893 2065 4957 domestica:
2120 4913 2307 4973 quum
2356 4912 2539 4956 arma
2581 4910 2702 4954 me-
2806 4891 3004 4958 habct
3046 4911 3201 4974 prae
3256 4890 3489 4969 oculis,
3547 4912 3742 4972 quam
3801 4912 3928 4954 non
3985 4889 4193 4955 credit
4248 4912 4438 4974 posse
4492 4893 4756 4972 evitari,

733 4979 886 5052 tuat,
934 4976 1026 5039 ad
1065 4996 1250 5040 arma
1286 4975 1679 5058 confuyiens:
1710 4999 1834 5041 non
1869 4980 2217 5043 amicorum
2248 4978 2399 5058 fidei
2434 4978 2700 5054 credens,
2806 4978 2930 5042 nisi
2979 4979 3046 5043 vi
3092 4977 3418 5059 armisque
3461 4976 3896 5058 propulsetur.
3987 4976 4100 5041 Sic
4142 4976 4504 5056 animatus,
4553 4980 4759 5046 etiam

731 5079 855 5122 non
899 5059 1241 5125 liberorum
1273 5062 1519 5141 pietati.
1618 5064 1741 5143 Qui
1782 5064 1892 5127 ubi
1934 5064 2370 5144 circumspexit
2429 5083 2703 5144 quaeque
2809 5065 2864 5127 si
2908 5063 3092 5142 volit,
3149 5084 3283 5126 non
3340 5070 3561 5127 tamen
3608 5062 3804 5127 audet
3845 5062 4196 5145 quidquam
4243 5061 4324 5127 de
4368 5062 4565 5127 solita
4606 5087 4761 5130 eru-

727 5145 895 5226 fecit,
943 5166 1226 5228 quaeque
1264 5150 1550 5228 tacturus
1594 5154 1711 5227 est,
1767 5155 1822 5213 et
1865 5151 2297 5214 conscientiam
2352 5171 2538 5214 suam
2569 5148 2703 5230 ple-
2811 5148 3079 5214 delitate
3122 5149 3473 5213 remittere.
3563 5147 3720 5212 Ideo
3762 5149 4101 5227 Phalaris,
4157 5149 4227 5211 in
4284 5147 4563 5231 quadam
4621 5153 4761 5236 epi-

729 5251 882 5295 nam
924 5232 1270 5296 sceleribus
1324 5255 1397 5320 qe
1440 5236 1765 5299 tormentis
1816 5236 2177 5315 adaperuit,
2222 5257 2406 5316 saepe
2447 5240 2704 5300 mortem
2812 5235 2993 5314 stola,
3049 5234 3472 5317 periculosius
3517 5234 3610 5298 ait
3652 5233 3972 5317 deponere
4027 5235 4501 5318 principatum,
4556 5257 4763 5318 quam

727 5317 929 5396 timet,
1001 5320 1258 5398 saepius
1300 5326 1493 5399 optat,
1552 5322 1821 5386 invisior
1873 5320 2000 5386 sibi
2040 5341 2229 5403 quam
2271 5320 2699 5386 servientibus.
2813 5342 3143 5404 occupare.
3231 5321 3323 5384 Et
3365 5317 3725 5405 Dionysius
3778 5320 4030 5385 dicebat
4081 5341 4215 5384 non
4258 5341 4424 5403 equo
4467 5321 4764 5388 insiden-

3141 4005 3259 4072 Quo
3293 4023 3467 4074 neque
3503 4007 3796 4061 industrior
3831 4008 3896 4060 de
3932 4007 4206 4060 iuventute
4244 4015 4362 4059 erat

3141 4078 3273 4129 Arte
3310 4077 3655 4145 gymnastica.
