5100 6061
378 448 463 512 25
1942 440 2235 507 LIBER
2274 439 2332 505 1.
2419 440 2723 507 CAPUT
2764 441 2819 505 Ι.
4302 445 4384 507 26

553 635 639 699 In
677 634 812 715 fida
855 634 1047 698 tutela
1089 630 1331 719 haben]
1389 631 1621 698 Cicero
1661 630 1850 698 Offic.
1887 631 1941 695 I.
2000 634 2335 712 comparat

377 720 941 786 administratores
995 718 1389 802 reipublicae
1434 718 1775 783 tutoribus,
1866 716 1974 781 Ad
2016 714 2190 799 quod
2233 716 2331 780 vi-

378 805 574 873 detur
629 807 993 889 respexisse
1063 804 1429 875 Cornelius
1468 805 1734 870 Tacitus
1802 803 1947 868 libr.
2005 802 2058 866 l.
2129 822 2332 884 quum

296 958 309 965 ,
377 892 459 958 (10
495 892 787 979 Tiberio,
805 892 1095 975 loquitur
1128 891 1477 973 imperim
1514 897 1881 956 recusante:
1925 888 2113 953 Inter
2149 906 2330 970 quae,

375 978 609 1063 inquit,
656 985 891 1044 senatu
932 977 1014 1042 ad
1058 978 1320 1042 infimas
1365 976 1827 1042 obtestationes
1847 974 2331 1057 procumbente,

379 1064 548 1130 dixit
602 1066 767 1130 forte
811 1064 1116 1129 Tiberius
1173 1083 1243 1127 se
1298 1070 1373 1126 ut
1426 1082 1557 1126 non
1612 1063 1733 1127 toti
1776 1060 2174 1143 reipublicae
2216 1079 2332 1141 pa·

377 1172 537 1231 rem,
583 1152 679 1215 ita
720 1171 1146 1233 quaeeunque
1190 1169 1342 1230 pars
1387 1148 1508 1213 sibi
1551 1147 1997 1224 mandaretur,
2043 1147 2182 1211 eius
2227 1152 2334 1208 tu·

379 1237 585 1301 telam
631 1244 1103 1319 suscepturum.
1198 1240 1345 1313 [pag.
1392 1239 1493 1314 13]
1541 1232 1869 1314 Quoniam
1913 1233 2118 1316 igitur
2161 1237 2335 1317 tuto·

375 1324 560 1388 ribus
601 1344 734 1387 non
779 1343 899 1386 sua
941 1322 1123 1386 fraus
1168 1320 1396 1400 solum,
1444 1319 1560 1384 sed
1606 1322 1801 1385 etiam
1838 1339 1958 1384 sua
1992 1318 2334 1401 negligen-

376 1410 468 1473 tia
514 1408 881 1491 periculosa
926 1414 1043 1486 est,
1090 1406 1248 1472 dicit
1292 1407 1546 1472 Seneca
1588 1406 1918 1471 Neronem
1963 1405 2102 1468 eius
2136 1422 2335 1486 gene-
2376 1476 2379 1479 ,

374 1495 467 1560 110
524 1495 808 1559 rationes
867 1494 993 1558 diis
1054 1492 1413 1576 approbare
1468 1513 1684 1576 posse,
1757 1512 1921 1575 quae
1976 1489 2335 1573 exiguntur

376 1600 415 1643 a
458 1580 803 1646 tutoribus.

561 1684 709 1748 Non
767 1683 991 1764 perdis
1057 1680 1338 1766 operam]
1406 1681 1803 1763 Plerumque
1859 1677 2333 1764 ingratitudine

378 1769 567 1855 vulgi
623 1769 704 1833 de
760 1777 936 1834 recto
991 1768 1291 1832 instituto
1348 1766 1761 1832 deducuntur
1812 1766 1924 1848 qui
1977 1763 2332 1847 rempubli-

380 1877 527 1921 cam
571 1855 905 1939 praeclare
951 1863 1146 1919 antea
1188 1860 1541 1936 gesserant.
1612 1852 1804 1918 Unde
1848 1851 2012 1916 illud
2054 1850 2335 1915 Homeri

380 1961 649 2005 carmen
696 1939 1035 2018 Odysseae
1058 1940 1161 2017 V„
1201 1937 1371 2021 quod
1408 1940 1727 2004 Erasmus
1764 1938 1938 2003 inter
1971 1936 2335 2020 paroemias

380 2027 609 2092 retulit
652 2025 955 2092 Chiliade
991 2026 1117 2090 HI.
1138 2048 1150 2089 :

590 2144 681 2207 Μή
714 2162 796 2203 τις
833 2143 914 2196 ἔτι
949 2141 1218 2213 πρόφρων
1254 2138 1459 2209 ἄγανὸς
1493 2147 1584 2195 καὶ
1622 2144 1772 2209 ἤπιος
1810 2142 1949 2195 ἔστω

593 2216 937 2281 Σκηπτοῦχος
1005 2212 1237 2275 ασιλειῖς,
1272 2213 1414 2282 μηδὲ
1450 2215 1651 2284 φρεσὶν
1686 2214 1884 2281 αἴσιμα
1920 2210 2099 2275 εἰδώς,

584 2278 707 2334 Ἀλλ’
743 2284 851 2333 αἰεὶ
887 2298 966 2350 χα
1029 2281 1128 2340 πός
1162 2283 1206 2332 τ’
1229 2284 1311 2345 εἴη
1347 2285 1437 2334 καὶ
1471 2282 1666 2334 αἴσυλα
1702 2281 1858 2351 ῥέζοι.

385 2386 499 2455 Sic
544 2387 890 2453 transtulit
934 2389 1287 2452 Erasmus:

523 2508 761 2562 Posthac
796 2523 864 2561 ne
903 2507 1146 2575 placidus
1184 2509 1253 2562 sit
1288 2510 1582 2577 quisquam,
1620 2524 1755 2561 neve
1791 2508 2071 2575 benignus,

523 2575 639 2630 Nec
674 2577 833 2643 mitis,
870 2577 1101 2643 iustique
1138 2584 1302 2630 tenax
1338 2593 1435 2630 rex
1472 2579 1769 2645 sceptriger
1804 2592 2053 2644 unquam,

526 2645 634 2699 Sed
672 2660 885 2713 semper
918 2645 1067 2698 ferus
1105 2653 1242 2713 estc,
1281 2652 1337 2698 et
1372 2661 1585 2714 semper
1619 2647 1799 2714 iniqua
1833 2651 2071 2713 patrato.

383 2752 531 2817 Hoc
584 2748 756 2813 idem
834 2754 1120 2812 testatur
1178 2748 1487 2813 Valerius
1545 2749 1652 2813 lib.
1710 2747 1902 2811 VIII.
2016 2748 2176 2831 Ipsa
2219 2771 2336 2814 na-

383 2849 537 2902 tura
589 2834 777 2899 nobis
842 2832 1247 2899 alacritatem
1319 2833 1892 2909 subministrante,
1958 2854 2165 2916 quum
2219 2834 2337 2899 ho-

378 2943 610 2988 norem
655 2920 1023 2984 industriae
1068 2921 1283 3003 appeti
1304 2928 1329 2997 ,⁵
1367 2928 1434 2984 et
1480 2920 1730 2984 exsolvi
1778 2927 1965 3003 grate
2009 2920 2332 2985 videmus

375 3010 563 3094 Ergo
609 3006 918 3074 admonet
960 3005 1290 3072 Neronem
1341 3004 1596 3072 Seneca
1641 3006 1719 3071 de
1774 3006 2181 3090 gratitudine
2222 3027 2337 3089 po-

377 3097 551 3180 puli,
612 3095 926 3176 primum,
990 3114 1073 3156 ne
1120 3092 1426 3157 videatur
1486 3092 1798 3157 beneficia
1850 3093 1983 3157 iam
2037 3093 2339 3176 impensa

378 3179 775 3265 perdidisse,
834 3189 953 3242 aut
993 3179 1163 3243 male
1208 3178 1586 3244 collocasse:
1641 3178 1877 3243 deinde
1921 3187 2000 3241 ut
2042 3179 2113 3243 in
2157 3181 2337 3243 futu-

378 3289 529 3331 rum
569 3266 808 3330 melius
853 3265 1217 3329 animatum
1260 3265 1511 3330 reddat.

552 3369 877 3451 Maliynos
934 3367 1385 3454 aestimares]
1464 3380 1577 3433 aut
1629 3369 1887 3432 ieiunos
1947 3375 2014 3432 et
2082 3388 2333 3451 parcos,

382 3455 492 3523 Sic
558 3454 761 3521 colles
818 3454 1141 3537 malignos
1211 3455 1384 3518 dixit
1438 3454 1776 3538 Vergilius
1876 3454 2019 3518 uasi
2079 3453 2335 3518 steriles

380 3550 446 3608 et
483 3539 927 3607 infoecundos.
1018 3539 1483 3620 Quintilianus
1526 3540 1633 3605 lib.
1682 3540 1803 3604 II.:
1901 3563 1943 3603 n
1989 3539 2336 3604 laudandis

381 3624 1271 3711 discipiilorum„actionib11s
1316 3647 1436 3691 nec
1477 3625 1841 3709 malignuS‚
1900 3647 2019 3691 nee
2064 3625 2333 3690 effusus.

383 3714 631 3781 Contra
674 3713 982 3777 Donatus
1027 3713 1094 3776 in
1131 3713 1421 3777 Terentii
1460 3712 1821 3795 Adelphos:
1870 3711 2189 3794 Benigne,
2235 3712 2338 3774 in-

386 3803 540 3885 quit,
586 3800 793 3882 large,
841 3806 909 3862 et
951 3797 1227 3862 abunde.
1320 3796 1433 3863 Sic
1475 3799 1724 3880 aceepit
1765 3797 2139 3861 Horatius:

922 3889 925 3894 ’
1210 3901 1284 3953 Α1
1319 3916 1387 3954 110
1426 3902 1546 3954 beni
1619 3901 1703 3954 ius

865 3968 948 4023 De
989 3985 1138 4023 rome
1175 3986 1280 4038 qua
1321 3971 1509 4022 rimum
1584 3970 1742 4022 abina

872 4037 916 4092 Ο
1040 4039 1276 4092 aliarche
1312 4055 1517 4092 merum
1554 4038 1717 4092 diota.

383 4128 581 4192 Item:

416 4257 419 4258 ⁷
864 4228 1110 4283 Manabit
1145 4227 1213 4281 ad
1248 4228 1467 4295 plenum
1503 4228 1733 4295 benigno

864 4297 1025 4352 Ruris
1054 4299 1325 4374 'honorum
1363 4297 1621 4365 opulenta
1656 4312 1839 4350 cornu.

380 4403 508 4467 Vel
561 4403 919 4486 malignos,
976 4401 1046 4465 id
1102 4410 1203 4465 001
1256 4398 1634 4465 malevolos.
1714 4397 2167 4478 Quintilianus
2224 4398 2331 4464 lib.

379 4489 538 4554 XL:
600 4489 684 4554 In
730 4487 1130 4553 carminibus
1177 4486 1432 4549 utinam
1488 4485 1914 4567 pepercisset,
1971 4505 2140 4567 quae
2199 4505 2335 4548 non

381 4576 721 4641 desierunt
787 4595 1055 4656 carpere
1119 4571 1412 4655 maligni.
1522 4570 1774 4636 Contra
1837 4571 2010 4635 idem
2084 4568 2335 4636 Seneca

379 4661 489 4727 lib.
534 4662 617 4724 V.
681 4659 762 4724 de
818 4658 1183 4725 beneficiis:
1257 4657 1319 4723 N
1324 4679 1407 4722 on
1465 4657 1743 4722 aliorum
1799 4678 2007 4721 annos
2068 4678 2333 4739 compu-

378 4754 540 4826 tare,
588 4746 705 4812 sed
751 4767 907 4812 suos
953 4747 1235 4829 benigne
1280 4745 1646 4809 aestimare.

555 4849 853 4932 Refertur
885 4849 998 4913 tibi
1029 4846 1269 4934 qratia]
1310 4848 1513 4929 Atqui
1550 4846 1815 4912 videtur
1848 4846 2068 4927 potius
2105 4843 2333 4909 haberi

377 4937 614 5020 gratia,
660 4956 859 5020 quam
894 4934 1143 5010 referri,
1181 4955 1385 5016 quum
1424 4933 1812 4998 beneficium
1850 4931 2162 4996 beneficio
2197 4952 2333 4995 non

464 5030 714 5088 nsetur.
806 5022 1063 5086 Verum
1120 5020 1226 5085 hic
1272 5018 1723 5101 accipiendum
1768 5024 1869 5082 est
1912 5016 2335 5100 quemadmo-

376 5044 541 5172 geum
585 5109 657 5173 in
714 5108 1007 5172 oratione
1051 5125 1171 5190 pro
1213 5103 1487 5170 Plancio
1528 5104 1694 5168 illud
1739 5103 2100 5169 Ciceronis:
2161 5102 2333 5169 Gra-

377 5195 547 5259 tiam
592 5202 660 5258 et
703 5195 817 5276 qui
864 5195 1090 5271 refert,
1151 5190 1373 5256 habet:
1424 5197 1491 5252 et
1534 5190 1647 5273 qui
1691 5189 1907 5268 habet,
1954 5189 2023 5252 in
2072 5211 2147 5254 eo
2193 5190 2333 5272 ipso

377 5279 555 5363 quod
615 5278 844 5360 habet,
911 5281 1128 5345 refert.
1227 5279 1322 5343 Et
1363 5274 1638 5358 Epistol.
1696 5275 1807 5340 lib.
1862 5276 1979 5340 V.:
2036 5273 2215 5340 Illud
2263 5274 2334 5338 in

380 5366 673 5433 amicitia
723 5373 1064 5446 mutuum,
1121 5386 1326 5449 quum
1380 5384 1503 5446 par
1544 5361 1855 5427 voluntas
1910 5361 2227 5443 accipitur
2270 5368 2337 5426 et

2436 628 2748 693 redditur.
2841 630 3108 713 Alioqui
3164 630 3408 694 referre
3451 629 3751 713 gratiam,
3801 638 3903 695 est
3942 632 4241 699 beneficii
4283 632 4387 698 vi-

2438 736 2579 780 cem
2624 715 2997 798 rependere.

2615 801 2812 866 Nemo
2867 822 3035 867 unus
3092 798 3296 901 homo]
3366 801 3493 865 Est
3549 800 3916 886 ἅρχαῑσμός,
3972 805 4124 887 quia
4174 825 4383 885 neme,

2438 887 2775 951 hominem
2821 886 3330 970 comprehendit.
3422 888 3770 952 Terentius
3811 889 3884 952 in
3930 889 4284 955 Eunucho:

2680 972 2821 1026 Num
2856 975 2973 1040 quis
3007 974 3096 1027 hic
3129 989 3215 1027 me
3254 974 3534 1040 sequitur?
3603 973 3775 1029 Nemo
3811 975 3973 1030 homo
4011 982 4111 1030 est.

2441 1059 2672 1126 Cicero
2731 1080 2851 1141 pro
2906 1056 3124 1143 Sylla:
3190 1059 3334 1123 Nisi
3398 1060 3564 1124 forte
3620 1061 3874 1144 regium
3932 1062 4049 1126 tibi
4104 1061 4384 1142 videtur,

2439 1148 2533 1211 ita
2578 1146 2820 1221 vivere,
2866 1152 2943 1208 ut
2983 1166 3117 1209 non
3158 1144 3350 1209 modo
3393 1145 3643 1210 homini
3679 1147 3945 1225 nemini,
3993 1145 4106 1212 sed
4152 1170 4236 1212 ne
4272 1170 4386 1214 cu-

2442 1231 2700 1315 piditati
2756 1229 3020 1313 quidem
3080 1232 3345 1295 servias.
3459 1230 3654 1296 Cato:
3711 1230 4140 1298 Cadueeatori
4196 1256 4388 1299 nemo

2441 1319 2636 1401 homo
2691 1323 2908 1382 nocet.
3020 1316 3205 1380 Idem
3269 1338 3387 1400 pro
3445 1316 3961 1382 Rhodiensibus:
4054 1317 4128 1383 Si
4197 1341 4387 1385 nemo

2442 1413 2612 1469 esset
2655 1404 2849 1467 homo
2894 1423 3086 1484 quem
3131 1422 3543 1481 vereremur,
3586 1403 3902 1485 quidquid
3944 1403 4177 1470 liberet
4214 1406 4387 1470 face-

2440 1511 2682 1554 remus.
2750 1489 2843 1552 Et
2881 1495 2982 1553 est
3010 1489 3428 1572 exaggeratio
3465 1510 3547 1552 ex
3585 1490 4084 1571 comparatione,
4131 1493 4286 1574 quia
4317 1493 4387 1556 in

2439 1578 2641 1640 unius
2675 1575 2955 1660 gratiam
2981 1596 3050 1638 se
3073 1594 3334 1658 ponere,
3380 1595 3512 1638 non
3548 1575 3707 1639 adeo
3741 1575 4001 1641 difficile
4034 1584 4149 1653 est,
4188 1598 4386 1659 quam

2440 1669 2537 1727 tot
2584 1668 2731 1740 [pag.
2776 1666 2880 1739 14]
2926 1660 3270 1725 hominum
3316 1659 3690 1725 voluntates
3735 1661 3856 1725 sibi
3892 1662 4252 1727 conciliare.

2616 1746 2740 1812 Sed
2806 1748 3025 1829 inqens
3089 1745 3201 1810 tibi
3262 1743 3445 1832 onus]
3530 1744 3735 1825 Quasi
3805 1746 4071 1812 diceret:
4139 1748 4386 1813 Gravis

2440 1834 2561 1899 tibi
2608 1831 2987 1898 adversaria
3022 1832 3376 1896 constituta
3411 1839 3538 1896 est:
3577 1831 3726 1896 vide
3761 1842 3839 1896 ut
3872 1833 4210 1898 hominum
4248 1835 4386 1916 opi-

2439 1920 2620 1985 nioni
2669 1918 3049 1996 satisfacias,
3096 1937 3291 2000 quam
3336 1917 3417 1981 de
3462 1926 3526 1982 te
3568 1926 4020 2000 conceperunt.

2618 2005 2815 2069 Nemo
2858 2005 3076 2069 divum
3119 2006 3507 2086 Auyustum,
3550 2024 3657 2068 nec
3706 2004 3944 2069 Tiberii
3977 2006 4198 2087 prima·
4242 2011 4386 2070 tem—

2430 2090 2623 2178 pora]
2680 2090 2813 2171 Qui
2868 2089 3035 2154 bene
3087 2088 3169 2154 de
3221 2089 3498 2154 subditis
3552 2090 3771 2154 meriti
3830 2101 3987 2154 sunt
4042 2091 4385 2174 1111ηο11100,

2442 2198 2649 2261 quum
2704 2177 3110 2255 moriuntur,
3178 2183 3245 2240 et
3301 2172 3697 2240 desiderium
3767 2176 3872 2241 sui
3939 2178 4385 2258 praesentibus

2442 2264 2843 2345 relinquunt,
2891 2269 2959 2327 et
3001 2262 3280 2345 posteris
3326 2269 3661 2326 aeternam
3706 2263 4104 2326 memoriam.
4186 2264 4388 2327 Prae-

2442 2351 2668 2414 sertim
2725 2348 2890 2413 illud
2933 2349 3069 2412 fere
3110 2369 3238 2412 usu
3281 2348 3492 2427 venit,
3539 2354 3616 2412 ut
3656 2350 3728 2419 in
3769 2349 4227 2431 praesentibus
4268 2349 4392 2412 mi-

2444 2436 2633 2500 seriis
2678 2435 2993 2516 pristinae
3035 2434 3366 2499 felicitatis
3411 2442 3712 2499 occurrat
3755 2436 4083 2499 memoria.
4141 2434 4391 2515 Quum

2441 2543 2601 2585 vero
2646 2542 2781 2584 non
2834 2522 3185 2584 reflectunt
3228 2520 3449 2585 oculos
3501 2520 3584 2583 ad
3642 2520 4025 2602 praeterita,
4077 2523 4390 2586 nimirum

2442 2607 2864 2690 acquiescunt
2905 2607 2974 2670 in
3021 2607 3492 2689 praesentibus.
3584 2604 3777 2686 Quod
3820 2608 4039 2687 ipsum
4084 2606 4166 2670 ad
4206 2628 4392 2691 mag-

2441 2715 2596 2758 nam
2649 2692 2931 2757 Neronis
2985 2691 3253 2757 laudem
3305 2692 3609 2774 pertinet.
3713 2692 3964 2757 Divum
4010 2694 4119 2757 Au
4216 2699 4394 2757 stum

2442 2778 2602 2844 dicit
2656 2778 3019 2844 secundum
3075 2779 3257 2843 verbi
3315 2779 3778 2861 proprietatem
3794 2829 3810 2856 ,
3868 2786 4067 2860 quam'
4112 2714 4390 2843 §elwine

2443 2865 2786 2929 annotavit>
2836 2865 2903 2927 in
2945 2865 3028 2927 V.
3077 2866 3543 2929 commentario
3595 2864 3932 2928 Aeneidos.
4019 2864 4126 2928 De
4181 2865 4390 2946 impe-

2442 2959 2737 3016 ratorum
2772 2951 3255 3016 consecratione
3300 2950 3451 3013 alibi
3498 2949 3770 3014 dicetur.
3847 2950 4202 3014 Postremo
4250 2969 4389 3012 non

2444 3039 2798 3104 oscitanter
2833 3036 3408 3120 praetereundum,
3457 3035 3633 3119 quod
3675 3038 4058 3120 Augustum
4102 3036 4277 3113 dicit,
4324 3043 4392 3100 et

2444 3125 2690 3190 Tiberii
2733 3124 2946 3206 prima
2988 3131 3297 3206 tempora.
3363 3123 3535 3186 Nam
3581 3124 3966 3206 Augustum
4010 3130 4156 3204 post
4191 3121 4389 3204 adep-

2443 3219 2579 3275 tam
2653 3209 3098 3274 monarchiam
3187 3208 3355 3273 nihil
3431 3208 3779 3274 crudeliter
3844 3209 4056 3290 egisse
4123 3208 4388 3292 legitur,

2442 3317 2678 3363 verum
2727 3297 2819 3360 sic
2863 3297 3084 3359 omnia
3128 3295 3208 3359 ad
3246 3294 3628 3359 civilitatem
3666 3294 4122 3376 composuisse,
4169 3303 4244 3357 ut
4288 3294 4388 3359 ul-

2441 3386 2605 3447 tima
2650 3403 2800 3448 cum
2844 3380 3073 3463 primis
3116 3387 3508 3447 contexeret.
3600 3378 3749 3460 Quo
3793 3381 4028 3444 merito
4072 3400 4390 3462 assequu-

2444 3478 2554 3534 tus
2612 3477 2713 3533 est
2771 3474 2848 3530 ut
2900 3488 3034 3530 non
3090 3467 3416 3531 defuerint
3457 3474 3606 3550 post
3650 3474 3954 3546 mortem,
4012 3468 4124 3549 qui
4162 3487 4390 3531 saecu-

2441 3555 2583 3619 lum
2627 3561 2983 3637 augustum
3041 3552 3505 3635 appellandum
3549 3551 3915 3630 censerent,
3973 3550 4391 3635 quemadmo-

2443 3641 2603 3705 dum
2647 3639 2983 3704 saeculum
3030 3660 3337 3717 aureum,
3392 3649 3467 3703 ut
3509 3640 3714 3704 refert
3756 3638 4199 3720 Tranquillus,
4279 3639 4390 3702 Ti-

2440 3727 2663 3792 berius
2720 3725 3063 3789 hominum
3117 3725 3492 3807 opinionem
3536 3725 3615 3789 de
3673 3746 3742 3790 se
3787 3733 4166 3806 conceptam
4209 3725 4389 3788 fefel-

2439 3813 2533 3890 lit,
2583 3833 2786 3894 quum
2823 3830 3033 3892 paene
3078 3831 3325 3875 novum
3362 3811 3577 3875 induit
3613 3811 3970 3894 hominem:
4018 3831 4140 3875 nec
4175 3811 4387 3875 solum

2442 3899 2662 3981 erupit
2704 3899 2775 3961 in
2811 3917 3071 3960 omnem
3115 3895 3585 3976 crudelitatem,
3631 3896 3743 3961 sed
3781 3896 3958 3961 omni
3998 3917 4238 3978 genere
4273 3916 4389 3959 ne-

2438 3985 2645 4049 fariae
2700 3982 2987 4047 libidinis
3041 3983 3382 4066 flagravit,
3465 3983 3748 4048 alterum
3810 4002 4079 4064 prorsus
4132 3981 4390 4045 romani

2440 4070 2700 4152 imperii
2744 4067 3041 4133 dedecus.
3132 4068 3303 4132 Vide
3348 4069 3825 4151 Tranquillum.

2621 4155 2778 4234 Nec,
2845 4155 3006 4236 quod
3064 4160 3121 4218 te
3175 4154 3419 4218 imitari
3473 4153 3645 4240 velit]
3716 4152 3904 4234 Quos
3950 4151 4260 4217 volumus
4305 4154 4387 4217 ad

2441 4244 2758 4307 virtutem
2816 4249 3128 4323 tanquam
3185 4239 3463 4304 subditis
3509 4239 3868 4307 calcaribus
3923 4238 4225 4317 incitare,
4283 4260 4388 4303 so-

2440 4328 2655 4393 lemus
2711 4328 2793 4392 iis
2851 4346 3213 4410 proponere
3268 4345 3542 4410 magnos
3582 4326 3760 4390 viros
3803 4323 3886 4388 ad
3939 4324 4386 4389 imitationem.

2439 4415 2634 4481 Unde
2679 4414 2952 4478 historia
2992 4413 3168 4478 vitae
3210 4412 3530 4496 magistra
3572 4410 3906 4488 Ciceroni,
3960 4412 4030 4474 in
4075 4431 4206 4493 qua
4244 4421 4388 4475 tan-

2440 4521 2637 4583 quam
2684 4501 2753 4564 in
2800 4498 3064 4582 speculo
3108 4498 3287 4563 vitae
3343 4511 3610 4562 nostrae
3665 4497 3988 4562 rationem
4030 4499 4384 4561 intuemur.

2442 4586 2620 4668 Quid
2675 4587 3039 4670 fugiamus,
3109 4583 3264 4666 quid
3323 4604 3705 4666 sequamur,
3773 4583 4108 4648 cernimus
4163 4583 4383 4647 oculis.

2441 4671 2577 4739 Sed
2622 4672 2953 4739 extraneis
2997 4669 3316 4753 exemplis
3350 4670 3618 4734 minime
3657 4669 3976 4753 indigent,
4016 4669 4251 4752 quibus
4288 4676 4389 4732 est

2440 4781 2480 4824 a
2545 4768 2789 4823 natura
2844 4757 3140 4842 ingenita
3192 4757 3498 4839 probitas.
3613 4754 3804 4836 Quod
3859 4755 3968 4820 hic
4010 4754 4224 4819 voluit
4266 4753 4386 4820 Se-

2438 4865 2620 4910 neca.
2694 4844 2923 4910 Cicero
2964 4842 3348 4907 Dolabellae
3392 4842 3601 4924 Epist.
3639 4840 3796 4906 IX.:
3844 4840 4024 4922 Quid
4070 4849 4172 4904 est
4213 4839 4386 4923 quod

2441 4952 2562 5015 ego
2621 4940 2686 4995 te
2741 4930 2966 4994 horter
3007 4935 3087 4993 ut
3138 4927 3440 5012 dignitati
3487 4935 3553 4992 et
3607 4928 3850 5011 gloriae
3908 4926 4185 4991 servias:
4233 4947 4386 5008 pro-

2437 5037 2678 5100 ponam
2744 5017 2862 5081 tibi
2929 5015 3137 5080 claros
3189 5013 3414 5080 viros?
3482 5014 3656 5096 quod
3693 5014 3938 5086 „facero
4004 5012 4215 5077 solent
4270 5014 4383 5095 qui

2438 5103 2803 5167 hortantur.
2892 5101 3238 5166 Neminem
3285 5101 3494 5166 habeo
3535 5100 3893 5178 clariorem,
3936 5118 4131 5181 quam
4180 5105 4244 5164 te
4286 5100 4385 5183 ip-

2438 5210 2604 5254 sum.
2695 5190 2790 5253 Te
2831 5188 3087 5252 imitere
3130 5195 3402 5271 oportet,
3450 5196 3668 5251 tecum
3712 5186 3851 5267 ipse
3895 5191 4119 5249 certes.
4196 5184 4385 5250 Idem

2439 5274 2546 5339 lib.
2597 5274 2687 5338 H.
2735 5273 3037 5339 Curioni:
3094 5275 3340 5340 Tecum
3385 5273 3675 5355 loquere,
3721 5279 3786 5336 te
3836 5269 4072 5336 adhibe
4113 5272 4184 5334 in
4231 5293 4384 5337 con-

2440 5359 2655 5426 silium
2675 5412 2690 5441 ,
2750 5368 2815 5426 te
2869 5358 3042 5440 audi,
3101 5359 3218 5427 tibi
3275 5360 3663 5441 obtempera.
3753 5358 3847 5423 Et
3901 5356 4010 5424 lib.
4055 5357 4253 5423 XIII.
4302 5356 4383 5421 ad
