5100 6061
335 427 451 490 321

331 622 459 678 tur.
552 611 734 693 Quin
781 619 1006 677 nostra
1060 613 1461 679 confessione
1514 617 1919 693 continetur,
1978 617 2281 681 observa-

332 701 578 765 tionem
624 697 884 763 divinae
927 698 1092 782 legis
1133 700 1601 782 impossibilem
1637 723 1794 766 esse.
1864 703 1955 766 Et
1989 708 2148 767 sunt
2183 711 2282 765 ta-

332 806 481 850 men
539 785 651 867 qui
710 783 929 867 palam
987 785 1299 864 fremant,
1358 808 1475 852 nos
1531 787 1912 870 simpliciter
1965 787 2284 870 populum

334 870 414 936 ad
455 868 962 954 promittendam
1005 870 1169 954 legis
1205 871 1651 955 impletionem
1687 881 2095 939 sacramento
2132 873 2283 939 ade-

334 959 531 1042 gisse:
572 961 939 1104 proptereal
951 956 1123 1038 quod
1161 978 1229 1021 se
1266 959 1737 1024 confessionem
1772 969 2146 1025 servaturos
2181 960 2282 1023 iu-

335 1052 583 1120 rarunt,
630 1042 699 1105 in
745 1063 874 1124 qua
918 1042 1027 1106 lex
1069 1040 1343 1107 Domini
1386 1045 1857 1128 comprehensa
1900 1045 2080 1109 foret.
2149 1044 2283 1109 Ne-

337 1150 458 1213 que
501 1128 890 1210 respiciunt,
940 1128 1095 1210 quid
1140 1126 1219 1193 de
1263 1130 1406 1212 lege
1450 1131 1594 1213 ipsa
1639 1131 1900 1196 disertis
1945 1131 2163 1197 verbis
2202 1130 2282 1194 il-

334 1215 415 1280 lic
452 1212 779 1279 doceatur.
840 1213 986 1277 Iam
1022 1213 1105 1279 ad
1128 1236 1242 1313 vos
1279 1215 1693 1298 peculiariter
1728 1237 2093 1282 sermonem
2130 1238 2283 1282 con-

335 1301 669 1376 vertimus,
697 1320 734 1363 o
757 1299 1049 1378 Fratre&
1076 1300 1188 1383 qui
1208 1301 1512 1384 regendis
1536 1303 2009 1386 pascendisque
2032 1303 2284 1368 Christi

337 1385 639 1464 ecclesiis,
675 1387 959 1486 spiritus
1004 1387 1210 1451 sancti
1257 1388 1560 1470 auspiciis
1605 1390 1760 1454 estis
1797 1387 2136 1472 designati.
2206 1387 2282 1454 Si

336 1473 446 1537 uni
481 1472 779 1555 principi,
828 1470 1141 1537 adversus
1177 1473 1455 1537 eundem
1494 1473 1768 1554 hostem,
1810 1495 1942 1539 uno
1978 1474 2134 1539 belli
2171 1497 2282 1558 ge-

337 1580 497 1637 r‚ere
526 1558 575 1640 ¹)
619 1556 851 1623 iisdem
896 1559 964 1621 in
1003 1559 1232 1624 castris
1269 1560 1643 1637 militamuS,
1691 1561 1772 1625 iis
1811 1559 2110 1626 omnibus
2145 1582 2281 1624 me-

317 1645 717 1710 minerimus
754 1643 837 1708 ad
873 1643 1280 1709 concordiam
1316 1646 1944 1728 unanimitatemque
1981 1668 2112 1710 non
2148 1668 2282 1710 me—

290 1778 316 1814 ,
338 1731 639 1796 diocriter
683 1751 802 1794 nos
847 1730 1125 1795 incitari.
1215 1731 1365 1795 Non
1412 1739 1511 1795 est¹
1553 1738 1728 1797 certe
1772 1734 1960 1815 parvi
2000 1732 2280 1810 honoria,

338 1815 506 1900 quod
569 1816 702 1880 dux
763 1823 988 1880 tantus
1048 1818 1184 1881 suis
1238 1816 1578 1881 ordinibus
1634 1841 1753 1883 nos
1810 1817 2118 1902 dignatus
2163 1827 2280 1882 est.

335 1902 622 1968 Proinde
656 1902 1090 1986 ingratissimi
1138 1923 1396 1982 ειιιιιιιε,
1435 1903 1564 1967 ιιιει
1601 1925 1722 1968 ιιοε
1756 1905 1853 1969 ι11ι
1891 1905 2283 1969 devovemus

340 1998 525 2053 totos.
598 1987 792 2068 Quod
829 1996 906 2051 ut
938 1989 1071 2066 fiat,
1116 2011 1250 2053 non
1295 1989 1484 2054 modo
1521 1990 1831 2068 studium,
1880 1989 1962 2054 ad
1997 1989 2285 2075 gerenda

341 2076 478 2140 eius
520 2075 805 2173 negotia,
851 2074 1021 2138 bona
1064 2073 1191 2139 fide
1227 2077 1579 2158 applica1·‚e
1627 2076 1740 2141 sed
1775 2087 2050 2158 utroque
2088 2077 2285 2140 etiam

342 2161 524 2224 oculo
581 2162 651 2223 in
711 2160 851 2224 eius
907 2168 1143 2224 nutum
1199 2162 1441 2225 intueri
1501 2163 1823 2229 convenit.
1914 2162 2284 2245 Utrumque

343 2254 560 2311 autem
605 2244 796 2309 valde
839 2247 1294 2311 necessarium
1382 2247 1546 2312 Inde
1591 2251 1768 2312 enim
1814 2255 1888 2312 ut
1921 2248 2283 2331 plurimum

342 2332 696 2398 certamina
717 2330 1054 2408 ebulliunt,
1080 2331 1255 2414 quod
1279 2355 1347 2398 se
1370 2335 1585 2416 ipsum
1608 2334 1902 2417 quisque,
1928 2354 2063 2398 non
2085 2334 2281 2399 Chri-

341 2428 516 2483 stum
561 2419 835 2502 quaerit.
924 2417 1064 2483 Nec
1118 2419 1404 2484 minores
1458 2419 1793 2484 interdum
1837 2421 2282 2485 contentiones

343 2502 731 2583 accendunt,
801 2504 911 2586 qui
978 2502 1061 2567 ad
1105 2504 1522 2588 exsequenda
1565 2528 1683 2571 sua
1726 2507 1950 2570 munia
2002 2505 2285 2571 fideliter
2333 2517 2336 2540 ³

343 2591 539 2655 animi
595 2555 809 2655 studio
873 2590 1140 2668 intenti,
1211 2613 1477 2656 sensum
1544 2600 1763 2656 tamen
1820 2614 2014 2657 suum
2073 2593 2283 2676 magis

342 2697 533 2759 quam
577 2674 761 2741 ducis
803 2676 1065 2759 signum
1111 2685 1492 2760 sequuntur.
1584 2676 1976 2779 Quanquam
2032 2679 2088 2743 si
2129 2700 2283 2744 vere

343 2762 686 2827 aestimare
730 2762 968 2844 placet,
1028 2762 1194 2827 bene
1238 2764 1477 2864 agendi
1527 2765 1922 2847 principium
1967 2764 2283 2829 militibus

344 2857 456 2927 est,
503 2848 802 2931 deposita
845 2849 1023 2911 omni
1063 2851 1498 2927 contumacia,
1545 2871 1811 2933 prorsus
1856 2871 1896 2915 a
1941 2850 2121 2916 ducis
2178 2872 2282 2915 ar-

341 2933 534 2999 bitrio
577 2933 878 3018 pendere.
970 2932 1115 3000 Sibi
1159 2936 1335 3000 enim
1380 2936 1665 3019 profecto
1719 2935 1964 3014 studet,

341 3043 594 3106 cunque
640 3019 763 3089 sibi
809 3018 1105 3086 addictus
1150 3028 1268 3087 est.
1335 3020 1530 3103 Quod
1574 3024 1628 3088 si
1676 3022 2053 3123 imperatori
2090 3020 2285 3088 Chri-

341 3215 457 3258 nos
507 3193 1059 3275 conspirationem
1116 3196 1413 3260 ineamus
1491 3217 1754 3261 necesse
1823 3204 1939 3274 est,
2012 3217 2086 3260 ac
2145 3218 2285 3260 mu-

341 3290 522 3344 tuam
582 3299 807 3362 pacem
874 3280 1240 3359 foveamus,
1306 3301 1503 3381 quam
1568 3282 1707 3346 suis
1772 3303 1904 3346 non
1956 3303 2286 3347 commen-

342 3366 450 3430 dat
493 3366 705 3444 modo,
752 3364 866 3430 sed
910 3367 1111 3430 etiam
1151 3368 1447 3449 inspirat.
1518 3365 1734 3447 Quid?
1783 3389 1867 3431 an
1911 3389 2042 3434 non
2080 3368 2286 3432 hostis

343 3474 596 3535 quoque
641 3453 779 3534 ipse
822 3450 1114 3517 diabolus
1149 3453 1405 3518 aculeos
1442 3452 1624 3518 nobis
1661 3452 1744 3517 ad
1779 3454 2288 3537 syncretismum

341 3537 668 3623 agendum
714 3535 1062 3602 admovere
1107 3538 1340 3604 debet?
1412 3539 1704 3604 Tametsi
1748 3540 1923 3603 enim
1959 3539 2154 3604 belua
2188 3547 2288 3604 est

340 3632 435 3689 tot
469 3625 775 3707 capitum,
801 3622 1102 3689 videmus
1139 3635 1358 3689 tamen
1392 3631 1469 3690 ut
1501 3623 1581 3689 ad
1617 3624 2065 3709 impetendum
2088 3624 2284 3690 Chri-

339 3711 420 3776 ειι
467 3731 748 3810 regnum
791 3710 858 3773 in
915 3709 1193 3775 densum
1246 3733 1526 3777 cuneum
1571 3734 1639 3776 se
1685 3710 2127 3794 agglomeret?
2209 3709 2286 3776 Si

337 3797 403 3860 in
450 3796 748 3881 principe
793 3794 1107 3875 odiorum,
1150 3797 1528 3875 factionum,
1566 3795 2010 3875 dissidiorum,
2068 3818 2145 3860 ea
2186 3804 2286 3862 est

337 3883 705 3949 consensio.
745 3890 999 3981 quanto·
1015 3904 1134 3973 nos
1170 3884 1458 3965 pressius
1493 3883 1744 3948 animos
1780 3891 1847 3947 et
1882 3884 2098 3966 copias
2135 3904 2284 3949 con-

337 3969 609 4053 iungere
645 3967 846 4047 decet,
892 3969 1006 4051 qui
1042 3966 1159 4053 pro
1196 3990 1349 4054 rege
1385 3970 1562 4053 pacis
1598 3968 1911 4035 adversus
1947 3990 2096 4033 eum
2137 3991 2286 4034 con-

338 4053 670 4139 fligimus?
740 4054 893 4120 Ηιιο
933 4065 1051 4119 ιιοε
1085 4063 1152 4119 et
1183 4076 1442 4139 pugnae
1478 4056 1725 4137 species
1760 4055 2078 4121 hortatur.
2144 4053 2283 4119 Ad-

228 4152 231 4161 ’
341 4163 570 4207 versus
616 4138 904 4205 Satanae
961 4140 1299 4206 mendacia
1359 4141 1593 4224 quibus
1635 4141 1834 4207 armis
1879 4141 2285 4220 instruimur,

341 4228 466 4292 ιιιει
510 4227 638 4292 Dei
674 4226 992 4291 veritate?
1061 4229 1164 4293 Ea
1208 4226 1479 4303 sublata,
1524 4225 1685 4292 nudi
1729 4236 1923 4310 atque
1968 4193 2288 4292 exarmati

340 4314 784 4396 relinquimur.
852 4314 1061 4396 Atqui
1106 4322 1182 4377 ut
1225 4335 1356 4378 una
1400 4322 1499 4378 est
1542 4320 1608 4378 et
1651 4311 1772 4377 sibi
1819 4319 2147 4391 constanS,
2192 4314 2290 4377 ita

342 4401 581 4464 nostris
647 4398 1234 4465 concertationibus
1301 4400 1577 4464 distrahi
1645 4421 1714 4465 se
1781 4419 1916 4464 non
1981 4400 2284 4482 patietur.

339 4485 700 4563 PostremO,
729 4506 931 4567 quum
959 4484 1042 4549 ad
1072 4484 1548 4569 propugnanda
1580 4485 1807 4550 eadem
1832 4494 2048 4551 castra
2083 4486 2289 4550 simus

339 4571 655 4649 collocati,
701 4569 856 4653 quid
903 4570 1086 4637 nobis
1132 4572 1465 4650 volumus,
1525 4570 1681 4635 dum
1726 4571 2055 4638 intestinis
2103 4592 2289 4654 prae-

335 4656 442 4723 liis
485 4657 1009 4721 tumultuamur?
1080 4655 1273 4737 Quod
1316 4659 1372 4723 si
1417 4678 1642 4740 parum
1693 4679 1811 4723 nos
1856 4658 2150 4723 afficiunt
2193 4664 2290 4721 tot

340 4744 654 4823 rationeS,
723 4744 1012 4807 animum
1079 4744 1313 4807 saltem
1382 4743 1802 4809 advertamus
1860 4742 1940 4808 ad
1996 4743 2062 4807 id
2118 4741 2290 4842 quod

341 4828 648 4895 Christus
688 4829 956 4894 clamat·
1016 4830 1168 4893 Non
1213 4850 1400 4912 posse
1443 4830 1651 4895 servis
1698 4830 1833 4894 suis
1879 4829 2121 4895 vulnus
2166 4830 2290 4892 im-

340 4916 553 4997 primi,
599 4915 755 4998 quin
801 4916 938 4998 ipse
978 4916 1102 4981 sibi
1145 4916 1464 4980 inflictum
1510 4916 1808 4998 imputet.
1900 4914 1960 4980 O
2006 4916 2059 4979 si
2105 4936 2289 4979 men-

339 5082 376 5089 o(
393 5083 686 5090 —*——

483 5192 538 5251 1)
580 5189 750 5258 Leqe:
783 5207 996 5259 genere.

1997 426 2672 496 CATEOHISMUS.

4216 434 4340 497 322

2331 603 2342 627 '
2384 623 2519 679 tem
2562 599 2857 681 nostram
2899 616 3147 680 subiret
3191 615 3353 680 haec
3396 616 3721 700 cogitatio,
3767 620 4129 700 periculum
4175 642 4333 699 esse,

2332 2543 2338 2910 1

2385 722 2470 765 ne
2514 702 2584 766 in
2629 701 2970 801 Christum
3024 701 3498 785 impingamus,
3557 706 3805 803 quoties
3850 705 3933 769 ad
3977 707 4334 788 suscipien-

2386 786 2544 850 dum
2583 808 2736 852 cum
2776 788 2855 852 iis
2890 793 3222 852 certamen
3254 786 3622 868 titillamur,
3666 790 3733 853 ιιι
3769 790 4001 873 quibus
4025 792 4131 857 vel
4163 793 4334 857 scin-

2387 872 2531 935 tilla
2584 893 2714 936 una
2766 873 3028 955 pietatis
3075 873 3339 938 emicat:
3399 881 3560 956 quot
3613 875 4008 958 pullulantia
4066 887 4332 943 conten-

2386 959 2644 1023 tionum
2688 959 2942 1023 semina
2998 959 3372 1036 suffocaret,
3434 967 3594 1041 quot
3650 962 4146 1030 effervescentes
4200 965 4331 1029 iras

2387 1044 2854 1126 exstingueret,
2885 1053 3044 1127 quot
3079 1045 3450 1109 exorientes
3472 1046 3652 1111 rixas
3687 1049 4129 1130 opprimeret?
4198 1049 4333 1113 Ve-

2385 1151 2535 1193 rum
2581 1137 2646 1194 et
2688 1149 2807 1194 nos
2849 1131 3002 1212 ipsi,
3049 1130 3256 1195 altera
3302 1152 3383 1195 ex
3428 1141 3646 1215 parte,
3694 1135 3869 1199 servi
3911 1135 4040 1200 Dei
4084 1156 4328 1200 sumus.

2386 1217 2598 1280 Tanto
2641 1215 2846 1299 igitur
2888 1217 3097 1299 magis
3141 1215 3502 1282 curandum
3548 1226 3648 1281 est
3688 1227 3764 1282 ut
3807 1218 4078 1285 Domini
4122 1223 4330 1287 nostri

2383 1301 2673 1385 insignia
2728 1308 2796 1366 et
2850 1309 3252 1378 ornamenta,
3313 1302 3683 1386 ubicunque
3738 1314 4083 1406 apparent,
4143 1329 4328 1372 reve-

2383 1408 2650 1453 reamur
2692 1393 2758 1452 et
2800 1387 3106 1451 colamus.
3197 1387 3301 1450 Ita
3352 1409 3470 1470 pro
3526 1411 3593 1453 se
3638 1411 3963 1475 quemque
4019 1394 4159 1457 iure
4215 1414 4331 1458 suo

2385 1474 2561 1537 ultro
2606 1471 2862 1551 cedere,
2905 1481 2973 1536 et
3015 1472 3302 1536 multum
3343 1473 3680 1540 remittere
3724 1498 3843 1560 par
3887 1486 4012 1543 est:
4061 1479 4185 1544 nisi
4232 1478 4329 1543 di-

2387 1557 2735 1644 gladiando
2790 1558 3092 1624 volumus
3150 1558 3279 1622 Dei
3333 1557 3506 1623 dona
3560 1581 3788 1626 concer
3835 1565 3854 1627 i
3911 1571 3976 1628 et
4027 1564 4329 1629 lacerari:

2387 1645 2621 1728 quibus
2666 1667 2823 1710 suus
2868 1645 3081 1709 honor
3124 1644 3351 1708 haberi
3397 1645 3653 1728 nequit,
3699 1669 3785 1730 qu
3812 1674 3857 1714 n
3901 1650 4092 1715 simul
4140 1648 4332 1714 detur

2386 1732 2582 1796 venia
2617 1731 2816 1809 vitiis,
2854 1729 3244 1813 quibuscum
3278 1730 3607 1815 permixta
3642 1745 3814 1799 sunt.
3882 1736 4178 1800 Eatenus
4216 1758 4331 1800 au-

2385 1824 2519 1881 tem
2545 1838 2747 1899 quum
2770 1816 3118 1914 procedere
3141 1817 3433 1899 aequitas
3469 1824 3696 1882 nostra
3729 1826 3796 1883 et
3829 1821 4183 1886 moderatio
4220 1820 4331 1887 de·

2383 1903 2563 1982 beat,
2610 1923 2804 1986 quam
2846 1902 3141 1987 graviter
3185 1900 3649 1986 delinquimuS,
3709 1903 3866 1969 dum
3909 1906 3990 1970 ob
4027 1909 4328 1987 incertas,

2386 1998 2581 2089 atque
2627 2011 2733 2054 cas
2777 1986 3110 2053 interdum
3153 1988 3363 2066 nihili,
3411 1989 3929 2071 suspiciunculas
3976 1992 4329 2059 dissilimus

2387 2076 2466 2139 ab
2502 2076 2601 2153 iis,
2640 2096 2917 2158 quorum
2954 2074 3270 2139 habemus
3306 2040 3635 2157 pietatem,
3683 2076 4144 2159 sinceritatem,
4181 2101 4330 2162 pro·

2385 2160 2659 2226 bitatem
2702 2160 3050 2226 luculentis
3094 2159 3497 2226 documentis
3533 2164 3976 2244 compertam?
4066 2133 4331 2248 Duplex

2386 2255 2609 2312 autem
2632 2246 3216 2312 animadvertimus
3240 2247 3686 2329 suspicionum
3721 2270 3950 2331 genus,
3990 2250 4166 2316 unde
4188 2251 4329 2334 plu-

2385 2334 2628 2398 rimum
2668 2333 2990 2397 malorum
3030 2340 3097 2397 et
3132 2332 3285 2396 olim
3323 2333 3569 2415 accepit
3606 2344 3671 2396 et
3718 2334 3911 2400 hodie
3950 2337 4185 2420 accipit
4231 2358 4334 2403 ec-

2385 2419 2598 2485 clesia.
2666 2420 2807 2483 Aut
2851 2418 3005 2482 dum
3052 2418 3518 2496 sinistrorsum,
3564 2439 3728 2500 quae
3772 2432 4095 2504 geruntur
4130 2444 4169 2487 a
4201 2424 4332 2488 fra-

2384 2505 2598 2571 tribus
2643 2505 3157 2588 symmystisque
3200 2505 3458 2583 nostris,
3494 2505 4031 2607 interpretamur:
4079 2530 4244 2607 quae
4279 2510 4334 2573 si

2386 2591 2655 2657 dextros
2696 2590 3137 2690 benignosque
3175 2591 3452 2655 arbitros
3489 2597 3683 2654 nacta
3718 2592 3870 2671 sint,
3916 2594 3986 2657 ιιι
4021 2595 4333 2695 optimam

2385 2686 2640 2761 partem
2686 2677 2906 2759 accipi,
2956 2677 3060 2741 vel
3101 2683 3278 2740 certe
3322 2696 3578 2759 quoque
3613 2677 3806 2740 modo
3845 2683 4144 2745 excusari
4180 2703 4331 2764 pos-

2384 2766 2533 2830 sint.
2626 2765 2763 2828 Aut
2817 2762 2972 2826 dum
3029 2761 3110 2825 ad
3168 2761 3564 2827 hauriendos
3630 2761 4163 2848 imbibendosque
4223 2790 4334 2831 ru-

2386 2870 2601 2915 mores
2624 2847 2947 2932 quoslibet
2983 2848 3261 2911 nimium
3294 2848 3482 2929 proni
3520 2848 3925 2914 inclinamus
3997 2850 4183 2931 Quae
4217 2873 4332 2916 au-

2021 2937 2132 3019 qui
2173 2944 2283 3001 ut-
2333 2917 2337 2984 ι
2387 2945 2522 3001 tem
2557 2935 2710 3000 inde
2746 2942 3229 3016 consequantur
3248 2933 3443 3012 mala,
3481 2936 3768 3017 cogitare
3795 2937 4101 3003 malimus
4138 2959 4334 3021 quam

2333 3023 2338 3047 '
2387 3022 2689 3106 experiri.
2780 3021 3000 3104 Atque
3045 3019 3201 3084 ideo
3237 3020 3626 3105 cogitemus,
3684 3044 3811 3105 quo
3868 3022 4334 3106 praecavendis

342 3115 438 3172 sto
485 3116 706 3172 nostra
751 3107 1058 3189 obsequia
1105 3100 1465 3208 approbare
1510 3110 1843 3191 cupimus,
1891 3110 2064 3192 piam
2109 3110 2286 3174 inter
2387 3131 2650 3175 omnem
2693 3106 3147 3190 impendamus
3192 3127 3472 3189 operam
3561 3106 3867 3189 Proinde,
3912 3110 4084 3208 quod
4120 3111 4333 3174 incre-

2389 3196 2571 3261 dibili
2615 3194 2782 3260 bono
2825 3194 3119 3257 futurum
3163 3192 3349 3257 nobis
3377 3202 3491 3270 est,
3536 3202 3761 3259 mutua
3798 3196 4013 3278 potius
4051 3197 4332 3261 benevo-

2386 3283 2591 3346 lentia
2637 3281 3037 3363 caritateque
3088 3286 3442 3357 certemus,
3490 3278 3815 3362 praesidio
3864 3282 3973 3346 alii
4010 3282 4156 3346 aliis
4192 3304 4334 3347 esse

2389 3366 2887 3445 contendamus,
2951 3365 3060 3429 alii
3120 3364 3280 3430 alios
3338 3364 3422 3429 ad
3477 3366 3760 3431 officium
3816 3377 3883 3433 et
3926 3369 4225 3451 exemplo
4270 3374 4337 3433 et

2389 3452 2844 3519 adhortatione
2887 3471 3335 3535 provocemus.
3427 3451 3554 3516 His
3599 3455 4027 3519 certaminum
4075 3465 4139 3519 et
4182 3475 4336 3519 con-

2391 3540 2758 3603 tentionum
2802 3538 3027 3602 formis
3085 3559 3215 3601 non
3256 3538 3602 3621 fatigatur,
3662 3560 3794 3603 non
3840 3552 4147 3619 vexatur,
4208 3563 4333 3605 non

2388 3624 2713 3725 affligitur
2755 3622 3054 3689 ecclesia:
3111 3622 3226 3687 sed
3270 3623 3546 3707 vigescit
3589 3625 3831 3707 potius,
3874 3626 4174 3704 florescit,
4220 3648 4337 3692 no-

2387 3711 2617 3795 visque
2652 3709 3073 3774 incrementis
3116 3710 3557 3774 confirmatur.
3620 3708 3695 3775 Si
3729 3712 4203 3777 coniunctionis
4223 3734 4338 3795 pa·

2389 3799 2609 3881 cisque
2667 3793 2961 3861 studium
3016 3801 3143 3872 est,
3204 3794 3537 3860 doctrinae
3579 3797 3811 3896 potius·
3844 3798 4337 3879 animorumque

2388 3903 2743 3967 urgeamus
2788 3880 3138 3959 unitatem,
3185 3901 3381 3962 quam
3427 3883 3851 3947 caeremoniis
3905 3882 3988 3946 ad
4047 3903 4337 3966 unguem

2388 3965 2871 4034 conformandis
2924 3966 3245 4031 morosius
3301 3967 3697 4032 insistamus.
3789 3935 4339 4051 Indignissimum

2389 4063 2490 4121 est
2532 4053 2726 4132 enim,
2772 4060 2847 4117 ut
2883 4054 2952 4116 in
2997 4052 3229 4135 quibus
3272 4051 3639 4118 libertatem
3685 4052 4010 4117 Dominus
4055 4054 4336 4137 reliquit,

2390 4163 2516 4241 quo
2562 4140 2770 4204 maior
2814 4145 2986 4204 esset
3029 4137 3414 4204 aedificandi
3458 4138 3750 4217 facultas,
3799 4138 4102 4204 servilem
4153 4161 4337 4222 prae-

2391 4229 2587 4293 terita.
2640 4224 3087 4291 aedificatione
3141 4224 3661 4290 conformitatem
3718 4245 4122 4306 quaeramus.
4214 4227 4338 4291 At-

2390 4314 2504 4397 qui
2559 4312 2669 4379 ubi
2726 4311 2809 4376 ad
2864 4332 3194 4376 summum
3254 4310 3416 4374 illud
3473 4307 3756 4374 tribunal
3803 4316 4076 4376 ventum
4119 4312 4341 4391 fuerit,

2390 4398 2502 4466 ubi
2546 4396 2880 4464 reddenda
2923 4399 3048 4462 erit
3092 4396 3245 4461 olim
3289 4396 3641 4460 functionis
3685 4411 3948 4461 nostrae
3985 4397 4170 4476 rati0,
4218 4399 4340 4462 mi-

2390 4488 2569 4550 nima
2591 4486 2717 4550 erit
2738 4484 2818 4549 de
2841 4482 3262 4548 caeremoniis
3282 4482 3604 4565 quaestio:
3643 4502 3855 4565 neque
3893 4484 4157 4548 omnino
4181 4484 4341 4550 haec

2389 4573 2459 4637 in
2503 4571 2701 4637 rebus
2746 4570 3034 4635 externis
3079 4568 3532 4646 conformitas,
3586 4567 3700 4634 sed
3757 4569 4089 4653 legitimus
4144 4570 4339 4635 liber-

2392 4659 2548 4722 tatis
2594 4677 2751 4722 usus
2794 4655 2875 4719 ad
2923 4652 3245 4754 calculum
3291 4620 3659 4720 vocabi'tur:
3706 4654 4040 4738 legitimus
4077 4654 4341 4720 demum

2392 4741 2789 4818 censebitur,
2848 4741 2956 4824 qui
3006 4739 3086 4805 ad
3140 4740 3657 4806 aedificationem
3702 4741 4061 4823 plurimum
4113 4749 4339 4807 contu-

2389 4829 2560 4894 lerit.
2628 4830 2788 4892 Tota
2830 4848 2984 4911 ergo
3026 4825 3410 4905 sollicitud0‚
3456 4827 3815 4911 vigilantia,
3853 4826 4197 4906 industria,
4235 4848 4337 4893 se-

2393 4916 2638 4980 dulitas
2660 4921 2884 4979 nostra
2903 4914 2974 4976 in
2997 4912 3167 4977 hanc
3195 4912 3716 4978 aedificationem
3746 4913 4108 4978 incumbat:
4144 4934 4340 4996 quam

2393 5008 2651 5066 tantum
2709 4996 3053 5065 succedere
3110 4999 3419 5077 sciamus,
3482 5006 3804 5082 quantum
3859 4998 3929 5063 in
3987 4999 4155 5063 serio
4210 4999 4342 5066 Dei

2393 5090 2646 5166 timore,
2690 5087 2943 5151 sincera
2986 5086 3261 5167 pietate,
3306 5105 3689 5167 morumque
3732 5106 3863 5148 non
3907 5086 4062 5150 ficta
4102 5088 4347 5152 sancti-

2394 5181 2531 5238 tate
2572 5172 2933 5256 profectum
2982 5173 3193 5235 fuerit.

2201 5359 2474 5417 FINIS.

549 5446 768 5502 Calvina·
790 5464 972 5518 opera.
1055 5447 1170 5505 Vol.
1210 5447 1271 5500 V.

3866 5444 3929 5496 21
