5100 6061
668 410 791 471 379

2322 398 2498 463 IAO.
2547 395 3020 463 SADOLE'I'I

4552 407 4677 469 380
4722 498 4729 503 Α

665 592 922 659 volunt?
942 625 946 629 >
984 591 1159 655 Num
1189 591 1505 657 hominum
1530 593 1577 674 ¹)
1617 591 1866 656 animas
1900 569 2291 652 arbitrantur
2315 607 2443 649 una
2477 606 2617 650 cum
2670 602 2676 672 μ
2724 606 2881 665 cum,
2928 593 2982 652 et
3026 594 3164 653 ante
3207 611 3334 669 nos,
3383 592 3553 675 lonqe
3586 597 3641 656 et
3674 593 3797 658 late
3823 613 3942 675 per
3977 592 4179 658 orbem
4214 598 4527 658 terraram
4562 600 4675 659 tua

665 679 1024 760 corporibus
1064 679 1203 742 suis
1249 678 1551 742 interire?
1615 676 1704 740 Et
1747 675 2051 739 nimirum
2095 673 2163 737 id
2197 673 2486 736 videntur
2523 674 2617 735 in-

2724 673 2908 755 siqna
2955 681 3152 740 essent
3193 678 3453 757 sequuti,
3500 679 3571 742 in
3610 679 3821 743 eadem
3859 679 4159 743 sententia
4202 700 4334 743 esse
4378 686 4433 745 et
4471 682 4545 761 fu
4556 683 4677 746 isse

664 785 872 864 nuere,
918 765 1080 845 quod
1123 769 1316 846 ayunt
1357 764 1545 828 etiam
1586 761 2002 841 manifestius,
2043 779 2234 839 quum
2276 757 2618 821 libertatem
2724 760 3291 840 animadverterem,
3334 769 3405 827 ut
3445 766 3646 830 cuncti
3690 770 3949 846 matrem
3987 765 4138 844 fidei
4180 785 4335 830 suae
4377 766 4537 830 lianc
4581 767 4679 847 ip-

665 851 790 917 sibi
833 851 997 914 vitae
1040 850 1117 913 ab
1159 851 1440 915 omnibus
1483 848 1907 913 ecclesiasticis
1950 845 2218 908 solutam
2263 843 2516 925 leyibus,
2563 849 2618 906 et

664 937 981 1002 licentiam
997 939 1054 1018 ²)
1080 937 1488 1016 cupiditatum
1507 954 1868 1014 comparare
1902 932 2291 996 adnituntur.
2353 929 2426 992 Si
2451 930 2615 992 enim

665 1023 957 1089 mortalis
1012 1023 1226 1085 anima
1281 1023 1391 1099 sit,
1446 1021 1703 1085 edamus
1747 1023 1800 1082 et
1841 1019 2154 1093 bibamus,
2211 1017 2416 1095 inquit
2469 1035 2615 1093 apo-

665 1110 886 1186 stolus,
935 1107 1130 1189 paulo
1169 1112 1305 1188 post
1348 1107 1511 1170 enim
1553 1107 1925 1169 moriemur.-
1978 1104 2082 1167 sin
2127 1106 2331 1165 autem
2375 1102 2457 1165 sit
2503 1101 2615 1163 im-

665 1195 965 1272 mortalis,
1011 1199 1077 1256 ut
1119 1199 1272 1257 certe
1316 1198 1418 1268 est,
1458 1193 1637 1268 unde,
1685 1211 1927 1272 quaesO,
1974 1194 2216 1252 tantum
2263 1192 2318 1250 et
2360 1192 2487 1251 tam
2523 1207 2615 1250 re-

656 1286 843 1361 pente
881 1280 1115 1360 sactum
1159 1283 1246 1342 est
1292 1279 1570 1359 corporis
1624 1283 1814 1342 morte
1869 1275 2237 1352 dissui-ium,
2295 1278 2363 1336 ut
2418 1279 2470 1335 et
2529 1274 2614 1335 vi-

666 1365 937 1431 ventium
981 1371 1034 1428 ct
1077 1369 1454 1428 mortuorum
1500 1365 1747 1426 animae
1780 1365 1940 1426 inter
1962 1382 2027 1424 se
2060 1360 2221 1424 nina
2255 1364 2610 1440 conqruant,

667 1451 830 1516 nihil
882 1452 1348 1528 communicent,
1411 1451 1610 1513 omnis
1665 1451 1793 1512 sint
1849 1447 2225 1530 coyseationc‘s
2279 1445 2615 1521 nobiscum,

2722 865 2860 907 sam
2902 846 3216 911 ecclesiam
3261 855 3654 931 aynoscerent
3697 855 3752 913 et
3802 855 4260 929 venerarentur,
4318 858 4372 915 et
4416 853 4493 916 ab
4536 853 4676 916 eius

2710 933 3063 1011 praeceptis
3104 936 3569 1014 constitutisque
3611 937 3918 1001 discedere
3959 936 4279 1020 sacrilegii
4319 939 4527 1002 instar
4552 959 4677 1019 pu-

2720 1021 2934 1094 tarent,
2984 1018 3050 1080 in
3092 1017 3207 1083 hac
3251 1021 3467 1084 eadem
3501 1022 3640 1101 fide,
3685 1043 3875 1101 quam
3910 1023 4210 1088 catholica
4242 1029 4451 1088 servat
4483 1025 4677 1089 docet-

2720 1123 2837 1182 que
2892 1103 3168 1183 ecclesia,
3217 1106 3485 1187 probare
3540 1108 3652 1171 tibi
3708 1128 3804 1170 me
3856 1110 4090 1172 studui.
4179 1109 4266 1173 Et
4309 1131 4674 1191 quanquam

2717 1194 3006 1252 venerant
3036 1189 3315 1268 nomines
3348 1193 3491 1256 novi
3523 1194 3873 1275 scripturas
3906 1196 4171 1259 multum
4208 1197 4275 1259 in
4309 1217 4414 1261 ore
4448 1202 4504 1260 et
4536 1218 4672 1260 ma-

2718 1274 2903 1337 nibus
2938 1274 3250 1356 habentes,
3306 1279 3417 1357 qui
3461 1300 3620 1344 nova
3663 1280 3971 1359 quaedam
4013 1301 4411 1360 commovere,
4465 1288 4674 1347 vetera

2718 1359 3117 1439 labefacta-re,
3186 1363 3501 1428 ecclesiam
3556 1366 3957 1446 redarquere‚
4018 1367 4420 1431 obedientiam
4477 1388 4673 1448 quam

2718 1445 2820 1509 illi
2856 1466 2966 1509 nos
3000 1467 3207 1512 omnes
3229 1450 3699 1528 praebebamus,
3746 1452 3982 1531 eripere
4016 1453 4192 1516 nobis
4225 1459 4281 1517 et
4315 1459 4672 1535 extorquere

669 1543 725 1601 et
766 1539 1105 1601 communis
1149 1535 1460 1600 humanae
1506 1537 1813 1599 societatis
1856 1534 2120 1597 oblitae?
2192 1532 2402 1612 Quum„
2431 1551 2614 1610 prae-
2663 1543 2668 1592 ἱ
2718 1537 3103 1610 conarentur,
3147 1535 3214 1596 in
3261 1556 3325 1599 eo
3367 1540 3571 1599 tamen
3614 1541 3959 1601 constanter
3990 1559 4239 1603 manere
4272 1539 4460 1616 volui,
4505 1540 4673 1620 quod

666 1624 883 1688 sertim
939 1625 1202 1700 cca-itas,
1269 1641 1428 1702 quae
1487 1622 1891 1702 praecipuum
1956 1619 2225 1698 spiritus
2283 1617 2485 1680 sancti
2543 1617 2613 1679 in
2665 1653 2668 1676 ι

666 1709 1261 1790 christianayenere
1304 1712 1392 1771 est
1446 1708 1700 1784 donum,
1757 1727 1914 1787 quae
1969 1724 2292 1784 nunquam
2347 1723 2468 1766 non
2523 1701 2616 1765 be-

2719 1637 2775 1714 a·
2790 1618 3085 1696 patri-bus
3123 1621 3295 1697 meis,
3340 1626 3395 1684 et
3438 1645 3479 1686 a
3523 1623 3832 1686 communi
3872 1625 4409 1689 sanctissimorum
4453 1626 4675 1690 doctis-

2718 1723 3139 1784 simorumque
3182 1711 3445 1785 patrum
3500 1729 3795 1773 consensu
3839 1711 3971 1774 iam
4017 1710 4159 1775 inde
4202 1712 4553 1791 antiquitus
4594 1711 4672 1775 in

667 1797 879 1878 niqna„
924 1814 1249 1874 nunquam
1290 1814 1412 1856 non
1454 1795 1778 1872 fructuosa
1822 1795 1926 1868 est,
1969 1796 2022 1853 et
2057 1791 2122 1852 in
2161 1809 2224 1852 co
2264 1790 2329 1851 in
2364 1808 2480 1868 quo
2519 1788 2616 1850 in-
2719 1789 2970 1853 ecclesia
3011 1792 3234 1870 suisset
3278 1797 3333 1855 et
3374 1793 3761 1859 observatum
3805 1800 3861 1858 et
3904 1797 4237 1860 traditum.-
4293 1798 4405 1860 etsi-
4450 1798 4672 1862 multo-

667 1887 757 1946 est
799 1900 1119 1961 nunquam
1164 1879 1471 1943 inutiliter
1517 1879 1821 1955 consistit,
1878 1878 2059 1940 salva
2104 1895 2345 1954 semper
2390 1879 2444 1936 et
2485 1874 2615 1952 effi·
2665 1873 2670 1976 ff
2718 1896 2863 1938 rum
2915 1877 3163 1956 quidem
3207 1879 3579 1957 praesidum
3631 1880 4068 1961 hominumque
4119 1882 4671 1948 ecclesiasticorum

667 1970 801 2033 cax'
825 1968 896 2031 in
929 1972 1194 2045 utraque
1229 1966 1361 2029 vita
1385 1969 1764 2044 permanea-t.
1837 1963 1958 2027 Sed
1995 1967 2063 2025 ut
2096 1962 2446 2040 relinquam
2482 1978 2617 2023 con-
2665 1989 2671 2056 ᾖ
2708 1967 3063 2041 praesen-tes
3118 1981 3318 2027 mores
3373 1970 3570 2030 essent
3624 1967 3706 2043 ii,
3761 1967 3873 2048 qui
3916 1966 4076 2032 milii
4118 1968 4498 2032 stomachum
4540 1990 4668 2033 mo-

672 2054 1032 2130 troversia-s,
1087 2070 1308 2130 easque
1352 2052 1435 2113 ad
1476 2071 1596 2114 sua
1638 2056 1911 2130 tempora
1957 2068 2290 2124 reservem,
2349 2046 2617 2110 excutia-
2668 2071 2671 2096 ι
2720 2067 2856 2110 vere
2898 2053 3151 2128 possent
3166 2098 3181 2128 ,
3240 2050 3463 2129 quibus
3518 2057 3723 2116 tamen
3778 2074 3902 2118 non
3954 2074 4097 2118 sum
4140 2075 4183 2118 a
4225 2056 4525 2118 sententia
4567 2055 4671 2119 de·

670 2159 814 2203 mus
849 2140 919 2202 id
953 2138 1116 2218 quod
1138 2137 1335 2216 prius
1370 2141 1457 2199 cst
1481 2137 1885 2216 propositum,
1920 2140 1991 2197 ut
2025 2133 2316 2198 videatur
2348 2137 2401 2196 et
2435 2152 2617 2212 quae-
2666 2105 2672 2238 *
2721 2134 2954 2196 ductus.
3044 2134 3153 2197 Ita
3206 2137 3373 2200 enim
3427 2139 3748 2217 constitui,
3820 2159 4029 2203 eorum
4070 2141 4447 2220 praeceptis,
4507 2160 4671 2221 quae

670 2230 872 2301 ratur,
916 2223 1071 2303 quid
1113 2222 1286 2286 nobis
1324 2224 1528 2304 maqe's
1566 2222 1877 2300 conducat,
1919 2223 2209 2300 tactuque
2247 2219 2474 2282 rectius
2517 2218 2616 2295 sit,
2667 2241 2672 2334 ff
2712 2223 2873 2282 certe
2928 2224 3146 2284 sancta
3200 2228 3405 2301 erant,
3461 2222 3870 2305 obtemperare
3922 2247 4017 2289 me
4073 2227 4309 2302 debere,
4370 2227 4558 2290 sicuti
4600 2231 4671 2290 tu

615 2331 620 2335 ·
672 2311 827 2391 quid
865 2309 949 2373 ad
986 2309 1260 2391 qratiam
1301 2309 1533 2371 summi
1567 2306 1694 2372 Dei
1740 2307 2128 2372 obtinendam
2163 2304 2366 2387 maqis
2402 2303 2484 2367 sit
2520 2324 2617 2368 ac-
2668 2341 2671 2380 2
2720 2303 2900 2369 Deus
2942 2306 3014 2368 in
3057 2311 3157 2369 tao
3201 2310 3514 2390 evanqelio
3546 2331 3982 2392 praeceperas,
4028 2313 4191 2376 vitae
4227 2318 4430 2376 autem
4475 2317 4531 2375 et
4568 2333 4669 2394 ye—

672 2395 1146 2473 commodatum,
1205 2395 1504 2457 sentirene
1560 2413 1698 2457 cum
1752 2395 2048 2457 universa
2108 2392 2356 2455 ecclesia
2374 2440 2387 2467 ,
2456 2390 2618 2453 eius-
2667 2437 2672 2472 ,
2719 2395 2955 2454 storum
2978 2396 3033 2454 te
3056 2413 3249 2455 mium
3280 2395 3549 2458 iudicem
3582 2416 3711 2460 esse
3745 2402 4043 2478 oportere:
4064 2399 4439 2479 praesertim
4474 2418 4669 2478 quum

672 2502 789 2564 que
842 2481 1097 2545 decretis
1152 2486 1209 2544 et
1263 2481 1494 2563 leqibus
1550 2484 1606 2544 et
1661 2479 2067 2543 sacramentis
2124 2483 2269 2556 [pag.
2320 2480 2425 2553 22]
2478 2495 2617 2539 cum
2667 2477 2671 2562 j
2722 2495 2825 2558 690
2868 2497 3120 2556 quoque,
3166 2477 3268 2541 liis
3310 2485 3390 2543 tot
3421 2484 3723 2561 peccatis,
3780 2503 3938 2563 quae
3992 2485 4063 2547 in
4114 2484 4231 2548 liae
4285 2504 4424 2558 mea
4466 2485 4670 2566 fronte

669 2568 794 2648 tide
847 2566 1285 2646 obtemperare,
1345 2587 1428 2628 an
1478 2567 1774 2630 assentiri
1830 2564 2180 2631 hominibus
2235 2562 2510 2628 dissidia
2562 2566 2618 2625 et
2723 2583 2797 2626 en
2841 2561 2952 2625 tibi
2994 2564 3332 2644 manifesta
3384 2573 3556 2647 sunt,
3612 2569 4092 2634 commaculatus
4148 2575 4355 2651 atque,
4380 2570 4666 2652 infectus,

671 2674 774 2718 res
815 2673 1008 2716 novas
1050 2651 1536 2732 quaerentibus?
2721 2648 2992 2712 aliorum
3048 2650 3279 2732 diqnus
3334 2653 3519 2717 iudex
3574 2674 3703 2718 esse
3742 2675 3866 2720 non
3897 2676 4163 2735 posse-m.
4259 2655 4389 2720 Pro
4442 2655 4670 2737 quibus

846 2738 972 2802 Hic
1010 2739 1176 2804 locus
1221 2744 1336 2817 est,
1376 2738 1694 2802 carissimi
1736 2738 1999 2818 fratres,
2045 2736 2152 2800 hoc
2195 2735 2359 2801 illud
2400 2738 2488 2798 est
2531 2732 2618 2796 bi-

669 2826 842 2890 vium
883 2825 1046 2904 quod
1087 2825 1340 2889 diversa
1383 2825 1505 2889 duo
1558 2825 1629 2887 in
1682 2824 1912 2887 itinera
1963 2823 2301 2890 scinditur.-
2352 2840 2618 2901 quorum

668 2912 789 2976 iter
831 2911 1094 2974 alterum
1137 2913 1223 2976 ad
1267 2912 1460 2974 vitam
1473 2961 1487 2989 ,
1532 2911 1793 2975 alterum
1833 2911 1919 2974 ad
1949 2915 2322 2991 perpetuam
2365 2911 2617 2970 mortem

669 3018 783 3062 nos
827 2996 1102 3062 deducat.
1192 2996 1279 3061 In
1321 2996 1428 3062 hoc
1479 2997 1845 3063 discrimine
1887 3002 1941 3062 et
1986 2996 2217 3062 delectu
2260 2995 2472 3078 aqitur
2516 3012 2617 3057 sa-

669 3083 772 3149 lus
816 3085 1068 3148 animae
1111 3085 1330 3164 cuique
1372 3104 1549 3164 suae,
1610 3088 1881 3165 ayuntur
1901 3084 2191 3165 'piynora
2230 3084 2485 3161 fut-urae
2526 3079 2616 3142 vi-

668 3174 797 3235 tae:
850 3175 1062 3233 utrum
1104 3170 1381 3237 videlicet
1422 3190 1535 3234 nos
1578 3175 1861 3234 aeternae
1899 3169 2250 3250 felicitatis,
2309 3188 2393 3232 an
2435 3166 2618 3230 mise·

667 3256 809 3321 riae
852 3256 1139 3336 infinitae
1181 3257 1383 3319 simus
1421 3256 1627 3336 futuri
1660 3260 1973 3334 compotes.
2070 3255 2236 3334 Quid
2278 3274 2419 3336 erqo
2462 3252 2619 3317 dice-

595 3386 598 3393 ·
667 3342 862 3406 mus?
928 3340 1280 3424 Finqamus
1322 3341 1422 3405 liic
1464 3343 1637 3418 duos,
1682 3342 1796 3421 qui
1838 3361 1914 3403 ex
1955 3344 2214 3420 utroque
2243 3359 2477 3422 qenere,
2512 3337 2619 3402 hoc

669 3433 778 3504 est,
822 3432 1083 3508 utroque
1126 3448 1202 3491 ex
1246 3429 1489 3505 itinere,
1546 3432 1690 3491 ante
1733 3427 1892 3491 illud
1932 3426 2205 3491 terribile
2248 3428 2480 3490 summi
2523 3425 2620 3487 iu-

670 3514 834 3579 dicis
876 3513 1156 3577 tribunal
1197 3515 1325 3577 sint
1369 3514 1707 3578 constituti:
1761 3533 2025 3593 quorum
2067 3532 2262 3577 causa
2304 3530 2620 3594 coquosca-

672 3605 777 3664 tur
821 3604 876 3662 et
927 3600 1327 3679 expendatur,
1383 3620 1503 3680 quo
1557 3600 1648 3663 vel
1692 3599 2086 3663 damnatoria
2130 3600 2200 3662 in
2243 3619 2342 3663 eos
2385 3601 2619 3663 senten-

671 3686 792 3764 tia,
852 3686 944 3748 vel
999 3685 1310 3750 salutaris
1362 3688 1501 3749 iare
1552 3686 1714 3766 ferri
1755 3687 1975 3766 possit.
2067 3683 2619 3767 Interroqabantur

667 3772 984 3855 fuerintne
1045 3769 1441 3836 Christiani?
1530 3770 1760 3847 Fuisse
1814 3792 1880 3835 se
1934 3771 2106 3834 ambo
2162 3772 2375 3835 dicent.
2468 3771 2618 3834 Rec-

671 3863 805 3923 tene
846 3857 1221 3921 crediderint
1261 3859 1330 3920 in
1368 3857 1735 3921 Christum?
1814 3857 2069 3938 Utrique
2089 3859 2338 3938 pariter
2367 3876 2619 3938 respon-

671 3942 918 4020 debunt,
966 3942 1122 4008 Nae.
1221 3944 1386 4024 Quid
1439 3948 1648 4007 autem
1702 3944 2099 4021 crediderint,
2160 3949 2268 4007 aut
2323 3944 2618 4024 quomodo

670 4030 1043 4094 crediderint
1077 4032 1282 4108 quum'
1302 4029 1787 4109 explorabuntur
1812 4033 1988 4111 (nam
2023 4030 2173 4094 haec
2207 4031 2281 4094 de
2310 4030 2434 4110 fide
2454 4034 2618 4093 recta

671 4116 955 4197 coqnitiO,
1001 4114 1179 4178 illam
1222 4136 1379 4194 quae
1422 4120 1509 4179 est
1553 4117 1626 4178 de
1669 4118 1799 4179 vita
1840 4121 1893 4179 et
1935 4116 2227 4193 moribus,
2276 4116 2618 4197 antecedit),

670 4221 867 4283 quum
909 4202 1107 4283 iqitur
1148 4202 1226 4265 ab
1268 4203 1360 4265 eis
1398 4203 1678 4283 exiyetur
1719 4207 1912 4265 rectae
1949 4202 2099 4282 fidei
2141 4202 2465 4282 confessio,
2524 4201 2620 4263 di-

669 4291 757 4351 cet
811 4286 917 4350 ille
971 4287 1217 4366 quidem
1271 4289 1380 4368 qui
1433 4289 1502 4351 in
1560 4286 1887 4352 catholicae
1944 4288 2229 4351 ecclesiae
2271 4289 2506 4367 yremio
2567 4290 2619 4348 et

671 4373 1016 4454 disciplina
1065 4374 1262 4453 fuerit
1315 4374 1640 4437 educatus.-
1695 4374 1859 4455 qu,
1919 4394 2118 4454 quum
2165 4374 2485 4438 institutus
2528 4392 2619 4436 es-

670 4476 888 4524 sem·a
917 4459 1296 4539 parentibus
1333 4460 1505 4535 meis,
1551 4461 1663 4539 qui
1707 4466 1764 4523 et
1806 4460 1934 4540 ipsi
1977 4481 2019 4522 a
2049 4458 2346 4538 patribus
2388 4458 2527 4521 suis
2567 4463 2621 4520 et

667 4546 812 4609 avis
862 4551 1242 4625 acceperant,
1303 4549 1373 4607 ut
1426 4547 1661 4608 cunctis
1715 4548 1783 4609 in
1839 4545 2024 4609 rebus
2067 4543 2396 4609 catholicae
2440 4545 2617 4608 eccle-

669 4632 805 4696 siae
858 4651 1052 4696 essem
1108 4631 1468 4711 obsequenS,
1525 4631 1780 4713 eiusque
1835 4632 1997 4714 leyes
2046 4636 2103 4695 et
2143 4631 2378 4695 monita
2420 4635 2474 4695 et
2517 4631 2619 4694 de-

672 4723 854 4795 creta,
897 4722 1196 4796 tanquam
1241 4737 1283 4779 a
1324 4721 1379 4778 te
1422 4717 1573 4795 ipsO,
1619 4717 1888 4782 Domine
1932 4716 2128 4794 DeuS,
2170 4717 2303 4780 lata
2345 4717 2622 4781 observa-

671 4822 805 4867 rem
847 4809 902 4867 et
943 4810 1230 4867 colerem.-
1276 4822 1587 4883 quumque
1616 4824 1825 4868 omnes
1860 4824 1958 4868 cos
1988 4804 2148 4884 fere,
2203 4803 2315 4883 qui
2358 4805 2427 4866 in
2462 4802 2623 4867 cliri-

670 4890 878 4953 stiano
926 4893 1073 4967 [pag.
1114 4892 1219 4965 23]
1265 4889 1509 4952 nomine
1562 4894 1973 4967 censerentur,
2027 4891 2257 4971 quique
2315 4893 2369 4952 et
2422 4888 2622 4953 nobis-

813 5128 868 5194 1)
909 5129 1106 5183 Editio
1145 5127 1280 5181 G-enc
1293 5128 1474 5181 vensis
1499 5125 1636 5181 1540
1662 5128 1908 5181 mendose
1936 5131 2182 5195 scripsit:
2221 5130 2486 5182 Numnam
2511 5129 2621 5182 ani·

672 5213 807 5264 maS,
843 5199 989 5266 quod
1018 5203 1292 5266 sequentes
1327 5212 1510 5250 omnes
1544 5203 1845 5250 servarunt.
1909 5197 2103 5250 Gallus
2137 5214 2360 5268 quoque,
2396 5199 2495 5267 qni
2526 5198 2621 5251 ha-

673 5267 784 5320 bet.-
817 5284 921 5320 noz
957 5284 1133 5334 ames,
1170 5266 1445 5319 lectionem
1475 5268 1770 5334 yenuinam
1807 5267 2085 5333 iqnorasse
2122 5267 2350 5321 videtur.
2558 5265 2621 5330 2)

674 5335 858 5404 Iqu.
894 5341 944 5388 et
979 5336 1111 5404 Arq.
1146 5335 1312 5389 male:
1347 5336 1579 5390 licentia.
2210 5376 2213 5379 ι

2723 2755 2885 2798 Δηιιηο
2925 2735 3100 2800 adsto
3144 2741 3284 2800 ante
3327 2738 3604 2803 tribunal
3646 2745 3839 2820 tuum,
3883 2761 4005 2805 non
4048 2742 4433 2807 severitatem
4475 2747 4668 2820 tuam,

2722 2821 3193 2887 clementissime
3251 2828 3397 2900 [pag.
3438 2828 3545 2902 24]
3591 2825 3800 2904 Deus,
3856 2828 3967 2890 scd
4024 2828 4519 2892 misericordiam
4552 2847 4669 2906 po-

2721 2908 2850 2971 tius
2881 2913 2935 2970 et
2954 2906 3447 2987 placabilitatem
3480 2912 3842 2991 implorans.
3909 2911 4172 2977 Dixerit
4204 2914 4312 2977 boc
4342 2916 4517 2979 modo
4554 2914 4670 2977 iste

2720 3013 2981 3058 causam
3030 3013 3226 3059 suam.
3322 2994 3628 3061 OEtabitur
3683 2998 3853 3079 alter,
3908 3000 4292 3081 comparebit.
4383 2998 4669 3081 Impera-

2721 3080 2890 3144 bitur
2930 3080 3029 3143 illi
3082 3086 3151 3143 ut
3203 3082 3383 3146 dicat.
3474 3083 3664 3167 Hunc
3715 3084 3957 3151 habebit
4015 3107 4304 3152 exorsum
4361 3086 4670 3153 orationis

2721 3186 2875 3230 suae
2936 3166 3236 3250 (ftnyatur
3278 3169 3443 3233 enim
3490 3170 3565 3234 de
3614 3170 3750 3237 illis
3790 3192 3957 3237 unus
4006 3193 4136 3238 esse
4179 3174 4290 3255 qui
4332 3178 4504 3251 sunt,
4559 3177 4672 3237 aut

2718 3252 2971 3333 fuerunt
3012 3252 3470 3319 dissensionum
3516 3261 3792 3321 autores.-
3846 3259 4073 3324 melius
4125 3260 4290 3324 enim
4344 3260 4523 3324 credo
4576 3264 4671 3321 tu-

2721 3338 2957 3402 tabitur
2995 3340 3110 3403 iste
3152 3360 3410 3404 causam
3451 3362 3651 3421 suam,
3695 3345 3806 3424 qui
3848 3365 3913 3408 se
3954 3345 4250 3410 doctorem
4290 3345 4547 3411 caeteris
4584 3343 4671 3408 ad

2721 3424 3125 3505 deficiendum
3161 3425 3239 3490 ab
3273 3428 3523 3492 ecclesia
3554 3429 4149 3514 fueritprofessus):
4186 3430 4376 3509 Mihi,
4410 3430 4670 3511 inquiet,

2723 3531 2757 3575 o
2798 3531 3034 3575 summe
3077 3512 3284 3591 Deus,
3330 3514 3591 3579 intuenti
3633 3536 3835 3581 mores
3874 3516 4199 3581 bominum
4243 3516 4673 3583 ecclesiast-ico-

2710 3618 2864 3683 rum
2906 3598 3131 3678 ubique
3168 3600 3299 3680 fere
3352 3606 3668 3682 corruptos
3682 3653 3697 3680 ,
3755 3608 3809 3666 et
3862 3602 4203 3669 sacerdotes
4256 3602 4671 3667 nihilominus

2721 3684 3049 3766 reliqionis
3077 3686 3293 3767 qratia
3326 3687 3394 3749 in
3427 3687 3653 3752 honore
3687 3689 3968 3753 omnibus
4003 3709 4134 3753 esse
4171 3691 4453 3768 cementi,
4499 3707 4673 3769 opes-

2722 3790 2838 3849 que
2882 3769 3137 3833 illorum
3180 3772 3395 3851 iniquo
3439 3774 3650 3860 animo
3689 3775 3930 3853 ferenti,
3976 3776 4163 3853 iusta,
4207 3781 4276 3839 ut
4309 3780 4493 3856 puto,
4537 3774 4677 3836 ira-

2722 3856 2954 3920 cundia
2997 3857 3279 3920 animum
3320 3857 3759 3936 inflammavit,
3805 3866 3874 3924 ut
3914 3881 4010 3926 me
4051 3860 4188 3926 illis
4229 3861 4673 3926 adversarium

2723 3943 3177 4006 constituerem:
3229 3964 3538 4025 quumque
3580 3948 3943 4025 respicerem
3988 3968 4083 4011 me
4127 3948 4363 4028 ipsum,
4420 3948 4533 4028 qui
4587 3950 4677 4010 tot

2725 4048 2923 4092 annos
2964 4048 3214 4109 operam
3247 4028 3448 4093 literis
3485 4034 3539 4095 et
3579 4031 3907 4116 theoloqiae
3940 4033 4262 4111 dedissem,
4305 4054 4429 4097 non
4463 4037 4676 4096 tamen

2723 4114 2943 4177 habere
2996 4135 3135 4178 eum
3179 4116 3249 4178 in
3294 4115 3546 4181 ecclesia
3593 4118 3819 4196 locum,
3876 4139 4053 4199 quem
4097 4119 4336 4183 labores
4378 4120 4505 4182 mei
4546 4138 4675 4182 me-

2723 4200 2833 4263 riti
2875 4206 3087 4279 essent,
3132 4200 3356 4265 multos
3398 4207 3601 4266 autem
3644 4204 3934 4286 indiynos
3969 4205 4055 4269 ad
4089 4204 4345 4270 honores
4379 4210 4435 4269 et
4467 4224 4675 4269 sacer-
4738 4237 4751 4253 ‹

2722 4286 2893 4349 dotia
2934 4286 3145 4352 extolli
3174 4289 3597 4367 perspicerem
3613 4340 3626 4365 ,
3689 4290 3774 4354 ad
3825 4310 3953 4367 603,
4006 4291 4226 4370 fatcor,
4280 4290 4674 4356 insectandos

2722 4392 2818 4435 me
2861 4372 3116 4450 contuli,
3172 4393 3327 4452 quos
3380 4370 3505 4438 tibi
3549 4395 3785 4455 quoque
3838 4376 3969 4456 ipsi
4023 4377 4282 4441 minime
4312 4376 4566 4457 placere
4610 4380 4674 4440 et

2722 4457 3084 4538 satisfacere
3125 4478 3269 4522 sum
3311 4464 3509 4543 ratus·
3598 4461 3687 4524 Et
3734 4463 4028 4542 quoniam
4084 4483 4293 4526 eorum
4326 4463 4676 4543 potentiam

2723 4543 3010 4607 revellere
3063 4564 3186 4607 non
3234 4550 3541 4625 poteram,
3599 4547 3729 4611 nisi
3786 4547 4109 4613 obtererem
4150 4550 4347 4630 prius
4389 4548 4549 4631 leyes
4589 4547 4674 4611 ab

2725 4629 2976 4693 ecclesia
3019 4629 3213 4707 latas,
3262 4631 3487 4712 populi
3530 4652 3823 4716 maqnam
3862 4640 4107 4714 partem
4164 4634 4426 4713 induxi,
4481 4640 4552 4699 ut
4593 4654 4675 4699 ea

2724 4716 3011 4780 ecclesiae
3051 4717 3203 4779 iura
3244 4722 3670 4797 contemneret,
3727 4740 3885 4800 quae
3939 4720 4056 4785 diu
4099 4726 4238 4785 ante
4281 4725 4425 4785 rata
4469 4721 4673 4784 invio-

2725 4801 2973 4881 lataque
3019 4802 3301 4882 fuissent.
3397 4804 3568 4884 Quae
3621 4806 3680 4869 si
3734 4806 3803 4870 in
3856 4807 4136 4889 conciliis
4202 4805 4674 4871 universalibus

2721 4888 2996 4969 fuissent
3038 4888 3301 4967 decreta,
3356 4890 3751 4955 conciliorum
3805 4893 4128 4957 autoritati
4183 4914 4303 4956 non
4356 4893 4678 4957 conceden-

2726 4975 2877 5039 dum
2921 4994 3052 5039 esse
3092 4975 3264 5039 dici.-
3313 4975 3375 5038 si
3417 4977 3706 5041 instituta
3746 4999 3789 5042 a
3823 4979 4064 5059 priscis
4094 4977 4393 5059 patribus
4435 4984 4490 5043 et
4529 4978 4675 5043 doc-

2727 5060 2994 5139 toribus,
3050 5065 3278 5124 veteres
3318 5067 3541 5141 patres
3581 5069 3653 5127 ut
3694 5064 4013 5144 imperitos
4056 5069 4112 5128 et
4162 5063 4354 5128 bonae
4396 5068 4677 5145 expertes

2686 5186 2697 5197 ,
2729 5150 2875 5224 [pag.
2903 5152 3009 5225 25]
3051 5147 3485 5229 intelliqentiae
3526 5170 3668 5213 sum
3701 5152 4102 5214 criminatus:
4143 5150 4203 5212 si
4225 5170 4348 5229 per
4383 5170 4680 5215 romanos

2714 5233 3057 5313 pontifices,
3103 5253 3202 5297 eos
3246 5234 3369 5298 sibi
3410 5237 3759 5301 astruxisse
3801 5236 4215 5319 tyrannidem
4261 5241 4317 5300 et
4353 5235 4520 5318 falso
4565 5255 4676 5299 no—

2726 5319 2889 5383 mine
2928 5319 3197 5385 vicarios
3236 5340 3303 5385 se
3343 5320 3578 5387 Christi
3615 5323 3817 5388 dicere
3850 5321 4204 5402 affirmavi:
4247 5320 4533 5387 omnibus
4569 5322 4675 5387 de-
