5100 6061
564 370 571 380 ι
687 436 943 503 XXVI
1878 429 2424 500 TRAOTATUS
2469 427 3058 497 'PHEOLOGIOI
3099 428 3543 496 Mmomsss.

660 600 667 608 ’
703 647 824 709 que
865 624 987 691 l’on
1027 644 1104 688 ne
1157 622 1400 689 sauroit
1449 626 1695 687 trouver
1746 620 1984 687 nonime
2037 620 2148 701 qui
2199 620 2458 702 wsques
2501 618 2544 683 ὰ
2587 624 2846 702 present
2887 620 2982 684 ait
3022 620 3247 703 expose'
3287 620 3442 703 plus
3496 620 3873 687 dextr-emat
3925 618 4299 684 PEscriture
4349 618 4615 684 saincte:
4665 622 4722 686 et

688 758 865 820 pour
906 737 1129 802 l‘autre
1169 734 1367 800 bande
1406 734 1480 799 de
1528 732 1848 813 tesmoins,
1903 733 2063 797 voici
2117 731 2207 797 les
2257 732 2525 814 fwrieuae
2568 731 3044 815 mataeoloqiens
3095 732 3372 797 ennemis
3413 732 3594 796 iwrez
3635 731 3711 796 de
3753 733 3821 798 la
3864 731 4056 797 verite
4097 731 4173 797 de
4209 729 4412 811 Dieu,
4466 731 4578 811 qui
4619 736 4724 796 ont

704 848 1514 930 escumetouteleurraye
1557 849 1902 928 contretoy
1958 844 2279 909 devantet
2331 848 2847 925 aprestamort.
2939 839 4721 925 Mancependantffouiaupresdelesusohristton

700 962 964 1025 maistre
1006 961 1114 1024 des
1154 958 1353 1042 loyers
1397 958 1542 1023 dont
1584 956 1633 1019 il
1674 975 2055 1039 recompense
2093 960 2197 1020 ton
2235 953 2420 1035 fidele
2462 955 2725 1019 service:
2770 960 2827 1018 et
2868 976 3038 1036 vous,
3082 954 3334 1038 Eylises
3376 955 3462 1021 du
3503 954 3610 1035 fils
3650 955 3725 1020 de
3758 954 3949 1034 Dieu,
3992 954 4312 1019 continuae
4349 952 4725 1035 d'aprendre

700 1072 810 1138 des
864 1072 1058 1137 livres
1117 1072 1192 1136 de
1246 1090 1311 1134 ce
1361 1070 1569 1153 yrand
1626 1069 1901 1147 docteur,
1956 1068 2068 1149 qui
2124 1071 2315 1148 ayant
2368 1067 2434 1131 la
2491 1065 2709 1131 bouche
2759 1067 2918 1132 close
2959 1087 3036 1131 ne
3079 1068 3270 1132 laisse
3326 1067 3641 1148 toutesfois
3687 1065 3975 1152 (mauyre
4019 1064 4263 1150 l'envie)
4306 1066 4381 1131 de
4423 1086 4577 1131 vous
4618 1087 4721 1131 en-

698 1186 944 1269 seiyner
998 1203 1240 1247 encores
1294 1180 1732 1263 auiomd'huy.
1844 1180 2054 1261 Quant
2108 1178 2150 1244 ὰ
2206 1199 2385 1257 vous,
2449 1177 2789 1259 Sophistes‚
2841 1184 3145 1244 monstres
3195 1179 3550 1245 detestables
3590 1184 3648 1244 et
3693 1199 3886 1244 vouee
3925 1177 3967 1243 ὰ
4001 1178 4355 1260 perdition,
4399 1198 4472 1242 en
4529 1180 4719 1244 conti-

702 1301 907 1361 nuant
948 1293 1243 1377 d'abayer
1296 1312 1483 1375 apres
1523 1313 1588 1358 ce
1640 1292 1841 1358 sainct
1894 1296 1949 1356 et
1992 1291 2157 1356 docte
2209 1290 2594 1374 Τήεοῑορὶεη,
2612 1292 3010 1379 ,descmwrez
3060 1291 3135 1355 de
3177 1291 3334 1373 plus
3376 1311 3455 1356 en
3493 1291 3650 1372 plus
3692 1296 3892 1355 vostre
3943 1292 4155 1356 sottise
4201 1296 4257 1355 et
4298 1290 4719 1373 meschancete',

654 1474 663 1482 ,
701 1407 839 1489 afin
878 1428 995 1489 que
1060 1407 1181 1472 l’on
1238 1426 1391 1471 vous
1442 1405 1608 1488 sifsle
1667 1409 1725 1469 et
1781 1404 2066 1484 maudie,
2131 1424 2206 1467 en
2251 1403 2570 1468 attendant
2622 1424 2740 1484 que
2794 1403 2850 1467 le
2900 1404 3059 1467 iuste
3111 1404 3253 1486 iuye
3306 1404 3480 1471 viene
3522 1423 3696 1485 pour
3748 1404 3971 1469 rendre
4012 1402 4056 1466 ὰ
4096 1402 4367 1469 chascun
4410 1401 4578 1468 selon
4619 1423 4725 1468 ses

703 1540 963 1585 oewvres.
1066 1517 1181 1582 Au
1236 1523 1419 1597 reste,
1483 1515 1707 1582 Calvin
1761 1517 1998 1582 devenu
2043 1514 2437 1597 phthisique,
2492 1515 2533 1578 ὰ
2579 1535 2764 1581 cause
2805 1516 2882 1579 de
2926 1536 3024 1580 ses
3067 1514 3274 1580 veilles
3319 1519 3377 1578 et
3418 1516 3797 1581 abstinences
3850 1518 3988 1596 trop
4025 1515 4325 1598 yrandes,
4384 1519 4636 1579 mom-ut
4679 1514 4726 1579 ὰ

716 1630 957 1696 Geneve
992 1631 1121 1695 l’an
1150 1629 1265 1694 mil
1305 1630 1449 1711 cinq
1484 1646 1629 1693 cens
1672 1627 1956 1692 soixante
1991 1621 2225 1709 quatre,
2267 1627 2323 1690 le
2364 1627 2850 1711 vinytseptiesme
2891 1628 3035 1691 iour
3071 1626 3152 1709 ,de
3197 1624 3372 1708 May,
3419 1630 3618 1691 estam
3658 1648 3735 1693 en
3777 1627 3976 1711 l’aaye
4018 1627 4094 1693 de
4134 1627 4462 1709 cinquante
4502 1631 4725 1708 quatre

701 1764 838 1822 ans,
883 1743 1058 1826 vinyt
1098 1742 1251 1805 trois
1294 1740 1581 1821 desquels
1622 1738 1675 1804 il
1717 1739 1886 1803 avoit
1932 1740 2239 1822 employez
2281 1760 2358 1803 en
2400 1739 2465 1803 la
2508 1738 2733 1822 charye
2775 1738 2851 1804 de
2884 1743 3150 1821 pasteur
3193 1743 3248 1802 et
3289 1738 3534 1803 docteur
3575 1738 3651 1803 de
3705 1744 3858 1804 ceste
3899 1738 4117 1822 Eylise
4161 1759 4294 1820 par
4336 1738 4445 1821 luy
4486 1737 4727 1803 dressee

698 1860 757 1919 et
795 1854 1078 1935 affermie
1118 1872 1243 1917 non
1285 1871 1441 1918 sans
1473 1852 1747 1934 yrandes
1788 1850 2147 1933 difficzdtez‚
2203 1857 2259 1915 et
2302 1850 2453 1933 qu’il
2496 1851 2662 1915 avoit
2700 1853 3161 1915 heureusement
3197 1851 3540 1932 youverne'e
3594 1871 3740 1915 avec
3793 1871 3892 1916 ses
3943 1852 4145 1917 doctes
4185 1870 4593 1935 compaynons
4635 1870 4725 1914 au

699 1966 1020 2030 ministere
1060 1965 1298 2029 durant
1335 1982 1401 2027 ce
1436 1966 1650 2044 temps.
1742 1961 1821 2028 Il
1859 1962 1961 2043 fut
2013 1963 2249 2027 enterre'
2298 1984 2448 2027 sans
2506 1982 2749 2027 aucune
2776 1982 3028 2043 pompe,
3084 1981 3309 2026 comme
3360 1962 3411 2027 il
3463 1983 3538 2028 en
3581 1963 3748 2027 avoit
3787 1962 3986 2029 donne
4024 1962 4248 2047 charye
4296 1956 4610 2045 expresse,
4667 1967 4727 2027 et

702 2076 805 2159 fut
846 2074 1103 2160 reyrette
1142 2094 1370 2139 comme
1397 2094 1555 2156 pere
1597 2075 1672 2139 de
1716 2078 1858 2140 tous
1900 2094 2056 2139 ceux
2102 2075 2178 2140 de
2225 2074 2481 2153 Geneve,
2527 2078 2584 2137 et
2625 2075 2698 2138 de
2730 2073 3064 2156 plusieurs
3102 2073 3318 2155 fideles
3375 2094 3594 2157 espars
3638 2096 3715 2140 en
3756 2075 4032 2141 diverses
4063 2076 4312 2156 parties
4354 2075 4443 2140 du
4483 2076 4723 2141 monde.

703 2188 909 2252 Entre
951 2187 1042 2251 les
1083 2190 1293 2250 autres
1328 2186 1389 2251 ie
1436 2185 1556 2251 Th.
1601 2186 1675 2251 de
1718 2184 1923 2252 Besee
1962 2186 2075 2268 fus
2117 2206 2206 2250 un
2250 2187 2326 2252 de
2368 2206 2521 2251 ceux
2562 2186 2678 2268 qui
2730 2185 3023 2267 deplora-vs
3075 2206 3187 2251 son
3239 2190 3483 2267 trespas
3515 2207 3650 2268 par
3691 2209 3781 2253 un
3833 2189 4212 2271 epiqramme
4253 2187 4475 2268 Latin,
4529 2186 4727 2269 lequel

707 2320 751 2365 a
796 2298 918 2364 este
955 2297 1172 2363 tourne
1213 2318 1290 2362 en
1334 2295 1653 2378 Francois
1693 2317 1923 2362 comme
1964 2297 2257 2363 s’ensuit:

1605 2484 1952 2570 Pourquoy
1999 2487 2165 2552 dans
2205 2507 2326 2552 une
2364 2487 2532 2568 fosse
2575 2486 2826 2552 obscure
2867 2491 2924 2552 et
2960 2488 3257 2570 incoynue

1773 2597 1898 2663 Est
1938 2597 2005 2663 la
2048 2598 2228 2664 chair
2274 2599 2349 2664 de
2397 2596 2622 2663 Calvia
2652 2620 2786 2680 par
2829 2599 2896 2664 la
2938 2604 3100 2664 mort
3137 2599 3437 2664 detenue?

1774 2707 1878 2774 De
1916 2729 1982 2775 ce
2024 2710 2192 2775 docte
2240 2709 2482 2790 Calvin,
2526 2714 2663 2774 tant
2703 2716 2759 2775 et
2798 2716 2934 2775 tant
2973 2711 3225 2775 redoute

1770 2820 1874 2887 De
1921 2820 2119 2887 Rome
2161 2823 2460 2887 ruineuse
2502 2827 2559 2887 et
2598 2823 2674 2886 de
2716 2821 2783 2887 la
2830 2821 3136 2904 Papaute,

1596 2931 1857 3014 Duquel
1901 2933 1990 2998 les
2027 2954 2178 3016 yens
2219 2935 2294 2999 de
2337 2934 2474 2998 bien
2516 2934 2792 2998 desirent
2835 2933 2898 2998 la
2931 2954 3240 3016 presence,

1772 3045 1864 3110 Et
1904 3046 1980 3110 de
2025 3048 2138 3127 qui
2181 3047 2270 3111 les
2313 3045 2636 3111 meschans
2678 3048 3000 3130 craiqnent
3037 3067 3294 3113 mesmes
3336 3047 3658 3115 l'absence:

1771 3156 1875 3221 De
1918 3160 2028 3238 qui
2073 3164 2242 3222 vertu
2280 3159 2536 3238 poni-oit
2578 3158 2741 3241 (tant
2781 3158 2832 3222 il
2869 3159 3043 3223 estoit
3081 3164 3256 3224 vestu

1768 3268 1858 3333 Et
1898 3272 2049 3334 orne
2093 3270 2169 3333 de
2208 3271 2449 3353 yrands
2491 3270 2673 3350 dens)
2719 3271 3029 3352 aprendre
3071 3270 3137 3335 la
3179 3276 3369 3338 vertu.

1598 3379 1709 3445 En
1752 3382 2144 3446 l'admirable
2185 3402 2368 3446 cours
2410 3383 2485 3446 de
2526 3402 2640 3446 son
2682 3383 2978 3448 heureuse
3017 3383 3117 3446 vie

1779 3493 1958 3559 Pour
2002 3513 2333 3577 compayne
2376 3493 2696 3558 ordinaire
2737 3494 2789 3559 il
2831 3499 2934 3560 eut
2975 3494 3039 3558 la
3079 3495 3402 3560 modestie:

1773 3604 1924 3670 Elle
1971 3612 2218 3671 entcrra
2268 3604 2485 3670 Cati-in
2532 3606 2609 3672 de
2651 3625 2754 3671 ses
2794 3606 2962 3672 deum
2990 3625 3266 3687 propres
3306 3608 3532 3673 mains.

1608 3715 1662 3782 Ο
1704 3718 1994 3783 moncelet
2024 3719 2382 3798 pondreux,
2428 3739 2545 3800 que
2588 3723 2695 3782 ton
2738 3718 2908 3782 hoste
2945 3717 3261 3783 t’konore!

1780 3829 1949 3911 Qu’il
1990 3852 2035 3912 y
2076 3852 2119 3894 a
2159 3832 2237 3895 de
2282 3831 2608 3895 tombeaux
2653 3850 2761 3895 ore
2804 3835 2971 3895 entre
3014 3831 3104 3896 les
3145 3829 3442 3898 humains

1774 3940 2010 4007 Iatoux
2055 3948 2112 4006 et
2151 3943 2447 4008 desireux
2488 3943 2567 4007 de
2610 3941 2803 4006 l'heur
2844 3943 2956 4024 qui
2997 3946 3053 4007 te
3093 3943 3346 4008 decore!

1011 4137 1298 4202 'sextum
1341 4136 1630 4203 latinum
1675 4138 1874 4204 huius
1918 4139 2248 4218 carminiS,
2305 4138 2476 4222 quod
2534 4141 2675 4223 ipse
2730 4146 2919 4204 autor
2967 4140 3051 4206 ob
3109 4140 3513 4224 singularem
3557 4142 3838 4208 formam
3891 4147 4201 4223 ἐπίμικτον
4244 4142 4430 4224 dicit,
4488 4147 4726 4225 utpote

629 4281 641 4296 ·
707 4247 1095 4331 primarium
1137 4258 1204 4314 et
1246 4249 1721 4328 authenticum,
1769 4250 2262 4335 subiungimus:

1842 4419 2085 4485 Romae
2126 4423 2369 4486 ruentis
2412 4428 2611 4488 terror
2655 4423 2758 4488 dle
2798 4424 3137 4504 maximus,

1846 4533 2040 4614 Quem
2081 4538 2395 4598 mortuum
2441 4535 2653 4617 luqent
2690 4534 2848 4615 boni,
2888 4535 3252 4600 horrescunt
3290 4537 3461 4618 mali,

1839 4643 2002 4725 Ipsa
2044 4666 2086 4709 a
2131 4665 2251 4726 quo
2280 4646 2496 4726 potuit
2536 4648 2825 4711 virtutem
2865 4649 3100 4713 discere
3137 4649 3358 4729 virtus,

1844 4755 1976 4822 Gur
2018 4758 2172 4823 adeo
2213 4758 2436 4840 exiyuo
2479 4759 2802 4841 iynotoque
2845 4759 2916 4824 in
2956 4761 3179 4840 cespite
3218 4761 3474 4827 clausus

1846 4866 2150 4935 Calvinus
2192 4870 2396 4949 lateat,
2439 4870 2671 4953 roqas?

1845 4978 2179 5047 Calvinum
2222 4981 2479 5047 assidue
2520 4982 2812 5047 comitata
2851 4982 3154 5048 modestia
3192 4985 3421 5066 vivum,

1840 5092 1976 5158 Hoc
2014 5097 2259 5161 'tinnulo
2305 5093 2596 5159 manibus
2636 5095 2911 5160 condidit
2949 5096 3098 5176 ipsa
3138 5097 3295 5161 suis.

1847 5204 1901 5271 Ο
1942 5211 1998 5271 te
2040 5207 2282 5274 beatum
2323 5209 2608 5290 cespitem
2651 5210 2819 5271 tanto
2859 5207 3142 5287 hospite!

1849 5316 1902 5381 0
1946 5319 2051 5384 cui
2093 5320 2372 5386 invidere
2415 5324 2633 5386 cuncta
2663 5321 2921 5400 possint
2959 5323 3318 5386 marmora!
