5100 6061
690 413 1021 483 XXVIII
1880 412 2427 484 TRAGTATUS
2473 413 3061 484 THEOLOGIOI
3103 414 3546 485 MINORES.

2507 674 2912 732 AVTRE.

1825 852 1990 918 Lors
2027 875 2145 938 que
2191 853 2419 921 Calvin
2461 855 2735 939 chanyea
2776 861 2933 922 ceste
2971 858 3069 922 vie
3108 854 3380 922 nmo-telle

1649 963 1718 1030 A
1762 964 2033 1031 l'etemel
2072 986 2254 1049 repes
2296 967 2370 1033 de
2410 987 2489 1033 sa
2526 967 2777 1050 solicite,
3435 1058 3440 1063 ὑ

1649 1075 2053 1161 L’ennuyemc
2094 1079 2254 1159 mois
2295 1078 2370 1143 de
2412 1077 2591 1163 May,
2637 1080 2750 1161 qui
2791 1079 2848 1144 le
2884 1099 3044 1145 nous
3085 1099 3129 1144 a
3171 1078 3312 1160 oste,

1654 1186 1944 1273 Chanyea
1986 1194 2117 1255 tout
2158 1210 2246 1255 au
2287 1189 2545 1256 rebours
2585 1211 2663 1256 sa
2699 1190 2886 1273 factm
2927 1191 3247 1257 natureae.

1825 1360 2005 1444 May,
2048 1362 2161 1443 qui
2201 1362 2331 1427 doit
2367 1362 2645 1428 resiouir
2685 1362 2752 1427 la
2792 1368 2950 1429 terre
2988 1362 3375 1441 anniversale,

1649 1470 1740 1536 Et
1773 1473 2034 1538 revestir-
2074 1472 2168 1538 les
2207 1472 2462 1556 champs
2500 1474 2581 1540 de
2621 1494 2698 1539 sa
2735 1476 2919 1541 verde
2959 1474 3192 1555 beaute,

1648 1582 1830 1665 May,
1874 1584 1988 1666 qui
2029 1584 2162 1649 doit
2202 1584 2560 1651 descouvrir
2599 1585 2667 1651 la
2706 1584 2878 1651 riche
2919 1586 3263 1652 nouveaute

1646 1694 3367 1779 Demilleetmillesleursquelaterrenouscele:

1822 1865 1986 1967 May
2027 1888 2187 1934 nous
2230 1890 2272 1933 a
2307 1868 2686 1951 despouillez
2729 1869 2803 1934 de
2842 1874 2971 1935 tout
3013 1876 3457 1952 contemmere,

1648 1976 1812 2062 May
1853 2000 1896 2043 a
1937 1978 2173 2064 okanye'
2213 2000 2325 2045 son
2364 1983 2513 2047 verd
2557 2002 2635 2047 en
2676 1980 2849 2046 dueil
2891 1987 2946 2047 et
2987 2003 3063 2048 en
3101 1986 3442 2049 tourment:

1645 2089 1829 2174 Bref,
1873 2110 1939 2158 oe
1986 2089 2146 2175 May
2182 2092 2285 2176 fut
2326 2114 2414 2158 tm
2454 2095 2620 2160 mois
2661 2114 2748 2159 au
2787 2094 2952 2160 mois
2991 2094 3068 2159 de
3111 2093 3274 2179 May
3313 2093 3636 2162 contraire.

1823 2260 1952 2329 Gar
1996 2284 2085 2329 au
2126 2265 2255 2329 lieu
2296 2266 2435 2332 d’en
2476 2266 2727 2346 donner,
2769 2267 2824 2332 iz
2862 2267 3030 2332 ravit
3070 2272 3278 2332 nostre
3312 2267 3492 2346 fleur.

1648 2372 1827 2440 Mais
1875 2395 1949 2441 en
1992 2375 2238 2441 l’ostant
2279 2378 2368 2442 du
2411 2378 2647 2457 monde,
2690 2378 2741 2443 il
2781 2379 2890 2443 n'a
2925 2399 3050 2461 pas
3092 2399 3236 2445 scen
3277 2384 3411 2445 tant
3447 2379 3639 2462 faire,

1653 2487 1859 2570 Qu’au
1904 2488 2126 2554 monde
2171 2489 2219 2552 iz
2259 2493 2401 2554 n’en
2443 2489 2727 2554 domeure
2765 2509 2886 2554 une
2924 2490 3288 2557 immortelle
3328 2491 3536 2558 odeur.

2502 2734 2911 2742 *—

2058 2916 2306 2999 Calvim
2346 2920 2557 3004 qrand
2599 2918 2878 2985 Doctewr
2917 2940 2991 2985 en
3032 2919 3323 3004 l'Eylise,

2056 3030 2127 3097 Ν
2130 3032 2240 3097 ’est
2279 3032 2404 3098 clos
2444 3034 2520 3098 de
2563 3033 2882 3114 sepulture
2921 3033 3195 3115 eoa-quiea

2187 3144 2301 3210 Au
2333 3164 2519 3226 repes
2560 3144 2670 3209 des
2708 3144 2958 3210 Sainds
2997 3149 3360 3228 bre-§passa

2055 3255 2158 3320 Ne
2200 3255 2299 3321 lui
2341 3256 2632 3322 dressons
2673 3257 2783 3321 des
2828 3254 3224 3339 oemtath

2052 3367 2190 3434 Des
2234 3369 2532 3449 discours,
2576 3371 2648 3433 Μ’
2689 3370 2798 3435 des
2825 3367 3189 3450 Epitaphes
3202 3392 3222 3432 :

2187 3479 2305 3546 Ses
2351 3482 2570 3548 escrits
2610 3480 2707 3545 lui
2749 3501 2827 3546 en
2863 3480 2999 3563 font
3039 3499 3234 3544 assez.

3313 3607 3390 3672 L.
3432 3605 3528 3674 M.

999 3870 1253 3937 Textus
1310 3871 1453 3955 ipse
1509 3894 1659 3939 cum
1714 3872 2041 3940 indicibus
2097 3881 2364 3941 centum
2423 3875 2756 3940 terniones
2809 3874 3060 3941 obtinet
3121 3873 3391 3958 (A—23
3448 3873 3759 3953 Aa—-Zz3
3813 3871 4200 3952 Aaa-Zzz;
4255 3871 4720 3951 Aaaa—Zzzz;

700 3981 1308 4070 Aaaaa—Hhhhh)
1360 3983 1431 4049 in
1473 3983 1706 4068 quibus
1751 3994 1906 4052 sunt
1948 3987 2120 4050 2318
2164 3986 2506 4053 columnae
2550 3992 2962 4067 numeratae,
3012 3993 3082 4051 et
3114 3992 3457 4068 praeterea
3495 3984 3934 4069 quadraginta
3975 3982 4275 4068 paginae
4302 3982 4714 4066 postlimina-

699 4114 823 4159 res.
892 4092 1229 4177 Opuscula
1266 4117 1307 4161 a
1341 4093 1601 4162 Stoerio
1645 4096 1838 4178 edita,
1883 4104 1961 4163 ut
1998 4099 2131 4162 iam
2177 4096 2484 4178 diximus,
2530 4096 2763 4162 eadem
2805 4097 2922 4162 illa
2964 4102 3125 4162 sunt
3169 4118 3334 4180 quae
3377 4096 3556 4162 Beza
3598 4116 3770 4161 anno
3822 4099 3984 4160 1566
4030 4095 4401 4179 collegerat,
4446 4094 4712 4160 eodem-

696 4225 823 4285 que
857 4204 1086 4272 ordine
1132 4209 1439 4287 veniunt‚
1499 4230 1632 4274 uno
1686 4216 1978 4291 excepto.
2071 4209 2415 4275 Diatribae
2470 4208 2718 4274 scilicet
2773 4208 2941 4275 duae
2985 4215 3210 4275 contra
3252 4208 3657 4274 Balduinum
3713 4208 4025 4290 scriptae,
4084 4226 4249 4290 quas
4290 4205 4471 4289 prior
4512 4203 4717 4270 editio

694 4317 1036 4382 nonnullis
1080 4319 1226 4385 aliis
1267 4320 1675 4404 interpositis
1718 4327 2156 4406 separaverat,
2202 4321 2335 4386 iam
2377 4341 2448 4386 se
2491 4340 2716 4403 presse
2761 4327 3143 4405 sequuntur,
3186 4321 3282 4386 ita
3314 4328 3538 4386 tamen
3573 4327 3650 4384 ut
3680 4319 3999 4403 posterior
4040 4315 4490 4410 (XXXVIII)
4532 4316 4715 4400 prio-

689 4447 832 4492 rem
878 4427 1255 4515 (XXXIV)
1298 4432 1664 4514 praecedat.
1752 4433 1968 4498 Notae
2010 4432 2413 4517 marginales
2463 4431 2940 4516 frequentiores
2976 4440 3043 4498 et
3083 4432 3536 4516 locupletiores
3577 4452 3777 4516 quam
3818 4429 3991 4513 apud
4035 4430 4254 4512 ipsum
4288 4428 4549 4493 Bezam.

1002 4539 1265 4607 Indices
1320 4551 1480 4609 sunt
1532 4551 1840 4628 quatuor,
1896 4545 2150 4628 primus
2211 4547 2642 4611 Tractatuum
2691 4545 2926 4610 seriem
2969 4543 3287 4610 exhibens
3331 4544 3586 4610 duabus
3628 4542 3887 4628 paginis
3930 4540 4294 4608 absolvitur
4304 4561 4322 4621 ;
4383 4538 4713 4606 secundus

692 4653 837 4720 loca
891 4650 964 4718 S.
1012 4649 1083 4717 S.
1146 4654 1226 4718 ab
1288 4663 1514 4722 autore
1568 4655 1854 4742 allegata
1910 4664 2209 4723 recenset
2267 4657 2527 4742 paginis
2583 4655 2823 4741 viginti
2868 4661 3041 4735 octo,
3100 4657 3334 4722 tertius
3387 4656 3656 4721 nomina
3693 4662 3960 4740 patrum
4002 4652 4249 4736 passim
4289 4650 4713 4717 laudatorum

694 4767 893 4831 refert
934 4766 1197 4851 paginis
1240 4765 1522 4846 duabus3
1583 4776 1855 4853 quartus
1898 4768 2182 4852 denique
2226 4789 2449 4834 rerum
2488 4768 2988 4853 praecipuarum
3031 4768 3402 4853 catalogum
3448 4767 3932 4852 alphabeticum
3975 4765 4277 4850 praebet,
4333 4769 4477 4829 octo
4521 4761 4716 4846 pagi-

690 4877 799 4942 nis
842 4880 1408 4964 comprehensum.
1482 4881 1651 4946 *Duo
1689 4879 2144 4965 locupletiores
2185 4879 2316 4959 illi,
2361 4878 2728 4946 secundum
2772 4879 3046 4946 dicimus
3090 4887 3156 4946 et
3200 4887 3530 4964 quartum,
3577 4881 3784 4945 ternis
3827 4878 4146 4946 columnis
4189 4874 4486 4960 expressi
4525 4879 4712 4938 sunt.
4811 4867 4827 4878 ’

998 4992 1362 5078 Exemplar
1404 4992 1526 5060 hoc
1572 4992 1994 5061 Stoerianum
2036 4995 2110 5058 in
2153 4999 2380 5058 nostro
2422 5012 2654 5056 museo
2698 4998 2930 5057 exstat.
3082 4983 3104 5008 ’
