5100 6061
293 447 410 507 157

288 631 421 697 reri
476 640 863 714 coeperunt,
920 632 1027 716 agi
1081 634 1215 697 iam
1268 654 1409 697 rem
1475 654 1666 698 suam
1721 632 2132 711 existimant,
2182 643 2245 701 01

287 720 459 783 sicut
522 722 822 782 amantes
903 717 983 782 de
1057 719 1269 784 forma
1359 718 1651 783 iudicare
1738 739 1872 783 non
1955 729 2247 801 possunt,

287 804 441 886 quia
485 824 756 868 sensum
799 804 1136 869 oculorum
1177 806 1423 887 premit
1458 826 1667 870 amor:
1713 805 1807 868 ita
1842 826 2101 869 omnem
2142 807 2246 871 in-

285 887 649 974 quirendae
701 890 999 955 veritatis
1051 891 1375 956 rationem
1429 890 1625 955 iudex
1687 891 1931 955 amittit
1974 912 2246 975 occupa-

287 984 398 1041 tus
445 975 813 1040 affectibus:
874 984 1062 1041 aestu
1105 977 1333 1052 fertur,
1382 984 1447 1039 et
1489 977 1672 1041 velut
1715 976 1943 1059 rapido
1986 978 2248 1042 flumini

286 1062 692 1143 obsequitur.
793 1059 1079 1145 Ideoque
1132 1070 1207 1126 ut
1259 1029 1435 1127 idem
1490 1061 1943 1142 98111111181180
2014 1065 2250 1129 recitat.

284 1146 454 1212 libro
499 1146 613 1210 V.:
683 1147 991 1212 Fuerunt
1039 1158 1107 1213 et
1161 1149 1319 1214 clari
1370 1147 1635 1231 quidam
1696 1157 1958 1213 autores
2013 1148 2248 1230 quibus

287 1232 626 1299 videretur
680 1233 892 1297 solum
935 1235 1212 1299 oratoris
1255 1235 1542 1300 officium
1557 1286 1572 1311 ,
1619 1232 1868 1299 docere.
1946 1234 2010 1298 N
2013 1256 2248 1317 amque

286 1319 563 1385 affectus
607 1318 846 1401 duplici
889 1320 1146 1385 ratione
1190 1319 1632 1386 excludendos
1656 1318 2012 1419 putabant.
2094 1321 2245 1386 Pri-

285 1426 504 1479 mum,
565 1405 720 1488 quia
776 1406 1011 1470 vitium
1069 1419 1244 1470 esset
1295 1407 1508 1470 omnis
1563 1406 1767 1469 animi
1822 1406 2244 1489 perturbatio,

283 1457 580 1566 Deinde,
639 1492 791 1574 quia
846 1491 1131 1557 iudicem
1185 1514 1225 1557 a
1268 1493 1542 1556 veritate
1589 1491 1826 1575 depelli
1878 1492 2246 1558 misericor-

282 1575 414 1654 dia,
461 1543 580 1641 1οΙ
619 1578 747 1653 ira,
795 1577 1246 1660 similibusque
1290 1600 1425 1641 non
1469 1585 1741 1660 oportet.
1831 1577 1914 1642 In
1960 1579 2244 1643 eundem

285 1667 437 1743 [pag.
494 1678 517 1725 1
533 1668 640 1741 52]
686 1684 952 1728 sensum
991 1663 1508 1729 misericordiam
1561 1664 1793 1729 definit
1834 1665 2247 1748 Augustinus

280 1748 451 1814 libro
496 1746 625 1813 IX.
685 1748 765 1813 de
822 1748 1125 1827 Civitate,
1181 1749 1334 1815 licet
1386 1750 1532 1814 aliis
1586 1751 1821 1815 verbis.
1905 1748 2086 1830 Quid
2131 1772 2246 1815 au-

279 1844 424 1899 tem
470 1844 600 1909 est,
645 1835 887 1916 inquit,
933 1835 1408 1913 misericordia,
1464 1836 1592 1899 nisi
1650 1835 1902 1900 alienae
1946 1837 2247 1901 miseriae

278 1920 353 1984 in
397 1930 626 1985 nostro
671 1919 869 1985 corde
912 1923 1291 2004 compassi0‚
1338 1941 1467 2003 qua
1509 1922 1736 2003 utique
1778 1923 1833 1986 si
1872 1941 2244 2004 possumus,

280 2007 639 2071 subvenire
683 2007 1018 2090 cogimur?

461 2110 811 2192 Aeyritudo
866 2112 940 2174 in
991 2108 1358 2195 sapientem]
1420 2108 1819 2193 AegritudO,
1892 2117 1966 2173 ut
2018 2108 2249 2174 definit

282 2194 522 2260 Cicero
580 2195 746 2260 libro
789 2196 909 2260 IV.
960 2195 1522 2273 Tusculanarum,
1592 2204 1693 2259 est
1751 2196 1969 2277 opinio
2018 2216 2247 2262 recens

280 2282 654 2363 praesentis
700 2281 875 2359 mali,
920 2284 992 2346 in
1036 2303 1163 2363 quo
1208 2281 1490 2360 demitti,
1538 2281 1965 2362 contrahique
2011 2283 2246 2360 anim0‚

285 2374 547 2432 rectum
590 2388 730 2432 esse
775 2334 1098 2433 videatur.
1190 2369 1411 2449 Atque
1455 2375 1529 2431 111
1571 2369 1932 2451 aegrotatio
1986 2369 2057 2432 in
2106 2387 2250 2432 cor-

285 2474 465 2535 pore,
514 2453 732 2535 inquit
774 2452 948 2518 idem
994 2454 1159 2518 libro
1194 2453 1343 2530 111„
1391 2454 1483 2516 ita
1527 2452 1869 2538 aegritudo
1904 2453 1972 2518 in
2011 2454 2248 2533 anim0‚

282 2558 531 2602 nomen
579 2539 776 2604 1181101
816 2560 947 2604 non
992 2540 1317 2605 semotum
1372 2561 1412 2603 a
1455 2538 1693 2604 dolore.
1785 2540 2103 2621 Reperias
2148 2546 2247 2603 ta-

284 2645 439 2689 men
494 2625 660 2688 haec
705 2624 837 2689 duo
881 2627 1085 2692 101118
1120 2646 1312 2707 saepe
1353 2626 1621 2691 confusa
1662 2626 1733 2689 in
1770 2624 2125 2703 autoribus,
2174 2634 2251 2690 ut

284 2710 493 2774 animi
573 2712 972 2794 aegrotatiO,
1054 2720 1120 2776 et
1192 2712 1481 2793 corporis
1559 2710 1899 2795 aegritudo
1975 2711 2248 2777 dicatur.

283 2796 642 2861 Terentius
682 2798 753 2861 in
801 2797 1234 2862 Phormione:

320 2897 557 2952 Matrem
593 2900 765 2968 ipsam
804 2916 871 2953 ex
908 2900 1241 2968 aegritudine
1276 2901 1525 2955 miseram
1561 2916 1707 2953 mors
1744 2908 2076 2967 consequuta
2114 2907 2215 2954 est.

286 2982 550 3050 Cicero:
613 2986 961 3051 Definiunt
1015 2986 1214 3049 animi
1274 2985 1814 3069 aegrotationem,
1871 2986 2248 3068 opinionem

289 3071 757 3136 vehementem
815 3072 895 3136 de
950 3094 1021 3137 re
1078 3095 1208 3135 non
1254 3072 1650 3154 expetenda,
1697 3081 2010 3154 tanquam
2056 3073 2248 3137 valde

288 3157 665 3241 expetenda
708 3159 808 3224 sit.
857 3158 1035 3223 Huic
1079 3166 1299 3222 autem
1335 3157 1751 3240 aegritudini,
1798 3168 1873 3222 ut
1909 3166 2010 3223 est
2044 3160 2248 3222 animi

288 3244 665 3321 conti-actm,
693 3246 1046 3327 opponitur
1069 3241 1500 3324 εὐγνωμοσύνη,
1515 3243 1580 3307 id
1607 3252 1725 3317 est,
1750 3244 2244 3327 aequanimitas,

467 3345 704 3410 Serena
757 3347 921 3411 enim
975 3347 1113 3412 eius
1177 3368 1351 3411 mens
1399 3353 1488 3412 est
1586 3346 1718 3412 Hic
1764 3349 1965 3412 etiam
2020 3349 2249 3412 statuit

290 3433 608 3518 apathian
666 3441 734 3496 et
788 3432 1183 3511 ἀναλγησίαν,
1242 3442 1314 3496 ut
1369 3455 1460 3496 nu
1515 3455 1592 3496 us
1650 3453 1919 3515 prorsus
1974 3434 2247 3498 affectus

288 3519 653 3601 sapientem
718 3526 967 3602 1811881.

287 3604 489 3668 huius
551 3604 867 3687 propositi
942 3604 1041 3669 (110
1090 3613 1294 3669 81810.
1394 3605 1579 3688 Lege
1655 3605 1940 3669 rationes
2008 3605 2247 3686 quibus

289 3689 598 3754 nituntur
652 3690 781 3755 ΠΙ.
849 3698 914 3755 01
1090 3740 1105 3753 .
1164 3689 1685 3756 Tusculanarum

288 3774 533 3841 librum
581 3774 872 3842 Senecae
918 3776 998 3841 de
1041 3776 1169 3841 Ira.

462 3878 736 3943 Mentem
801 3878 1045 3944 obducit
1107 3885 1162 3944 et
1224 3878 1550 3961 contrahit]
1636 3879 2002 3946 Hominum
2069 3881 2245 3944 enim

290 3966 493 4029 animi
519 3971 599 4029 ut
619 3963 1081 4030 diffunduntur
1106 3965 1374 4043 laetitia,
1409 3966 1504 4030 ita
1525 3965 2011 4030 contrahuntur
2032 3966 2246 4049 aegri-

289 4050 544 4116 tudine.
604 4049 835 4116 Cicero
858 4051 1386 4116 Tusculanarum
1408 4051 1560 4116 IV.:
1597 4050 1851 4115 Eodem
1887 4052 2062 4115 enim
2088 4052 2245 4116 vitio

287 4149 393 4203 est
430 4137 660 4202 effusio
697 4138 900 4202 animi
935 4138 1007 4200 in
1041 4137 1310 4216 laetitia,
1348 4158 1475 4220 quo
1501 4137 1575 4201 in
1611 4135 1832 4202 dolore
1869 4138 2244 4202 contractio,

283 4222 478 4287 Idem
522 4223 596 4286 in
636 4222 897 4288 Laelio:
953 4223 1049 4289 Ut
1100 4223 1289 4288 bonis
1340 4224 1535 4289 amici
1588 4224 1775 4306 quasi
1820 4222 2243 4302 diffundatur,

285 4315 357 4372 et
412 4309 844 4374 incommodis
899 4309 1345 4375 contrahatur.
1438 4310 1641 4375 Libro
1686 4308 1740 4372 Ι.
1793 4309 2245 4391 Epistolarum

285 4394 373 4460 ad
432 4393 760 4476 Quintum
816 4397 1114 4461 fratrem:
1184 4396 1286 4460 Ne
1343 4396 1694 4461 contrahas
1760 4402 1875 4459 aut
1940 4394 2246 4461 demittas

284 4482 617 4558 animum,
661 4503 829 4548 neve
875 4488 940 4547 te
983 4481 1173 4547 obrui
1215 4491 1528 4563 tanquam
1573 4483 1805 4559 fluctu,
1853 4481 1946 4545 sic
1990 4482 2245 4564 magni-

283 4567 519 4633 tudine
572 4568 819 4667 negotii
887 4568 1176 4651 patiaris.
1278 4567 1536 4633 Gellius
1599 4567 1765 4633 libro
1824 4566 2052 4631 XIX:
2123 4565 2246 4633 Sa-

283 4653 534 4737 pientis
589 4654 883 4718 animum
935 4654 1274 4737 paulisper
1325 4653 1579 4721 moveri
1597 4705 1613 4731 ,
1673 4662 1741 4719 et
1798 4653 2098 4718 contrahi
2114 4706 2132 4732 ,
2178 4661 2247 4718 et

283 4740 647 4823 pallescere
690 4760 1033 4806 necessum
1079 4749 1197 4805 est.
1287 4738 1632 4806 011118οο10
1676 4738 1862 4819 dixit,
1906 4740 2094 4822 quasi
2129 4761 2246 4804 ne-

284 4825 464 4892 bulis
509 4825 958 4891 obtenebrare.

467 4929 555 4993 18
575 4929 858 5009 expedito
878 4929 1224 5009 ¹consilium
1254 4927 1457 5010 habet]
1505 4927 1762 4994 Seneca
1793 4926 1878 4993 ad
1908 4927 2245 4992 Lucilium

285 5016 462 5082 libro
506 5014 629 5079 X..
615 5036 627 5050 ·
677 5014 1042 5079 Consilium
1086 5013 1208 5078 sub
1263 5010 1368 5077 die
1417 5015 1600 5080 nasci
1656 5013 1875 5091 debet,
1933 5015 2066 5077 imo
2123 5011 2245 5078 sub

285 5103 475 5167 hora.
575 5101 722 5164 Hoc
774 5121 1029 5185 quoque
1082 5099 1281 5164 nimis
1335 5099 1602 5164 tardum
1657 5107 1786 5164 est:
1843 5098 1967 5165 sub
2019 5120 2242 5177 manu,

285 5199 369 5253 ut
414 5188 631 5263 aiunt,
685 5188 1032 5252 consilium
1082 5192 1409 5250 nascatur.
1498 5185 1607 5250 Pu
1701 5194 1769 5249 at
1822 5193 2039 5250 autem
2092 5206 2242 5250 con-

284 5275 518 5341 silium
559 5283 939 5356 promptum
982 5279 1049 5337 et
1090 5257 1470 5354 expeditum
1517 5271 1604 5335 ha
1684 5292 1774 5349 re,
1822 5281 1889 5335 01
1929 5272 2245 5353 passioni-

284 5361 491 5427 nibus
532 5366 990 5440 transversum
1040 5359 1165 5443 agi.
1251 5354 1431 5421 Illud
1484 5357 1660 5421 enim
1711 5356 2033 5422 rationem
2075 5355 2246 5422 desi-

1756 3689 2093 3755 Ciceronis
2178 3699 2246 3754 et

1731 443 2023 508 LIBER
2064 444 2156 509 11.
2245 443 2552 511 CAPUT
2593 444 2678 509 V.
2723 442 2845 508 VI.

2296 3377 2302 3526 2

1080 3517 1275 3598 Quod
1329 3538 1415 3582 an
1467 3539 1701 3584 verum
1769 3520 1885 3596 sit,
1954 3541 2087 3582 nou
2146 3527 2248 3584 est
2296 3535 2301 3552 ²

4183 451 4303 511 158

2352 631 2539 697 derat
2596 634 2762 782 pene
2801 633 3245 715 compositam,
3291 633 3418 697 hae
3461 653 3610 698 cum
3654 629 3916 699 ratione
3952 644 4127 699 stare
4167 656 4303 700 non

2353 737 2595 800 possun

3094 1009 3398 1074 CAPUT
3443 1009 3562 1073 VI.

2541 1144 2690 1209 Volo
2728 1147 2933 1226 facere
2976 1145 3184 1223 libens,
3228 1166 3385 1226 98αο
3429 1148 3597 1211 alius·
3641 1148 3853 1213 animo
3885 1149 4088 1229 faciet.
4157 1150 4307 1215 Suc-

2351 1238 2555 1295 curret
2610 1231 2841 1297 alienis
2897 1231 3192 1313 lacrymis
3206 1282 3220 1311 ,
3277 1254 3400 1296 non
3456 1235 3706 1299 accedet.
3792 1234 3991 1298 Dabit
4043 1256 4305 1300 manum

2350 1317 2663 1399 naufrayo
2683 1368 2696 1392 ,
2763 1316 2970 1381 exsuli
3021 1315 3359 1396 hospitium
3373 1368 3388 1397 ‚
3448 1321 3641 1401 eyenti
3677 1321 3924 1400 stipem,
3981 1342 4105 1385 non
4147 1322 4305 1386 hanc

2350 1403 2870 1481 contumeliosam,
2919 1422 3046 1482 qua
3079 1422 3244 1482 pasrs
3279 1406 3483 1467 maior
3523 1405 3744 1469 horum
3787 1407 3898 1487 qui
3954 1428 4019 1471 30
4061 1408 4306 1471 miseri-

2350 1491 2561 1555 cordes
2614 1489 2818 1553 videri
2867 1489 3104 1565 volunt,
3171 1489 3382 1557 abiicit
3440 1494 3494 1553 et
3541 1492 3789 1569 fastidit
3831 1512 3986 1572 quos
4023 1493 4305 1571 adiuvat,

2351 1576 2740 1657 eontinyique
2784 1574 2862 1638 ab
2907 1573 3009 1638 his
3041 1575 3236 1637 timet:
3278 1576 3386 1639 sed
3430 1582 3502 1638 ut
3542 1576 3717 1641 homo
3759 1577 3995 1642 homini
4031 1599 4108 1642 ex
4150 1598 4306 1642 com-

2349 1663 2530 1725 muni
2593 1660 2782 1725 dabit.
2889 1659 3166 1724 Donabit
3232 1664 3379 1738 [pag.
3437 1666 3580 1739 153]
3651 1662 3948 1743 lacrymis
3999 1665 4305 1729 maternis

2348 1747 2574 1829 filium,
2622 1752 2677 1810 et
2720 1750 2970 1811 catenas
3012 1746 3171 1810 solvi
3215 1745 3471 1824 iubebit,
3518 1753 3573 1811 et
3616 1748 3762 1811 ludo
3805 1751 4060 1828 eximet,
4106 1755 4164 1813 et
4205 1769 4304 1813 ca-

2349 1834 2541 1898 daver
2581 1832 2769 1897 etiam
2812 1833 3074 1897 noxium
3116 1832 3379 1911 sepeliet.
3437 1833 3529 1896 At
3566 1833 3754 1914 faciet
3791 1835 3917 1897 ista
3958 1834 4306 1916 tranquilla

2350 1924 2562 1995 mente,
2607 1918 2780 1981 vultu
2820 1938 2948 1981 suo.
3039 1916 3212 2000 Εν90
3256 1938 3378 1981 non
3423 1918 3817 1984 miserebitur
3858 1922 4111 2001 sapiens
4125 1971 4141 1999 ‚
4197 1922 4307 1986 sed

2351 2010 2697 2081 succurret,
2742 2005 2852 2068 sed
2883 2004 3178 2084 proderit
3193 2054 3206 2080 ,
3263 2004 3335 2065 in
3377 2024 3695 2068 commune
3737 2006 4057 2070 auxilium
4098 2012 4305 2084 natus,

2351 2111 2428 2155 ac
2451 2090 2780 2170 publicum
2814 2089 3054 2167 bonum,
3093 2110 3170 2153 ecc
3205 2110 3325 2170 quo
3357 2091 3530 2154 dabit
3563 2092 3785 2171 cuique
3809 2096 4088 2172 partem.-
4121 2093 4308 2156 etiam

2352 2177 2438 2240 ad
2479 2177 2874 2241 calamitosos
2904 2195 3031 2255 pro
3060 2176 3352 2255 portione
3385 2177 3845 2257 improbandos,
3892 2183 3949 2240 et
3981 2178 4306 2242 mendan-

2352 2262 2465 2326 dos
2489 2262 2815 2326 bonitatem
2856 2281 3041 2324 suam
3073 2262 3404 2342 permittet.
3488 2262 3769 2344 Afflictis
3801 2284 3940 2328 vero
3983 2268 4039 2329 et
4077 2263 4311 2344 fortius

2351 2348 2778 2412 laborantibus
2821 2347 3011 2412 nuato
3052 2347 3343 2411 libentius
3362 2348 3688 2412 subveniet.
3717 2350 3766 2431 ¹)
3819 2350 4112 2429 Quotiens
4139 2354 4310 2429 pote-

2349 2435 2462 2512 rit,
2504 2434 2795 2513 fortunae
2837 2434 3174 2497 intercedet.
3282 2433 3406 2497 Ubi
3448 2436 3615 2498 enim
3657 2432 3880 2515 opibus
3911 2436 4129 2515 potius
4167 2441 4308 2500 uta·-

2350 2525 2457 2583 tur
2498 2525 2610 2582 aut
2649 2519 2924 2596 viribus,
2978 2539 3171 2600 quam
3215 2519 3300 2583 ad
3339 2521 3721 2584 restituenda
3766 2541 3924 2617 quae
3964 2541 4152 2586 casus
4192 2521 4308 2585 im-

2344 2606 2541 2688 pulit.
2532 2608 2565 2651 2
2633 2605 2886 2669 Vultum
2929 2605 3175 2686 quidem
3218 2626 3341 2669 non
3379 2606 3639 2683 deiiciet,
3661 2626 3769 2668 nec
3792 2607 4094 2670 animum.
4155 2606 4307 2672 Cae-

2351 2696 2553 2755 terum
2596 2691 2880 2755 omnibus
2935 2692 3149 2774 dionis
3181 2691 3490 2771 proderit,
3537 2697 3596 2755 et
3635 2693 3890 2756 deorum
3929 2712 4098 2756 more
4137 2694 4306 2758 calae

2351 2778 2604 2841 18110303
2647 2777 2968 2858 propitius
3034 2778 3332 2857 respiciet.
3438 2776 3890 2842 Misericordia
3954 2778 4163 2842 vicina
4217 2784 4307 2843 est

2351 2863 2673 2941 miseriae,
2730 2862 2907 2927 habet
2949 2863 3114 2925 enim
3156 2863 3408 2959 aliquid
3451 2863 3764 2943 trahitqwe
3806 2884 3882 2926 ez:
3924 2884 4015 2927 ea.
4105 2863 4302 2928 Imbe-

2352 2948 2523 3013 cilles
2576 2948 2780 3013 oculos
2835 2968 2966 3013 esse
3018 2949 3214 3026 scias,
3268 2949 3380 3030 qui
3422 2948 3509 3012 ad
3550 2948 3826 3012 alienam
3864 2949 4305 3030 lippitudinem

2351 3037 2590 3116 etipsi
2648 3035 3130 3116 suffunduntur,
3203 3041 3334 3099 tam
3386 3034 3719 3100 mehercule
3770 3057 3962 3116 quam
4024 3034 4304 3100 morbum
4408 3039 4413 3052 '

2352 3142 2510 3200 esse,
2569 3142 2693 3185 non
2750 3121 3157 3198 Μῶν-11015001,
3211 3141 3453 3219 semper
3507 3121 3792 3186 arridere
3831 3121 4305 3200 1810881183,οέ

2352 3205 2437 3271 ad
2491 3210 2769 3271 omnium
2823 3208 3240 3271 oscitationem
3305 3208 3515 3306 ipsum
3579 3227 3817 3306 980980
3869 3229 3938 3272 03
3993 3209 4301 3273 diducere.

2355 3293 2821 3373 Misericordia,
2864 3295 3087 3357 vitium
3127 3298 3214 3357 est
3248 3294 3602 3357 animorum
3644 3294 3838 3358 nimis
3871 3294 4164 3359 miseriae
4204 3293 4304 3374 fa—

2351 3381 2658 3443 ventium.-
2713 3400 2904 3460 quam
2955 3381 3016 3443 si
3068 3381 3213 3459 quis
3277 3402 3319 3444 a
3364 3381 3644 3477 sapiente
3698 3380 3921 3462 exciyit,
3964 3401 4165 3462 prope
4217 3385 4306 3445 est

2351 3470 2421 3528 ut
2463 3464 2958 3529 lamentationem
2995 3467 3324 3548 0001901,οέ
3365 3467 3432 3528 in
3477 3465 3705 3530 alienis
3743 3466 4074 3547 funeribus
4110 3467 4305 3550 yemi-

2349 3557 2468 3615 tus.
2567 3552 2658 3613 At
2713 3572 2909 3630 980νο
2965 3571 3080 3614 non
3141 3553 3407 3649 iynoscet
3461 3553 3742 3616 vacuus?
3842 3551 4308 3617 Constituamus

2349 3657 2512 3701 nunc
2556 3655 2792 3716 980980
2842 3637 2997 3716 quid
3036 3637 3122 3700 sit
3162 3638 3376 3715 venia,
3418 3642 3490 3701 ut
3530 3639 3808 3703 sciamus
3850 3639 3999 3702 dari
4041 3638 4223 3703 illam
4266 3659 4309 3702 a

2349 3724 2626 3821 sapiente
2668 3742 2788 3786 non
2831 3723 3056 3786 debere.
3140 3722 3339 3787 Venia
3388 3727 3478 3788 est
3512 3743 3747 3804 poenae
3791 3725 4047 3789 meritae
4090 3726 4308 3788 remis-

2351 3810 2460 3872 sio.
2542 3808 2724 3873 Hanc
2778 3808 3032 3888 sapiens
3084 3828 3282 3888 quare
3347 3829 3470 3873 nou
3527 3809 3738 3873 debeat
3792 3811 3976 3888 dare,
4044 3809 4307 3872 reddunt

2350 3896 2653 3958 rationem
2695 3895 2953 3972 diutius,
2998 3894 3223 3973 quibus
3260 3894 3370 3959 hoc
3401 3896 3796 3974 propositum
3837 3900 3942 3959 est.

2526 4013 2858 4078 Succurret
2911 4012 3139 4078 alienis
3183 4013 3507 4095 lacrymiS,
3565 4035 3684 4078 nou
3728 4013 3987 4096 accedet]
4043 4013 4192 4078 Hac
4235 4034 4306 4080 re

2349 4101 2761 4183 potissimum
2814 4099 3177 4182 sapientem
3237 4121 3429 4164 suum
3481 4101 3732 4165 censeri
3788 4100 4020 4165 volunt
4077 4097 4303 4178 Stoici,

2352 4187 2406 4250 si
2452 4187 2639 4252 velut
2682 4208 2764 4249 ex
2810 4184 3174 4250 editissima
3218 4207 3366 4251 arce
3422 4187 3751 4250 fortunam
3795 4191 4044 4267 spectet
4086 4186 4157 4249 in
4201 4207 4304 4250 re·
4337 4225 4342 4230 -

2350 4272 2471 4337 bus
2515 4273 2824 4337 humanis
2867 4271 3222 4351 ludentem,
3265 4279 3333 4336 et
3375 4271 3542 4334 nihil
3585 4270 3667 4336 ad
3712 4293 3781 4336 se
3824 4271 4153 4354 pertinere
4196 4291 4305 4335 ca·

2350 4381 2462 4424 sus
2517 4380 2668 4424 suos
2725 4366 2839 4423 aut
2894 4357 3141 4422 alienos
3195 4360 3266 4422 re
3314 4364 3486 4421 utet:
3543 4378 3677 4422 non
3745 4356 3961 4422 doleat
4021 4358 4080 4421 si
4146 4356 4304 4440 quid

2352 4446 2474 4511 sibi
2519 4466 2755 4528 parum
2814 4443 3061 4508 laetum
3109 4445 3241 4509 acci
3289 4444 3439 4508 erit:
3496 4465 3614 4508 nec
3659 4444 3936 4508 aliorum
3988 4443 4305 4528 lacrymis

2350 4532 2811 4615 compatiatur:
2874 4530 2986 4595 sed
3032 4530 3184 4612 quia
3237 4531 3306 4594 in
3350 4549 3695 4594 commune
3751 4530 3996 4594 bouum
4039 4530 4304 4614 genitus

2352 4626 2468 4697 cst,
2506 4617 2742 4700 quibus
2784 4625 2999 4699 potest
3032 4636 3223 4698 opem
3258 4615 3508 4694 afferat,
3555 4623 3623 4680 et
3657 4636 3816 4699 quos
3858 4623 4076 4698 potest
4109 4636 4307 4698 opera

2350 4710 2419 4768 et
2452 4669 2789 4768 'industria
2832 4723 2952 4768 sua
2995 4699 3309 4767 sublevet.

2523 4805 2727 4871 Dabit
2779 4825 3038 4870 manum
3092 4803 3430 4888 naufrayo]
3489 4802 3571 4868 Id
3615 4812 3717 4870 est
3766 4826 4040 4869 manum
4093 4804 4304 4887 porri-

2349 4900 2477 4976 get,
2524 4901 2603 4956 ut
2643 4891 2740 4956 illi
2785 4890 3158 4968 auxilietur,
3201 4890 3373 4973 quod
3416 4891 3820 4974 frequentius
3863 4890 4101 4955 dicitur
4149 4911 4302 4973 por-

2347 4978 2582 5078 rigere.
2675 4976 3125 5058 Quintilianus
3180 4977 3251 5041 in
3305 4978 3528 5062 Aegro
3582 4976 3946 5059 redempto:
4006 4973 4082 5041 Si
4139 4975 4303 5042 duos

2347 5066 2596 5146 pariter
2639 5064 2985 5147 naufragia
3027 5069 3365 5145 raperent,
3423 5063 3520 5127 illi
3563 5064 3963 5146 porrigerem
4007 5082 4300 5143 manum,

2489 5373 2547 5438 1)
2589 5370 2729 5426 Rau.
2766 5373 3091 5427 recentiores
3123 5386 3332 5426 omnes.-
3368 5371 3627 5426 subvenit.
