5100 6061
616 332 924 401 XXXIV
1802 330 2349 398 TRAOTATUS
2396 327 2983 397 THEOLOGICI
3025 328 3470 397 MINORES.

938 524 1221 590 Praeter
1262 506 1440 587 hanc
1483 521 1831 587 editionem
1889 521 2255 604 principem
2300 521 2486 585 nulla
2539 521 2670 585 alia
2708 541 2998 602 unquam
3055 522 3337 600 exstitit,
3395 527 3720 604 quantum
3763 541 3883 584 nos
3939 516 4199 602 quidem
4241 516 4649 600 rescivimuS,

641 638 913 721 eiusque
970 636 1372 720 exemplaria
1423 635 1496 699 in
1552 633 1963 717 paucissimis
2018 631 2429 699 bibliothecis
2485 632 2765 715 publicis
2821 631 3091 713 reperiri
3146 642 3400 698 certum
3457 642 3574 700 est.
3663 633 3835 715 Ipsis
3888 631 4292 696 rarissimum
4353 629 4648 696 libellum

634 758 905 814 nostrae
959 748 1323 815 collectioni
1366 747 1637 810 minime
1682 742 2125 826 spernendum
2169 744 2468 825 κειμήλιον
2511 744 2752 809 addere
2795 743 3085 826 contigit.
3174 746 3432 823 Postea,
3478 753 3555 809 ut
3590 744 3897 822 diximus,
3943 743 4121 807 Beza
4167 762 4221 807 a.
4269 745 4448 807 1576.
4496 764 4648 807 eum

634 860 1013 945 appendicis
1071 861 1214 925 vice
1276 881 1392 923 suo
1438 859 1865 922 Tractatuum
1906 855 2171 938 'corpori
2216 857 2582 935 subiunxit,
2632 877 2885 939 exquo
2931 855 3160 931 eadem
3205 856 3574 921 conditione
3618 856 3688 919 in
3733 862 4020 921 caeteras
4065 853 4379 920 editiones
4428 855 4644 938 (1597.

636 977 797 1037 1611
851 980 917 1037 et
957 972 1152 1055 1667)
1200 972 1478 1050 transiit,
1525 968 1603 1033 de
1651 967 1884 1051 quibus
1936 967 2093 1034 vide
2137 988 2302 1051 quae
2359 989 2557 1051 supra
2600 990 2745 1051 pag.
2790 968 3035 1032 XXIV
3081 989 3209 1051 seq.
3267 967 3441 1032 dicta
3487 974 3657 1031 sunt.
3718 967 3934 1031 Bezae
3976 966 4172 1030 editio
4218 965 4395 1031 haud
4449 967 4649 1033 infre·

634 1091 911 1167 quenter
957 1084 1037 1149 ab
1074 1083 1452 1153 authentico
1498 1080 1854 1162 exemplari
1902 1080 2256 1161 discrepat,
2304 1080 2518 1145 rarius
2564 1079 2926 1158 emendata,
2973 1082 3230 1163 saepius
3277 1079 3635 1161 depravata
3677 1080 3970 1143 lectione.
4059 1078 4466 1144 Posteriores
4511 1079 4653 1144 edi·

630 1197 843 1261 t-ionos
888 1217 1034 1260 eam
1080 1196 1277 1260 talem
1324 1193 1707 1276 simpliciter
1743 1191 2133 1261 describunt.
2227 1189 2385 1257 Sola
2426 1191 3056 1285 Amstelodamensis
3098 1192 3576 1257 manifestiores
3620 1212 3873 1257 errores
3919 1198 4269 1276 expurgat,
4315 1211 4649 1274 nunquam

634 1328 792 1374 vero
841 1306 923 1372 ad
971 1307 1403 1391 archetypum
1446 1305 1742 1371 recurrit.

2329 1598 2737 1681 CAPUT
2799 1600 2954 1681 IV.

1788 1784 3146 1915 PsrcHoPANNYoHIA.
3220 1776 3508 1876 1534.

948 1991 1299 2057 Calvinum
1349 1999 1499 2055 ante
1545 1990 1883 2055 biennium
1926 1997 2072 2071 post
2131 1987 2342 2053 editos
2384 1989 2455 2053 in
2493 1987 2815 2053 Senecam
2869 1989 3368 2054 commentarios
3424 1991 3723 2072 elapsum
3782 1990 3865 2054 ad
3913 1990 4159 2070 scripta
4203 1988 4283 2053 de
4340 1988 4534 2053 rebus
4569 1987 4654 2053 ad

633 2105 1020 2188 religionem
1057 2101 1504 2185 spectantibus
1541 2101 1987 2182 componenda
2030 2120 2299 2165 manum
2344 2100 2710 2167 admovisse
2760 2101 2950 2163 testis
2986 2110 3087 2165 est
3129 2101 3334 2180 Beza‚
3384 2102 3495 2185 qui
3532 2102 3733 2166 refert
3775 2124 3928 2166 eum
3980 2102 4252 2166 Lutetia
4309 2099 4531 2166 relicta
4585 2102 4653 2165 in

638 2236 876 2299 agrum
925 2214 1361 2280 Santonicum
1424 2214 1565 2298 (alii
1631 2214 2021 2278 nominatim
2088 2212 2437 2296 designant
2502 2212 2729 2277 urbem
2787 2211 2980 2276 hodie
3043 2214 3164 2276 An
3178 2234 3268 2296 go
3289 2213 3548 2293 uleme
3615 2212 3884 2296 dictam)
3952 2211 4369 2297 demigrasse,
4436 2212 4654 2296 ibique

632 2328 840 2392 amieo
887 2326 1145 2392 cuidam
1184 2346 1449 2408 operam
1488 2324 1773 2403 dedisse,
1819 2326 2005 2390 cuius
2051 2332 2283 2408 rogatu
2327 2324 2560 2389 breves
2611 2323 2923 2406 quasdam
2969 2324 3442 2390 admonitiones
3488 2324 3880 2390 christianas
3927 2326 4280 2407 scripserit,
4327 2346 4489 2408 quas
4543 2324 4655 2390 ille

626 2438 931 2521 parochis
975 2437 1317 2503 nonnullis
1352 2438 1531 2501 inter
1572 2458 1756 2502 sacra
1801 2436 2170 2502 recitandas
2214 2434 2512 2499 tradebat
2564 2444 2642 2499 ut
2684 2436 3003 2519 paulatim
3055 2436 3336 2519 populus
3393 2438 3475 2501 ad
3529 2437 3827 2503 veritatis
3887 2436 4302 2520 indagandae
4362 2437 4656 2502 studium

630 2550 1019 2615 alliceretur.
1110 2549 1297 2631 Quae
1343 2548 1639 2628 schedae,
1686 2570 1892 2631 quum
1936 2548 2318 2632 simpliciter
2361 2569 2564 2612 manu
2600 2548 2880 2630 scriptae
2917 2559 3153 2627 essent,
3201 2557 3480 2613 aetatem
3526 2570 3661 2613 non
3707 2549 4021 2628 tulerunt,
4065 2570 4185 2614 nec
4227 2549 4414 2615 facile
4468 2549 4656 2615 nobis

628 2663 1150 2746 persuaserimus
1189 2682 1421 2727 verum
1466 2682 1608 2725 esse
1653 2660 1827 2743 quod
1871 2661 2026 2725 olim
2070 2660 2374 2724 nonnulli
2410 2661 2860 2738 insinuarunt,
2904 2661 3106 2726 fuisse
3143 2660 3264 2724 has
3295 2662 3545 2751 primas
3589 2661 4032 2726 Institutionis
4059 2646 4281 2726 lineas
4324 2661 4455 2724 iam
4511 2670 4656 2726 tum

635 2774 720 2839 ab
758 2784 986 2839 autore
1034 2772 1413 2838 elaboratas.
1506 2773 1920 2855 (Florimond
1961 2773 2042 2836 de
2077 2772 2440 2851 Raemond,
2480 2772 2648 2837 Hist.
2692 2774 2768 2836 de
2814 2773 2877 2837 la
2911 2774 3242 2837 naissance
3283 2774 3360 2839 de
3402 2773 3699 2852 l’lze'resie,
3745 2796 3805 2855 p.
3847 2776 4024 2858 883.)

942 2887 1105 2950 Mox
1160 2905 1316 2951 vero
1373 2884 1529 2949 dum
1586 2885 1898 2949 Aureliae
1959 2882 2263 2966 degebat,
2331 2883 2661 2965 peculiare
2718 2884 2979 2965 aliquod
3044 2891 3502 2966 argumentum
3570 2884 4011 2969 theologicum
4065 2885 4188 2951 sibi
4238 2885 4656 2951 tractandum

643 2998 943 3080 sumpsit,
991 2999 1059 3061 in
1106 3018 1234 3080 quo
1276 3005 1342 3062 et
1385 2996 1629 3064 solidae
1675 2997 2007 3062 doctrinae
2051 3003 2119 3061 et
2162 2995 2539 3061 dialecticae
2585 2995 2967 3062 subtilitatis
3012 2997 3269 3081 insigne
3315 2998 3645 3080 specimen
3693 2997 3915 3063 edidit.
4010 3000 4342 3064 Refutare’
4377 3006 4655 3064 conatus

637 3118 740 3174 est
779 3111 1043 3174 illorum
1092 3131 1408 3188 errorem,
1455 3116 1788 3175 vetustum
1836 3108 2131 3192 quidem,
2180 3108 2294 3172 sed
2339 3118 2479 3173 tum
2524 3109 2809 3173 maxime
2853 3131 2892 3173 a
2936 3109 3328 3191 quibusdam
3370 3116 3793 3190 renovatum,
3838 3111 3948 3193 qui
3995 3110 4279 3175 dormire
4324 3112 4657 3176 seiunctas

634 3242 674 3286 a
720 3221 1099 3305 corporibus
1159 3222 1622 3286 defunctorum
1680 3222 1934 3286 animas
1991 3220 2322 3286 docebant.
2415 3220 2593 3301 Quid
2648 3221 3005 3286 Calvinum
3061 3221 3144 3285 ad
3188 3221 3361 3285 hanc
3406 3223 3802 3286 sententiam
3863 3242 4020 3305 prae
4079 3223 4350 3287 caeteris
4393 3223 4658 3305 impug-

640 3334 931 3398 nandam
970 3333 1307 3416 impulerit
1341 3333 1518 3398 haud
1556 3334 1743 3398 facile
1780 3333 2045 3412 dixeriS,
2091 3355 2293 3416 quum
2329 3340 2504 3398 certe
2542 3335 2716 3397 inter
2753 3332 2981 3398 Gallos
3018 3334 3155 3397 eius
3193 3335 3425 3399 aetatis
3462 3334 3629 3398 tales
3673 3336 4086 3416 quaestiones
4130 3334 4412 3418 agitatas
4455 3334 4662 3400 fuisse

637 3447 814 3510 fama
859 3467 993 3509 non
1038 3447 1225 3509 ferat.
1270 3451 1275 3457 '
1316 3443 1454 3508 Vix
1496 3446 1696 3509 etiam
1739 3445 2207 3511 crediderimus
2250 3445 2579 3511 exstitisse
2623 3453 2766 3509 tum
2808 3446 3123 3527 temporis
3167 3447 3411 3527 scripta
3450 3446 3519 3509 in
3563 3447 3799 3528 quibus
3844 3446 3925 3510 de
3969 3455 4442 3536 ψυχοπανιηιχίᾳ,
4489 3466 4659 3528 quae

644 3557 914 3634 dicitur,
963 3566 1095 3620 tam
1138 3557 1406 3635 acriter,
1463 3567 1726 3639 tamque
1772 3556 2023 3621 erudite
2070 3557 2473 3640 disputatum
2517 3557 2720 3621 fuerit
2761 3578 2835 3621 ac
2877 3557 3079 3622 fuisse
3124 3559 3474 3623 coniecerit
3519 3557 3756 3641 aliquis
3802 3581 3885 3623 ex
3931 3558 4198 3624 Calvini
4241 3557 4651 3622 refutatione.

637 3670 893 3734 Audias
934 3671 1151 3752 potius
1196 3671 1413 3753 ipsum
1450 3671 1521 3732 in
1567 3669 1971 3751 praefat-ione
2018 3670 2119 3733 sui
2165 3669 2368 3734 libelli
2425 3670 2505 3734 de
2550 3668 2840 3733 eiusdem
2895 3669 3109 3734 causis
3156 3678 3221 3734 et
3264 3671 3600 3736 occasione
3646 3669 4094 3734 disserentem.
4185 3671 4543 3752 Postquam
4583 3689 4655 3733 se

640 3801 680 3844 a
735 3781 1075 3846 nonnullis
1120 3782 1247 3864 piis
1302 3783 1459 3846 viris
1517 3780 1936 3846 sollicitatum
1992 3782 2190 3846 fuisse
2251 3781 2419 3845 dixit
2460 3790 2535 3846 ut
2577 3782 2710 3845 tale
2768 3781 3009 3863 aliquid
3056 3781 3306 3859 ederet,
3361 3802 3595 3847 verum
3641 3781 3958 3847 hactenus
4012 3780 4462 3864 flagitantibus
4515 3800 4655 3844 non

637 3895 923 3972 cessisse,
972 3895 1063 3956 ita
1108 3893 1351 3976 pergit:
1403 3893 1670 3958 Minime
1712 3892 1872 3956 milii
1928 3894 2276 3974 expeditum
2319 3900 2455 3958 erat
2498 3911 2637 3958 cum
2691 3895 2777 3957 iis
2833 3913 3093 3957 manum
3152 3914 3466 3960 conserere
3527 3894 3639 3976 qui
3701 3899 3934 3959 starent
3981 3892 4060 3957 ab
4118 3894 4402 3957 adversis
4445 3892 4656 3974 parti-

632 4006 777 4084 bus,
832 4027 1096 4087 quorum
1152 4025 1259 4069 nec
1301 4011 1540 4083 castra,
1585 4026 1691 4070 nec
1737 4007 1887 4084 tela,
1946 4026 2052 4069 nee
2107 4006 2495 4088 subterfuyia
2538 4026 2848 4092 voveram.
2941 4005 3235 4071 Nondum
3286 4008 3477 4101 enim¹
3505 4007 3846 4087 quidquam
3890 4006 3974 4070 ad
4027 4026 4123 4101 me
4153 4005 4476 4085 perlatum
4521 4009 4659 4068 erat
4739 4069 4743 4083 ,

624 4122 879 4195 praeter
935 4119 1268 4181 iizurmura
1333 4122 1387 4182 et
1451 4138 1676 4181 raucos
1748 4119 2062 4198 strepi-tus,
2187 4119 2262 4183 Ut
2319 4118 2604 4200 ccnyredi
2672 4138 2809 4181 cum
2861 4119 2976 4197 iis,
3050 4120 3160 4200 qui
3218 4120 3289 4183 in
3361 4138 3622 4184 arenam
3690 4118 3968 4183 nondum
4017 4118 4422 4199 prodierant,
4489 4115 4656 4180 nihil

621 4248 895 4307 prorsus
959 4229 1140 4292 aliud
1190 4230 1503 4294 videretur
1560 4249 1751 4310 quam
1805 4250 2009 4292 aerem
2064 4230 2303 4294 clausis
2357 4230 2553 4294 oculis
2618 4229 2947 4293 verberare.
3062 4229 3154 4293 At
3210 4230 3285 4295 de
3353 4250 3638 4294 successu
3697 4231 3868 4312 lon-qe
3939 4229 4123 4294 aliter
4187 4229 4410 4292 accidit
4462 4248 4655 4308 quam

629 4359 1049 4420 speraveram.
1155 4340 1481 4421 Siquidem
1545 4341 1881 4405 blaterones
1937 4341 2037 4406 illi
2091 4346 2263 4405 tauta
2309 4343 2674 4406 strenuitate
2729 4343 2799 4404 in
2841 4346 3060 4423 partes
3113 4362 3268 4406 suas
3335 4343 3769 4419 incubuerunt,
3835 4346 3904 4405 ut
3965 4341 4202 4421 aliquot
4266 4341 4397 4404 iam
4460 4339 4656 4402 homi-

632 4470 787 4515 uum
840 4451 1050 4514 millia
1108 4453 1174 4514 in
1232 4454 1488 4518 eandem
1542 4474 1745 4518 secum
1802 4453 2127 4517 insaniam
2187 4455 2510 4517 traxerint.
2589 4453 2679 4517 Et
2720 4455 2929 4534 ipsum
2980 4455 3167 4518 etiam
3219 4454 3486 4533 malum,
3543 4459 3612 4517 ut
3670 4454 3873 4530 videa,
3934 4453 4270 4517 incr-adurit.
4380 4451 4658 4532 Quidam

633 4563 800 4627 enim
832 4562 1157 4644 principi-o
1213 4565 1462 4646 confuse
1513 4566 1890 4648 yarriebant,
1952 4571 2340 4630 mortuorum
2386 4566 2630 4629 animos
2679 4566 2986 4644 dormire,
3057 4585 3252 4645 neque
3307 4565 3677 4646 definiebant
3734 4565 3887 4646 quid
3936 4584 4060 4644 per
4112 4584 4392 4629 somnum
4436 4562 4660 4626 vellent
4746 4558 4750 4561 ’

646 4675 924 4758 intelliyi.
1026 4674 1439 4739 Emerserunt
1492 4683 1713 4757 postca
1772 4676 2123 4758 ψυχοκτόνοι
2181 4678 2287 4742 isti
2334 4679 2444 4759 qui
2487 4699 2759 4758 prorsus
2801 4699 2907 4742 eas
2958 4677 3265 4759 iuyulaut.
3354 4677 3628 4742 Illorum
3677 4677 3928 4756 quidem
3971 4697 4242 4740 errore-m
4295 4696 4416 4739 nou
4454 4674 4658 4756 fcren-

633 4786 816 4866 ‹Zum,
890 4787 1116 4851 horum
1210 4808 1351 4851 vere
1434 4790 1758 4853 insaniam
1840 4791 2117 4873 gyraviter
2193 4767 2592 4855 coercendam}
2666 4790 2968 4854 existimo.
3108 4789 3405 4869 Utrosque
3483 4809 3593 4852 ‘nec
3667 4790 3939 4866 ratione,
4039 4809 4148 4852 nec
4222 4787 4454 4851 iudicio
4515 4785 4654 4860 uiti.

652 4897 884 4961 Verum
940 4899 1009 4962 id
1066 4900 1219 4964 aliis
1261 4902 1649 4979 persuadere
1710 4922 1834 4966 uon
1878 4902 1970 4965 ita
2028 4902 2217 4983 facile
2262 4905 2382 4981 est,
2420 4902 2553 4965 nisi
2604 4903 2946 4965 vanitatem
2985 4900 3209 4982 palam
3237 4904 3347 4978 cet,
3404 4901 3567 4981 quod
3609 4901 3871 4980 dicitur,
3927 4902 3996 4965 iu
4033 4920 4110 4964 os
4141 4898 4450 4980 refellam,
4493 4917 4657 4979 quae

634 5027 756 5071 non
800 5009 928 5073 uisi
974 5011 1036 5073 in
1088 5031 1305 5076 eorum
1348 5013 1599 5094 scriptis
1639 5012 2136 5093 deprehenditur.
2226 5013 2548 5078 Dicuntur
2593 5017 2796 5076 autem
2837 5032 2992 5076 suas
3032 5032 3236 5094 nuyas
3279 5012 3481 5076 nescio
3515 5013 3738 5092 quibus
3781 5012 4091 5077 schedulis
4131 5010 4449 5089 ventilare,
4488 5028 4657 5090 quas

638 5119 799 5183 milii
839 5122 1095 5184 necdum
1132 5125 1346 5189 videre
1390 5125 1652 5206 contigit.
1749 5125 2031 5189 Tantum
2064 5125 2140 5190 ab
2184 5127 2383 5190 amico
2426 5123 2675 5189 notulas
2715 5124 3027 5203 quasdam
3073 5123 3296 5202 accepi,
3341 5125 3569 5204 quihus
3593 5127 4052 5206 perscripserat
4095 5144 4257 5205 quae
4299 5122 4393 5186 vel
4437 5142 4512 5184 ex
4554 5141 4660 5184 ore

633 5230 1012 5312 loquentium
1071 5237 1346 5317 excipere
1402 5235 1501 5299 illi
1549 5236 1781 5299 cursim
1814 5235 2132 5316 licuerat,
2194 5238 2287 5302 vel
2356 5238 2754 5317 tuideczmque
2802 5234 3099 5318 colliyere.
3191 5234 3401 5317 Iyitur
3451 5258 3644 5318 quum
3698 5237 3796 5303 illi
3840 5236 4131 5302 susurris
4187 5233 4534 5299 clanculum
4588 5253 4658 5297 se

2532 5338 2562 5365 l
