5100 6061
738 420 841 481 ί27
1923 394 1931 400 “
2548 409 2677 477 nn
2722 410 3269 479 effluam
3961 486 3970 498 ,
4675 414 4753 478 28
4849 504 4852 509 b

758 606 1150 673 Varronem:
1211 607 1301 671 Et
1360 607 1493 670 iam
1549 625 1682 668 non
1725 624 1875 668 cum
1919 601 2094 675 aliis,
2141 599 2257 663 sed
2303 609 2520 664 tecum
2564 598 2703 680 ipse
2810 601 2925 665 sed
2968 601 3233 685 plenum
3270 616 3370 667 est
3402 610 3471 666 et
3504 601 3864 684 integrum:

3911 602 4191 685 qualiter
4225 602 4531 669 Donatus
4568 621 4752 666 enar-

754 700 948 761 certa.
1040 686 1297 757 Plinius
1347 692 1417 755 in
1462 690 1894 774 Panegyrico:
1957 685 2177 767 Quam
2233 705 2552 767 magnum
2605 694 2705 748 est
2810 694 2917 752 rat
2953 688 3028 751 in
3063 686 3318 752 Andria
3358 687 3667 753 Terentii.
3757 686 3872 753 Sic
3917 687 4190 754 Curtius
4232 687 4342 753 lib.
4387 687 4543 752 IX.:
4590 687 4754 753 Nos-

755 802 838 845 ex
882 779 1188 845 omnibus
1245 778 1460 862 patrio
1502 796 1712 851 more,
1769 772 1983 856 patria
2026 772 2272 836 virtute
2316 770 2577 848 laetari,
2639 776 2705 833 et
2809 780 2914 837 tra
2956 794 3225 871 quoque·
3254 772 3464 872 gloria
3507 795 3711 856 quum
3758 775 3845 838 sit
3901 796 3984 839 ex
4041 773 4273 873 solido,
4333 774 4480 856 plus
4537 781 4754 838 tamen

753 867 895 932 sine
931 865 1206 941 aemulo,
1242 864 1384 928 sine
1408 861 1706 943 exemplo
1742 881 1964 925 secum
1977 856 2385 922 contendere.
2454 856 2702 919 Exem-

753 952 899 1034 plar
955 951 1060 1015 hic
1122 951 1378 1033 proprie
1434 947 1798 1029 usurpavit.
1898 944 1964 1008 N
1966 963 2104 1021 am,
2170 949 2246 1007 ut
2311 942 2405 1005 ait
2457 941 2700 1005 Festus

753 1037 1137 1119 Pompeius,
1196 1034 1572 1118 exemplum
1615 1042 1717 1097 est
1785 1030 1959 1114 quod
2024 1048 2374 1111 sequamur
2429 1034 2543 1091 aut
2598 1028 2701 1090 fu-

754 1124 1037 1208 giamus:
1098 1122 1433 1204 exemplar
1488 1141 1570 1183 ex
1619 1140 1745 1201 quo
1788 1115 2001 1182 simile
2050 1114 2398 1190 faciamus,
2453 1113 2699 1195 impro-

751 1209 894 1292 prie
944 1208 1191 1273 dictum
1255 1230 1296 1272 a
1349 1205 1728 1287 Tranquillo
1795 1204 1867 1267 in
1922 1203 2059 1267 vita
2111 1198 2374 1263 Tiberii.
2475 1196 2697 1279 Quam

755 1296 938 1360 velut
972 1294 1370 1376 exemplaria
1404 1291 1716 1356 saevitiae
1753 1307 2138 1354 enumerare
2173 1294 2277 1350 sat
2312 1292 2469 1348 erat.
2528 1284 2698 1348 Item

760 1403 800 1445 a
842 1380 1145 1447 Cornelio
1189 1379 1415 1443 Tacito
1459 1377 1570 1442 lib.
1610 1376 1799 1441 XII.:
1894 1375 1984 1438 At
2027 1372 2080 1436 si
2126 1370 2520 1437 incolumem
2565 1391 2702 1435 ser·-

754 1467 1040 1541 vaveris,
1110 1476 1451 1530 aeternum
1515 1462 1852 1545 exemplar
1905 1458 2291 1525 clementiae
2347 1476 2476 1520 ero.
2569 1457 2702 1521 De-

759 1552 1039 1618 buerant
1081 1550 1455 1633 exemplum
1502 1555 1650 1627 [pag.
1696 1552 1797 1626 15]
1845 1546 2078 1612 dicere.

922 1638 1031 1703 Ad
1071 1644 1324 1720 qustum
1365 1633 1664 1719 esciyitur]
1723 1633 1802 1696 Id
1846 1640 1947 1697 est
1987 1630 2431 1696 conformatur
2474 1638 2540 1692 et
2596 1648 2700 1691 re-

749 1726 1018 1811 gulatur
1062 1724 1145 1789 ad
1187 1723 1480 1787 omnium
1527 1719 1931 1785 voluntatem
1971 1726 2038 1781 et
2077 1714 2490 1779 desiderium.
2582 1714 2700 1777 Li-

749 1813 895 1879 vius
942 1811 1048 1875 lib.
1093 1810 1212 1873 IV.
1273 1806 1426 1871 belli
1472 1803 1842 1871 Macedon:
1903 1802 2124 1867 Nolite
2177 1797 2262 1865 ad
2304 1808 2559 1864 vestras
2609 1799 2699 1863 le-

750 1921 865 1984 ges
908 1899 1171 1980 exigere
1217 1916 1295 1959 ea
1337 1912 1502 1975 quae
1547 1890 2044 1957 Lacedaemone
2086 1888 2287 1974 fiunt.

926 1983 1123 2048 Nemo
1167 1985 1369 2062 potest
1417 1998 1756 2059 personam
1809 1977 1926 2041 diu
1986 1970 2184 2058 ferre]
2255 1971 2450 2052 Quod
2515 1972 2698 2053 prius

749 2071 1103 2136 bonitatem
1150 2066 1231 2130 ad
1275 2078 1532 2147 tempus
1573 2072 1899 2144 sumptam
1915 2112 1931 2139 ,
1987 2080 2165 2124 nunc
2207 2078 2558 2141 personam
2603 2055 2700 2120 di-

748 2158 866 2232 cit,
923 2162 1186 2236 sumpta
1241 2176 1279 2216 a
1333 2150 1653 2216 comoedis
1711 2156 1777 2213 et
1830 2145 2158 2230 tragoedis
2188 2148 2236 2227 ¹)
2292 2143 2697 2225 metaphora,

750 2242 863 2325 qui
905 2239 1241 2321 personati
1285 2237 1582 2302 solebant
1624 2255 1818 2322 agere
1851 2235 1921 2296 in
1956 2231 2234 2296 theatr0.
2300 2229 2497 2295 Unde
2530 2230 2701 2294 ferre

749 2346 1113 2411 personam,
1159 2325 1345 2407 quasi
1379 2345 1418 2387 a
1453 2324 1680 2387 nativa
1721 2322 1943 2391 forma¹
1972 2316 2347 2382 desciscere.
2416 2315 2508 2379 Et
2550 2336 2700 2398 por·
2735 2384 2744 2389 ,

751 2420 1055 2479 sonatum
1110 2410 1445 2475 hominem
1500 2409 1776 2473 dicimus
1820 2406 2113 2469 fucatum
2156 2414 2224 2467 et
2266 2401 2699 2485 hypocritam.

752 2497 1098 2580 Apuleius·
1127 2497 1236 2561 lib.
1283 2495 1477 2560 VIII.
1536 2495 1833 2558 Metam:
1902 2491 2204 2571 Astuque
2257 2489 2424 2552 miro
2477 2508 2699 2570 perso-

752 2593 928 2662 nata,
974 2583 1292 2667 garrienti
1335 2581 1804 2662 summisseque
1848 2576 2221 2658 deprecanti
2235 2626 2252 2652 ‚
2297 2573 2541 2650 adhuc,
2597 2575 2698 2637 in-

751 2671 909 2754 quit,
954 2670 1055 2734 tui
1095 2670 1317 2757 fratris
1361 2668 1616 2750 meique
1651 2665 1871 2730 mariti
1916 2663 2113 2728 facies
2152 2659 2430 2744 pulchra
2470 2660 2588 2724 illa
2615 2660 2698 2724 xin

749 2756 914 2823 meis
959 2755 1332 2820 diversatur
1374 2754 1595 2820 oculis.

926 2842 996 2905 F
993 2844 1107 2906 icta
1163 2844 1279 2905 cito
1330 2843 1398 2905 in
1451 2847 1749 2905 naturam
1803 2857 1987 2902 suam
2038 2831 2345 2918 recidunt]
2409 2833 2699 2896 Imitatio
2751 2844 2754 2873 ²

750 2940 850 2995 est
894 2929 1232 2994 Ciceronis
1267 2948 1349 2992 ex
1374 2928 1462 2991 ΙΙ.
1500 2925 1718 2991 Offio.:
1781 2923 2085 2987 Socrates
2130 2921 2301 2985 hanc
2333 2921 2509 2983 viam
2547 2938 2697 2999 pro-
2750 2908 2754 2957 ²

751 3017 997 3081 ximam
1043 3026 1108 3079 et
1150 3015 1336 3098 quasi
1381 3010 1927 3095 compendiariam
1985 3006 2066 3073 ad
2122 3006 2399 3090 gloriam
2443 3003 2700 3070 dicebat

2808 858 3009 924 habet
3051 878 3354 937 nominis,
3402 880 3600 941 quam
3645 862 3877 941 operis.

2980 944 3287 1028 Magnam
3321 946 3535 1011 adibat
3568 943 3798 1031 aleam]
3848 944 4202 1029 Significat
4241 943 4388 1010 rem'
4417 966 4754 1011 romanam

2805 1031 2879 1095 in
2921 1051 3162 1115 magno
3221 1031 3594 1119 discrimine
3649 1031 3850 1096 fuisse
3907 1032 4090 1113 prius
4147 1053 4342 1114 quam
4386 1032 4563 1096 Nero
4619 1051 4754 1097 cer-

2809 1126 2942 1181 tam
3011 1120 3184 1183 vitae
3247 1117 3569 1183 rationem
3636 1117 3972 1183 habuisset
4037 1119 4485 1183 constitutam:
4555 1138 4755 1201 quum

2807 1203 3103 1268 nondum
3147 1204 3396 1269 scilicet
3440 1202 3700 1286 aliquod
3754 1204 4002 1287 ingenii
4046 1204 4378 1287 specimen
4421 1203 4754 1268 exhibuis-

2806 1300 2922 1367 set,
2969 1288 3143 1355 unde
3186 1296 3532 1371 caperetur
3581 1291 3955 1355 coniectura
3997 1289 4236 1372 probae
4291 1287 4543 1354 indolis.
4633 1290 4757 1354 Est

2807 1375 2983 1439 enim
3028 1387 3207 1441 aetas
3252 1375 3367 1440 illa
3426 1375 3731 1440 flexibilis
3777 1386 3842 1439 et
3885 1375 4160 1453 lubrica,
4222 1397 4390 1457 quae
4445 1375 4634 1440 facile
4691 1384 4755 1439 et

2806 1482 3026 1525 rerum
3066 1462 3397 1544 imperitia
3439 1461 3709 1539 labitur,
3770 1475 3836 1525 et
3890 1461 4121 1527 alienis
4173 1461 4460 1526 consiliis
4505 1461 4755 1526 abstrae

2806 1546 2990 1612 hitur
3009 1599 3023 1624 ,
3092 1558 3418 1630 postremo
3477 1569 3517 1611 a
3571 1558 3747 1611 recta
3811 1548 4217 1631 honestaque
4275 1547 4621 1630 disciplina
4675 1545 4756 1611 ad

2803 1633 3039 1698 luxum
3087 1632 3585 1716 voluptatesque
3629 1632 3973 1710 delabitur,
4020 1636 4114 1697 ait
4155 1632 4588 1698 Herodianus.
4667 1636 4758 1698 At

2807 1742 2960 1784 vero
3002 1719 3074 1783 in
3116 1720 3409 1783 moribus
3454 1708 3769 1802 principis
3805 1720 4025 1803 agitur
4058 1719 4395 1803 publicum
4434 1731 4549 1783 aut
4584 1740 4755 1784 com-

2806 1806 3102 1885 modum,
3152 1814 3268 1870 aut
3308 1805 3692 1886 periculum.
3783 1806 3892 1870 Nil
3939 1807 4143 1890 igitur
4186 1807 4432 1870 mirum
4476 1805 4530 1868 si
4575 1826 4755 1889 mag-

2806 1914 2960 1956 nam
2996 1891 3217 1956 adibat
3255 1897 3401 1970 [pag.
3438 1898 3540 1970 16]
3589 1891 3797 1956 aleam
3845 1892 4127 1974 populus
4164 1911 4492 1956 romanus.
4561 1890 4754 1955 Nunc

2806 1999 2960 2043 vero
3004 1977 3289 2043 evolavit
3330 1978 3718 2059 periculum,
3766 1979 3858 2043 sic
3901 1978 4074 2043 iacta
4116 1984 4273 2042 sunt
4309 1975 4750 2055 fundamenta,

2805 2073 2881 2128 ut
2941 2086 3074 2129 non
3135 2064 3342 2146 possit
3393 2084 3432 2127 a
3485 2063 3654 2128 laeto
3726 2065 4042 2146 principio
4108 2063 4456 2128 dissentire
4521 2064 4750 2126 exitus.

2804 2150 3051 2215 Notum
3110 2161 3210 2215 est
3264 2150 3474 2214 aleam
3530 2171 3670 2215 esse
3727 2149 3957 2214 ludum
4020 2151 4317 2214 fortunae
4386 2149 4754 2213 subiectum

2807 2237 3135 2301 varietati:
3210 2257 3250 2300 a
3305 2258 3434 2318 qua
3497 2236 3972 2320 significatione
4033 2236 4369 2318 primitiva
4423 2234 4583 2299 haec
4640 2255 4757 2317 per

2805 2321 3301 2387 similitudinem
3345 2322 3699 2399 derivatur,
3746 2344 3909 2404 quae
3949 2322 4276 2406 significat
4311 2341 4503 2386 omne
4539 2323 4754 2385 cuius-

2806 2430 3058 2491 cunque
3094 2409 3355 2490 generis
3390 2408 3768 2491 periculum.
3829 2408 4147 2472 Horatius
4183 2407 4351 2472 libro
4389 2405 4608 2471 Carm.
4634 2406 4752 2469 H.:

3186 2495 3527 2548 Periculosae
3563 2494 3780 2562 plenum
3818 2510 3956 2562 opus
3993 2495 4161 2547 aleae.

2804 2582 3116 2646 Lucanus
3158 2579 3266 2644 lib.
3314 2579 3432 2644 VI.
3452 2602 3465 2644 :

3663 2682 3850 2736 Placet
3884 2683 4016 2736 alea¹
4039 2683 4139 2736 fati

3163 2754 3192 2780 Χ
3219 2752 3549 2805 Alterutrum
3587 2768 3829 2805 mersura
3866 2759 4043 2819 caput.

2805 2840 3040 2904 Livius
3085 2838 3260 2902 idem
3309 2837 3581 2902 verbum
3625 2839 3942 2920 apposuit,
3990 2859 4116 2919 quo
4163 2858 4337 2903 nunc
4379 2840 4589 2901 utitur
4632 2835 4754 2900 Se-

2805 2946 2992 2990 neca:
3063 2926 3248 2990 cuius
3307 2925 3507 2988 verba
3563 2936 3718 2988 sunt
3774 2922 3883 2987 lib.
3943 2924 4023 2986 I.:
4084 2922 4221 3003 Qui
4276 2945 4410 2987 non
4465 2922 4756 2987 contenti

2804 3013 3102 3078 libertate
3143 3019 3336 3084 certa,
3381 3011 3452 3074 in
3498 3009 3761 3087 dubiam
3810 3010 4065 3091 imperii
4116 3011 4495 3092 servitiique
4544 3008 4755 3073 aleam

752 3123 913 3179 esse,
962 3104 1012 3165 Si
1057 3103 1203 3183 quis
1239 3101 1305 3165 id
1353 3107 1593 3184 ageret,
1639 3109 1715 3162 ut·
1760 3095 1971 3178 qualis
2014 3093 2240 3158 haberi
2286 3091 2500 3168 Vellet,
2548 3091 2699 3154 talis
2805 3101 3007 3178 imus3
3063 3100 3358 3163 ineamus
3402 3097 3684 3179 aliquam
3735 3097 3938 3172 viam,
3986 3117 4115 3179 qua
4158 3098 4290 3161 utri
4337 3098 4505 3160 utris
4550 3096 4756 3192 inipe-

750 3199 937 3253 esset.
1007 3185 1203 3266 Quod
1247 3188 1301 3251 si
1342 3187 1453 3269 qui
1498 3183 1911 3250 simulatione
1947 3188 2013 3241 et
2045 3178 2227 3242 inani
2263 3177 2700 3242 ostentatione

751 3285 818 3340 et
858 3277 1021 3338 ficto·
1064 3294 1196 3336 non
1248 3272 1439 3336 modo
1483 3290 1798 3343 sermone,
1845 3263 1961 3330 sed
2003 3265 2200 3327 etiam
2244 3263 2449 3340 vultu,
2496 3263 2698 3327 stabi-

750 3360 883 3423 lem
926 3379 996 3422 se
1039 3358 1316 3441 gloriam
1373 3357 1682 3438 consequi
1736 3373 1923 3436 posse
1967 3361 2224 3426 rentur,
2283 3349 2471 3414 valde
2526 3349 2698 3413 deci-

751 3445 1039 3527 piuntur.
1129 3444 1309 3508 Vera
1372 3445 1548 3506 enim
1616 3440 1825 3525 gloria
1899 3434 2184 3501 radicem
2261 3435 2427 3518 agit,
2504 3449 2699 3518 atque
2751 3511 2754 3516 Ι

2749 3591 2753 3606 ,
2804 3552 2964 3594 sam.
3056 3528 3310 3593 Graece
3355 3525 3527 3609 apud
3571 3527 4000 3592 Plutarchum
4045 3526 4268 3612 ἐρῤίφθ

753 3531 950 3594 etiam
1007 3539 1432 3613 propagatur:
1497 3531 1650 3593 ficta
1710 3525 1927 3590 omnia
1991 3522 2318 3598 celeriter,
2386 3531 2699 3604 tanquam

752 3614 1022 3691 flosculi,
1075 3614 1410 3680 decidunt:
1480 3637 1600 3680 nec
1642 3611 2023 3679 simulatum
2076 3608 2432 3691 quidquam
2485 3621 2702 3690 potest

754 3722 896 3766 esse
939 3699 1343 3765 diuturnum.
1435 3700 1656 3781 Quid?
1703 3718 1922 3763 nonne
1964 3705 2029 3760 et
2078 3707 2303 3761 nostra
2343 3704 2556 3759 aetate
2602 3696 2699 3757 vi-

753 3786 907 3852 dere
973 3797 1073 3851 est
1138 3798 1432 3852 monstra
1492 3786 1811 3868 quaedam
1868 3783 2208 3847 hominum
2264 3780 2698 3846 intercutibus

753 3874 932 3937 vitiis
996 3872 1429 3950 madentium,
1498 3870 2007 3954 praeferentium
2068 3880 2288 3932 tamen
2354 3875 2698 3933 externam

753 3959 1034 4041 speciem
1090 3972 1156 4023 et
1212 3960 1465 4023 larvam
1530 3955 1912 4041 probitatis?
2004 3953 2139 4035 Qui
2206 3965 2422 4019 tamen
2488 3955 2699 4018 instar

752 4066 937 4110 cerae
982 4044 1460 4128 colliquescent‚
1508 4065 1713 4126 quum
1757 4063 1899 4108 sese
1944 4051 2202 4106 exseret
2221 4042 2482 4118 veritas,
2528 4063 2696 4123 quae

748 4131 886 4196 filia
929 4143 1034 4196 est
1076 4132 1401 4214 temporis,
1493 4129 1807 4195 Vendant
1848 4139 1924 4193 ut
1969 4128 2208 4203 volent,
2263 4127 2499 4209 populo
2542 4129 2694 4192 tris-

748 4222 849 4282 tes
913 4219 1403 4293 sanctimonias,
1470 4219 1595 4281 erit
1658 4214 2147 4298 aliquando1ut
2211 4214 2391 4278 fumo
2455 4224 2697 4296 pereat,

792 4303 864 4367 ui
908 4306 1159 4367 fumum
1206 4303 1597 4368 vendiderit.
1688 4301 1917 4367 Cicero
1963 4300 2045 4364 ad
2091 4301 2290 4365 Attio.
2350 4301 2461 4366 lib.
2509 4300 2695 4364 VH.:

749 4325 971 4469 Quam
1025 4409 1159 4451 non
1214 4399 1314 4455 est
1379 4390 1587 4455 facilis
1644 4390 1884 4466 virtus,
1951 4408 2147 4469 quam
2198 4408 2352 4452 vero
2417 4386 2699 4452 difficilis

752 4477 892 4539 eius
936 4473 1251 4538 diuturna
1294 4476 1638 4540 simulatio.

924 4559 1033 4623 Ex
1053 4560 1251 4624 solido
1273 4559 1673 4646 enascwztur]
1720 4561 1973 4644 Corpus
2009 4560 2291 4644 solidum
2327 4559 2500 4642 apud
2525 4559 2698 4624 Geo-

749 4655 1015 4724 metras,
1062 4645 1234 4728 quod
1258 4647 1496 4729 triplici
1520 4647 1925 4713 dimensione
1948 4657 2223 4722 constat,
2270 4645 2696 4730 longitudine,

687 4782 695 4789 .
752 4730 1098 4796 latitudine
1142 4745 1207 4796 et
1252 4732 1617 4811 altitudine,
1674 4743 1748 4798 ut
1790 4742 1890 4799 est
1932 4732 2106 4817 apud
2150 4733 2445 4798 Gellium
2489 4729 2597 4795 lib.
2642 4732 2697 4795 I.

753 4840 890 4900 cap.
949 4822 1030 4881 20
1087 4828 1155 4882 et
1208 4818 1382 4901 apud
1426 4819 1767 4885 Euclidem
1824 4819 1935 4884 lib.
1980 4821 2055 4898 1.‚
2112 4820 2464 4903 opponitur
2516 4819 2698 4881 inani

754 4924 869 4968 seu
912 4926 1140 4970 vacuo.
1232 4905 1545 4971 Horatius
1592 4905 1812 4991 Satyr.
1856 4906 1978 4970 H.:

1232 4990 1307 5044 Et
1341 4993 1495 5046 inane
1534 4992 1849 5046 abscindere
1886 4992 2059 5046 soldo.

754 5076 886 5141 Hic
934 5097 1089 5166 ergo
1133 5077 1525 5142 translatitie
1570 5100 1653 5143 ex
1713 5078 1919 5142 solido
1962 5079 2181 5144 enasci
2226 5078 2482 5156 dicitur,
2530 5077 2702 5161 quod

754 5183 891 5226 non
927 5170 1186 5233 tantum
1222 5165 1635 5247 superficiem
1674 5164 1872 5229 habet
1906 5172 2023 5229 aut
2056 5179 2273 5230 cutem
2307 5185 2701 5248 supremam,

894 5351 952 5418 1)
995 5351 1308 5405 Nonnullae
1341 5367 1501 5406 rece.-
1539 5351 1827 5408 comoediis
1865 5359 1919 5406 et
1954 5353 2264 5422 tragoediis.

2804 3197 2954 3249 rent
2998 3187 3138 3250 sino
3182 3205 3421 3266 magna
3454 3182 3656 3260 clade,
3703 3183 3841 3264 sine
3890 3183 4095 3246 multo
4141 3184 4461 3267 sanguine
4506 3191 4756 3245 utrius-

2803 3293 2930 3354 que
2974 3270 3198 3354 populi
3241 3269 3502 3333 decerni
3544 3270 3767 3352 possit.
3859 3267 4130 3332 Dictum
4176 3269 4480 3334 Caesaris
4524 3267 4678 3332 Iulii
4720 3288 4759 3330 a

2805 3357 3119 3423 Suetonio
3153 3357 3491 3420 recitatur:
3540 3356 3726 3420 Iacta
3769 3365 3871 3418 est
3914 3356 4072 3418 alea.
4145 3355 4296 3435 Quo
4328 3355 4756 3438 significatur,

2804 3463 3131 3510 summam
3187 3443 3281 3506 rei
3340 3443 3636 3505 fortunae
3690 3441 3993 3505 manibus
4048 3451 4116 3505 et
4157 3442 4430 3524 imperio
4483 3440 4757 3523 permis·

4272 3552 4305 3605 η
4350 3553 4422 3588 xv
4466 3550 4544 3600 ος.

2982 3619 3113 3696 Quo
3137 3613 3451 3690 senobilis
3473 3614 3711 3678 indoles
3733 3610 3939 3698 daret]
3988 3612 4068 3677 Id
4089 3623 4207 3691 est,
4246 3530 4484 3696 quibusss
4519 3610 4758 3676 studiis

2804 3702 3096 3767 animum
3118 3699 3491 3783 applicaret,
3521 3701 3570 3782 ¹)
3606 3720 3800 3780 quam
3830 3701 4003 3763 vitae
4041 3699 4425 3763 methodum
4449 3718 4752 3780 sequere-

2804 3799 2934 3852 tur.
3023 3788 3324 3851 Honesta
3377 3794 3477 3849 est
3517 3787 3822 3867 loquutiO.
3917 3785 4147 3850 Cicero
4202 3785 4367 3849 libro
4411 3784 4610 3848 XIII.
4665 3781 4754 3845 ad

2805 3875 3129 3939 Atticum:
3177 3871 3398 3951 Quare
3444 3871 3526 3934 da
3570 3880 3633 3936 te
3677 3873 3745 3935 in
3790 3891 4188 3948 sermonem,
4236 3881 4303 3934 et
4345 3889 4636 3953 perseca‚
4685 3876 4754 3933 et

2804 3961 3077 4037 confice,
3140 3958 3380 4032 excita,
3449 3958 3797 4039 compella,
3865 3957 4145 4039 loquere.
4238 3958 4330 4022 Et
4383 3956 4491 4020 lib.
4549 3954 4749 4019 XIII.

2803 4047 3016 4129 Epist.
3070 4044 3304 4108 famil:
3361 4043 3435 4106 Si
3494 4065 3624 4125 qua
3669 4042 4146 4107 offensiuncula
4188 4043 4360 4108 facta
4402 4050 4505 4107 est
4549 4040 4752 4105 animi

2805 4134 2904 4197 tui
2949 4131 3373 4213 perversitate
3417 4128 3802 4211 aliquorum,
3850 4129 3962 4193 des
4006 4137 4072 4191 te
4117 4128 4199 4192 ad
4243 4129 4597 4204 lenitatem,
4647 4125 4752 4190 vel

2805 4226 3074 4303 propter
3138 4236 3461 4280 summam
3533 4216 4035 4292 humanitatem,
4119 4215 4220 4278 vel
4287 4214 4563 4284 honoris.
4621 4212 4753 4276 mei

2804 4325 3019 4370 causa.
3110 4300 3222 4366 Sic
3259 4303 3459 4364 etiam
3505 4301 3627 4378 hic,
3676 4322 3801 4384 quo
3846 4322 3914 4364 se
3961 4299 4165 4375 daret,
4211 4300 4279 4364 id
4324 4308 4423 4365 est
4467 4298 4552 4363 ad
4594 4319 4753 4380 quos

2804 4392 3079 4454 affectus
3132 4387 3426 4451 animum
3480 4388 3909 4470 appelleret2)
3976 4394 4043 4450 et
4105 4385 4466 4450 inclinaret.
4568 4385 4755 4449 Haec

2805 4477 2981 4541 enim
3026 4473 3154 4538 duo
3197 4473 3401 4537 verba
3444 4472 3769 4556 applicare
3808 4483 3874 4536 et
3917 4472 4099 4548 dare,
4147 4472 4321 4555 apud
4368 4471 4756 4538 Ciceronem

2805 4582 2921 4645 pro
2966 4558 3194 4624 eodem
3247 4559 3458 4640 posita
3504 4559 3938 4641 reperiuntur.
4033 4559 4320 4622 Verrina
4362 4557 4513 4622 1V.:
4571 4558 4755 4621 Bene

2803 4648 3090 4730 penitus,
3147 4645 3385 4726 inquit,
3441 4647 3511 4708 in
3566 4645 3757 4708 istius
3811 4644 4319 4709 familiaritatem
4369 4665 4511 4709 sese
4556 4642 4755 4708 dedit.

2803 4735 2885 4798 In
2955 4732 3244 4796 oratione
3310 4739 3528 4795 autem
3596 4750 3714 4812 pro
3768 4728 4107 4795 Cluentio:
4178 4729 4268 4796 Se
4333 4728 4417 4793 ad
4469 4729 4758 4793 hominis

2804 4819 3074 4904 egentis,
3116 4815 3399 4894 audacis,
3444 4818 3516 4881 in
3558 4815 3812 4880 iudiciis
3856 4815 4347 4899 corrumpendis
4390 4815 4756 4892 exercitati,

2769 4981 2774 4990 ,
2804 4915 2950 4969 tum
2995 4915 3214 4968 autem
3256 4903 3488 4968 iudicis
3532 4902 3790 4968 Staleni
3833 4902 4341 4967 familiaritatem
4382 4900 4756 4984 applicavit.

2804 4991 2994 5055 Idem
3037 4988 3265 5053 Cicero
3308 4989 3439 5053 alia
3473 4990 3737 5074 syntaxi
3782 5009 3940 5053 usus
3983 4998 4083 5054 est
4121 4988 4286 5053 libro
4307 4987 4507 5053 XIII.
4544 4987 4756 5070 Epist.

2806 5098 3006 5160 quum
3045 5075 3236 5139 dixit:
3284 5076 3377 5140 M.
3425 5075 3641 5140 Varro
3683 5076 3979 5158 petitioni
4025 5096 4095 5140 se
4139 5073 4334 5140 dedit.

2946 5282 3002 5348 1)
3054 5279 3219 5333 Edffl·
3249 5236 3600 5335 recentioris.-
3647 5299 3716 5350 ap
3758 5282 3962 5334 elleret.
4167 5279 4228 5345 2)
4282 5279 4375 5335 Sic
4415 5281 4549 5336 libri
4583 5278 4768 5334 nostri

2806 5367 3008 5412 omnes,
3042 5349 3139 5403 sed
3166 5351 3424 5420 princeps
3455 5355 3517 5405 ia
3550 5299 3936 5406 emendanda.-
3967 5351 4286 5418 applicaret.
