5100 6061
800 399 928 460 227
2325 389 2894 457 PSYGHOPAN
2896 391 2960 456 N
2962 390 3278 457 YOHIA.
4676 399 4781 466 228

798 586 986 663 dum,
1043 583 1102 648 si
1151 583 1464 667 populum
1507 605 1716 648 suum
1770 581 2028 646 libidini
2081 603 2155 646 ac
2199 580 2477 646 ferociae
2521 580 2752 663 impio·
2858 589 2974 656 est,
3025 600 3158 644 non
3182 601 3323 646 esse
3357 581 3570 646 locum
3599 582 4056 663 poenitentiae.
4125 579 4319 662 Quod
4362 583 4419 646 si
4453 584 4596 666 quis
4629 585 4779 667 ipso-

799 693 947 736 rum
990 669 1385 735 tradidisset.
1454 669 1651 734 Hanc
1706 669 2100 733 sententiam
2156 667 2349 749 plane
2407 668 2755 732 confirmat
2858 688 3004 730 rum
3050 666 3266 733 adhuc
3301 668 3646 751 obstrepit:
3691 666 3846 749 quid
3896 666 4278 750 perditionis
4324 667 4477 733 filiis
4510 670 4784 738 futurum

799 758 1024 834 oratio,
1070 777 1237 839 quae
1282 763 1382 820 est
1423 757 1494 818 in
1539 754 1882 836 prophetia
1908 754 1956 836 ¹)
2000 753 2298 818 Baruch:
2345 754 2552 836 Aperi
2598 773 2752 819 ocu·
2857 753 2958 827 sit,
3007 752 3171 816 nihil
3217 752 3301 818 ad
3342 774 3479 818 nos.
3546 755 3691 837 Ego
3735 774 3852 836 pro
3895 752 4197 817 fidelibus
4242 753 4628 836 respondeo:
4669 780 4783 823 non

797 844 896 909 los
934 853 1112 921 tuos,
1170 851 1237 907 et
1278 841 1454 905 vide:
1514 839 1665 922 quia
1719 860 1851 903 non
1895 840 2137 903 mortui
2181 840 2293 921 qui
2338 847 2494 905 sunt
2535 840 2604 903 in
2648 840 2752 903 in-
2856 839 3251 916 morientur,
3300 837 3415 904 scd
3460 841 3715 917 vivent,
3773 859 3848 904 ac
3892 839 4256 903 narrabunt
4298 861 4494 922 opera
4536 841 4782 908 Domini

798 930 1011 1006 ferno,
1069 948 1346 1012 quorum
1412 926 1684 1009 spiritus
1761 931 2062 1007 acceptus
2118 933 2220 989 est
2287 947 2327 989 a
2393 925 2751 992 visceribus
2856 924 3062 1006 (Psal.
3111 930 3248 1004 118,
3295 929 3421 1009 17).
3491 924 3623 1006 Qui
3678 923 3978 989 habitant
4019 926 4092 988 in
4137 926 4329 989 domo
4374 928 4530 1003 eius,
4577 926 4782 993 lauda·

802 1017 958 1095 suis,
1005 1014 1253 1079 dabunt
1295 1012 1571 1095 gloriam
1615 1018 1681 1074 61
1731 1012 2050 1075 1661111661
2093 1010 2269 1076 Deo:
2338 1011 2451 1076 sed
2510 1011 2747 1090 anima,
2852 1010 3018 1075 bunt
3060 1031 3212 1075 eum
3252 1013 3321 1074 in
3367 1012 3625 1078 saecula
3661 1011 4067 1075 saeculorum
4113 1012 4317 1094 (Psal.
4357 1017 4458 1089 84,
4499 1015 4585 1096 5).

799 1122 965 1183 quac
1009 1101 1216 1165 tristis
1271 1119 1466 1180 super
1522 1096 1973 1179 magnitudine
2015 1097 2201 1174 mali,
2263 1097 2506 1162 incedit
2548 1118 2750 1162 curva

712 1205 716 1209 ⁴
801 1194 868 1251 et
910 1188 1198 1261 infirma,
1253 1182 1735 1248 et-deficientes
1791 1183 1990 1260 oculi,
2049 1191 2115 1246 et
2170 1184 2390 1247 anima
2431 1184 2746 1262 esuriens,

802 1277 917 1350 [fol.
945 1276 1050 1350 47]
1077 1271 1256 1334 dabit
1275 1268 1548 1353 gloriam
1577 1270 1869 1351 (Baruch
1896 1273 1954 1347 2,
1987 1274 2057 1332 17
2090 1271 2225 1352 ss.).
2265 1268 2411 1343 Ubi,
2429 1271 2594 1334 citra
2628 1268 2747 1333 du-

798 1357 994 1435 bium,
1041 1355 1264 1421 videre
1306 1363 1423 1435 est,
1467 1364 1880 1419 mortuorum
1923 1356 2190 1420 nomino
2234 1354 2591 1432 contineri,
2638 1356 2748 1437 qui

797 1443 1018 1508 afflicti
1074 1450 1140 1506 et
1182 1441 1445 1506 contriti
1501 1463 1540 1505 a
1583 1442 1724 1505 Deo
1778 1441 1851 1505 in
1898 1441 2176 1505 exitium
2219 1440 2550 1505 abierunt:
2606 1442 2748 1505 ani-

795 1549 971 1592 mam
1018 1529 1290 1606 tristem,
1337 1528 1675 1591 incurvam
1721 1534 1787 1591 et
1830 1527 2191 1605 infirmam,
2239 1547 2405 1610 quae
2450 1548 2571 1591 sua
2616 1528 2748 1593 vir-

796 1621 935 1679 tute
981 1614 1229 1679 defecta
1273 1621 1340 1678 et
1383 1614 1487 1676 sui
1528 1612 1769 1677 fiducia
1812 1634 1945 1677 non
1988 1612 2217 1677 innixa
2253 1615 2456 1677 currit
2490 1612 2572 1676 ad
2609 1612 2748 1677 Do-

796 1701 1081 1777 minum,
1151 1721 1300 1763 eum
1368 1700 1658 1777 invocat,
1731 1700 1812 1762 ab
1879 1720 1953 1762 60
2006 1699 2323 1763 auxilium
2391 1707 2743 1781 exspectat.

792 1785 979 1851 Haec
1022 1786 1242 1851 omnia
1286 1785 1339 1848 si
1384 1784 1531 1867 quis
1575 1784 1735 1849 velit
1772 1806 1890 1867 per
1924 1786 2543 1868 prosopographiam
2580 1786 2746 1850 acci-

794 1893 966 1954 pere,
1013 1871 1267 1935 facilem
1314 1869 1580 1934 habebit
1622 1869 2023 1948 methodum,
2071 1870 2155 1934 ad
2192 1892 2416 1935 eorum
2462 1871 2745 1954 explica-

795 1959 1069 2021 tionem:
1117 1966 1192 2020 ut
1234 1958 1306 2019 in
1348 1956 1661 2039 personiS,
1707 1977 1846 2020 rem
1891 1958 2097 2039 ipsam
2134 1957 2438 2039 accipiat:
2486 1965 2554 2021 et
2589 1956 2746 2021 dum

793 2051 1087 2108 mortuos
1130 2043 1329 2119 audit,
1373 2050 1654 2106 mortem
1695 2042 2039 2126 intelligat,
2085 2043 2206 2108 hoc
2242 2061 2467 2108 sensu:
2518 2042 2747 2107 Domi-

795 2152 952 2193 num
997 2128 1479 2193 misericordiae
1535 2136 1600 2193 et
1655 2127 1964 2193 bonitatis
2019 2128 2281 2193 laudem
2326 2149 2462 2192 non
2518 2149 2744 2193 conse-

793 2217 937 2297 qui,
996 2213 1153 2278 dum
1208 2215 1471 2298 affligit,
1537 2213 1752 2297 perdit
1796 2236 1870 2279 ac
1924 2216 2138 2296 punit:
2198 2215 2492 2301 (tametsi
2533 2215 2743 2279 iustae

794 2308 952 2365 sunt
993 2300 1289 2383 poenae),
1337 2300 1451 2364 sed
1499 2307 1641 2363 tum
1687 2299 1948 2364 demum
1986 2322 2206 2365 creare
2247 2299 2369 2365 sibi
2410 2301 2743 2383 populum,

793 2387 907 2468 qui
951 2386 1212 2450 laudem
1257 2407 1411 2451 suae
1460 2385 1764 2449 bonitatis
1809 2388 2112 2452 concinat
2145 2393 2212 2451 et
2245 2387 2548 2465 celebret,
2588 2387 2745 2451 dum

792 2473 1084 2549 afflictos,
1131 2474 1442 2537 contritos
1487 2481 1553 2536 et
1598 2472 2002 2554 desperatos,
2060 2473 2293 2537 liberat
2331 2493 2406 2536 ac
2451 2473 2516 2536 iu
2563 2494 2744 2555 spem

791 2558 1001 2641 erigit.
1073 2556 1208 2622 Sed
1268 2579 1351 2622 ne
1407 2557 1826 2636 cavillentur,
1883 2580 2002 2624 nos
2048 2558 2129 2623 ad
2183 2561 2428 2642 figuras
2473 2567 2540 2623 et
2583 2558 2744 2623 obli-

789 2664 917 2726 qua
953 2645 1288 2710 schemata
1323 2645 1689 2727 confugere,
1739 2645 1903 2708 citra
1937 2647 2218 2729 figuram
2239 2665 2495 2728 quoque
2538 2646 2744 2729 accipi

788 2739 1077 2812 possunt.

964 2899 1267 2967 Secundo
1311 2902 1449 2965 loco
1495 2900 1651 2981 dixi,
1700 2923 2004 2984 perverse
2048 2923 2132 2966 ex
2178 2903 2281 2966 his
2318 2902 2475 2967 locis
2522 2904 2742 2982 statui,

790 2997 1047 3054 sanctos
1094 2998 1239 3071 post
1280 2996 1559 3052 mortem
1602 3009 1854 3053 cessare
1891 3008 1965 3053 ac
2011 2987 2310 3063 desinere
2356 3008 2395 3052 a
2439 2987 2742 3054 laudibus

3023 1181 3334 1248 Sextum:
3382 1180 3695 1248 Laudabo
3741 1183 4099 1247 Dominum
4137 1184 4210 1247 111
4252 1185 4390 1247 vita
4422 1205 4585 1263 mea,
4630 1186 4782 1266 psal-

2852 1270 2982 1334 lam
3029 1268 3174 1333 Deo
3219 1291 3391 1348 mec,
3451 1267 3760 1352 quamdiu
3804 1290 3951 1334 sum
3996 1269 4199 1353 (Psal.
4248 1273 4385 1345 146,
4425 1272 4512 1352 2).
4602 1271 4690 1335 Et
4723 1273 4783 1336 in

2855 1356 3022 1422 hanc
3066 1356 3344 1419 formam
3389 1363 3805 1438 argutantur:
3866 1353 3941 1420 Si
3995 1354 4287 1419 laudabit
4328 1354 4686 1420 Dominum
4723 1358 4781 1421 in

2854 1442 3017 1520 vita,
3076 1449 3144 1506 et
3187 1441 3501 1524 quamdiu
3544 1443 3700 1520 erit,
3747 1463 3882 1505 non
3925 1440 4220 1505 laudabit
4262 1448 4410 1523 post
4455 1442 4684 1520 vitam,
4727 1451 4784 1508 et

2852 1527 3109 1610 quando
3165 1548 3295 1591 non
3337 1528 3481 1591 erit.
3556 1526 3837 1608 Quando
3895 1527 4058 1591 haec
4110 1548 4228 1610 per
4284 1527 4501 1592 lusum
4557 1530 4784 1593 iocum-

2851 1635 2978 1696 que
3033 1615 3112 1679 ab
3167 1615 3296 1677 illis
3349 1614 3580 1697 ¹iactari
3638 1614 3898 1695 opinor,
3959 1614 4098 1696 ipse
4152 1633 4408 1695 quoque
4464 1614 4531 1677 in
4575 1635 4784 1680 corum

2851 1701 3129 1783 gratiam
3172 1698 3410 1763 ludam.
3480 1702 3738 1764 Aeneas
3773 1698 4212 1782 Vergilianus,
4259 1720 4463 1782 quum
4508 1699 4785 1783 hospitae

2852 1807 3006 1850 suae
3059 1783 3481 1868 promittebat
3543 1785 3745 1849 animi
3791 1784 4286 1869 gratitudinem,
4348 1785 4504 1849 dum
4546 1806 4781 1850 memor

2851 1879 3024 1936 essct
3061 1873 3182 1950 sui,
3220 1892 3305 1934 an
3340 1870 3669 1947 innuebat,
3709 1870 4056 1953 aliquando
4093 1893 4162 1935 se
4201 1878 4559 1936 venturum
4591 1873 4662 1935 in
4696 1873 4783 1936 sui

2849 1959 3058 2039 ipsius
3114 1957 3546 2023 oblivionem?
3637 1955 3861 2038 Quum
3923 1956 4206 2023 dicebat:
4279 1962 4395 2035 [fol.
4446 1963 4553 2037 48]
4620 1958 4783 2022 Dum

2851 2045 3122 2127 spiritus
3167 2044 3286 2109 hos
3330 2052 3515 2126 reget
3556 2052 3765 2108 artus:
3823 2064 3909 2106 an
3952 2063 4089 2107 11011
4133 2041 4475 2126 cogitabat,
4521 2051 4588 2107 et
4630 2041 4784 2126 apud

2850 2150 3097 2208 manes,
3144 2130 3212 2194 in
3257 2129 3387 2193 illis
3427 2128 3735 2194 fabulosis
3782 2129 4052 2211 campis,
4102 2150 4171 2193 se
4215 2129 4494 2212 gratiam
4540 2128 4783 2194 habitu-

2849 2214 3045 2279 rum?
3113 2217 3332 2293 Absit,
3378 2215 3508 2280 illis
3552 2224 3628 2279 ut
3670 2214 4100 2281 concedamus
4145 2215 4236 2280 sic
4280 2224 4583 2296 torquere
4624 2215 4782 2279 111166

2848 2301 3097 2379 locum,
3155 2323 3238 2365 ne
3296 2301 3488 2366 simul
3546 2310 3614 2365 et
3680 2302 4006 2366 haeretico
4062 2298 4371 2365 Helvidio
4420 2299 4782 2366 succumba-

2849 2409 3013 2452 mus.
3082 2387 3278 2453 Nunc
3322 2389 3491 2452 serio
3541 2387 3789 2469 loquar.
3861 2388 3952 2451 Et
4000 2408 4085 2450 ne
4128 2386 4521 2464 obtendant,
4580 2408 4783 2452 secum

2850 2495 2980 2538 non
3026 2475 3209 2557 paria
3260 2474 3489 2538 fecisse
3534 2494 3657 2551 me,
3691 2473 3738 2555 ¹)
3797 2473 4216 2555 quintuplum
4260 2470 4558 2537 reddam:
4618 2474 4782 2537 Deus

2847 2581 3049 2637 meus,
3077 2560 3514 2641 inaeternum
3539 2558 3892 2623 confitebor
3917 2559 4034 2622 tibi
4066 2558 4266 2640 (Psal.
4297 2563 4395 2638 30,
4428 2559 4552 2642 13).
4599 2559 4780 2623 Item:

2847 2645 3246 2711 Benedicam
3261 2645 3624 2708 Dominum
3648 2646 3721 2708 in
3744 2645 3922 2709 omni
3944 2653 4253 2726 tempore,
4278 2664 4536 2726 semper
4555 2643 4722 2708 bona
4733 2642 4782 2724 ²)

2847 2734 2986 2798 eius
3030 2732 3097 2795 in
3134 2752 3246 2796 ore
3289 2753 3435 2796 meo
3476 2731 3681 2814 (Psal.
3723 2736 3822 2810 34,
3864 2730 3950 2813 2).
4021 2730 4219 2794 Item:
4269 2728 4645 2795 Confitebor
4677 2728 4782 2793 tibi

2845 2819 2915 2883 in
2953 2825 3312 2894 aeternum,
3359 2819 3514 2901 quia
3551 2818 3759 2882 fecisti
3794 2816 3998 2901 (Psal.
4041 2821 4137 2893 52,
4183 2816 4309 2900 11).
4377 2817 4578 2880 Item:
4620 2817 4784 2881 Lau-

2848 2905 3012 2969 dabo
3059 2926 3296 2968 nomen
3342 2912 3529 2968 tuum
3573 2904 3640 2966 in
3678 2903 4030 2980 saeculum,
4077 2912 4142 2965 et
4179 2902 4256 2965 16
4292 2901 4626 2967 saeculum
4663 2921 4786 2965 sae-

2848 2992 2978 3057 culi
3023 2990 3227 3075 (Psal.
3274 2995 3410 3068 145,
3458 2988 3539 3073 1).
3617 2989 3816 3055 Item:
3884 2987 3995 3054 Sic
4048 2988 4373 3072 psalmum
4430 2987 4642 3054 dicam
4685 3007 4789 3051 no-

790 3075 938 3152 Dei,
987 3074 1101 3138 sed
1144 3075 1414 3139 laudare
1459 3075 1672 3157 potius
1716 3098 1856 3140 6666
1901 3094 2408 3139 commemorare
2447 3095 2523 3138 ac
2560 3096 2746 3157 prae-
2793 3101 2796 3120 ¹
2848 3079 3011 3141 mini
3057 3085 3167 3141 tuo
3209 3079 3279 3141 in
3325 3077 3674 3152 saeculum,
3721 3083 3788 3140 et
3829 3077 3899 3139 in
3941 3075 4269 3140 saeculum
4315 3075 4555 3140 saeculi
4595 3071 4784 3158 (Psal.

793 3161 1009 3226 dicare
1057 3160 1232 3243 apud
1278 3160 1439 3226 alios
1484 3161 1609 3225 Dei
1655 3161 1972 3226 beneficia
2016 3161 2084 3224 in
2128 3161 2361 3242 quibus
2407 3159 2740 3226 laudetur:
2793 3193 2797 3206 ·
2853 3168 2950 3242 61,
2992 3165 3079 3247 9).
3161 3164 3551 3247 Agnoscunt
3602 3161 3792 3225 illum
3836 3160 4164 3227 Davidem
4211 3182 4425 3245 nuper
4469 3160 4593 3225 sibi
4639 3158 4790 3223 ami-

792 3268 986 3328 quem
1027 3268 1293 3311 sensum
1337 3268 1472 3311 non
1518 3246 1708 3310 modo
1746 3247 2071 3328 recipiunt
2104 3244 2323 3324 verba,
2370 3247 2483 3311 sed
2521 3269 2742 3313 neces-

793 3333 963 3396 sario
1009 3333 1302 3415 exigunt.
1371 3333 1539 3396 Nam
1590 3334 2012 3409 annunciare,
2061 3339 2128 3396 et
2173 3353 2471 3411 narrare,
2519 3342 2586 3398 et
2627 3355 2743 3416 pa-

794 3427 959 3481 trem
1016 3427 1244 3482 notum
1301 3419 1511 3482 facere
1567 3418 1747 3496 filiis,
1809 3440 1941 3481 non
1990 3426 2090 3484 est
2132 3419 2349 3482 animo
2392 3427 2742 3502 menteque

793 3505 1127 3585 concipere
1172 3503 1303 3567 Dei
1346 3503 1637 3587 gloriam,
1685 3503 1800 3568 sed
1834 3525 1944 3568 ore
1981 3505 2326 3582 celebrare,
2372 3512 2449 3568 ut
2481 3506 2591 3569 alii
2628 3527 2742 3569 au-

793 3588 992 3654 diant.
1062 3590 1190 3654 Hic
1249 3590 1304 3654 si
1359 3610 1466 3653 me
1519 3589 1966 3671 interpellent,
2023 3589 2195 3672 quod
2238 3590 2369 3655 illis
2412 3589 2480 3654 id
2525 3591 2744 3673 ipsum

793 3695 990 3759 agere
1035 3675 1243 3754 liceat,
1284 3675 1341 3739 si
1385 3675 1491 3758 (ut
1535 3675 1892 3760 credimus)
1936 3677 2005 3740 in
2050 3676 2353 3760 paradiso
2393 3688 2552 3741 sunt
2594 3699 2741 3743 cum

791 3760 965 3837 Deo,
1012 3759 1398 3844 respondeo:
1456 3762 1529 3824 in
1572 3761 1873 3844 paradiso
1919 3783 2092 3840 6666,
2154 3769 2220 3826 61
2260 3784 2409 3828 611111
2452 3763 2597 3827 Deo
2642 3764 2741 3829 vi-

792 3868 974 3925 vere,
1032 3868 1164 3910 non
1220 3854 1320 3911 est
1372 3847 1650 3911 alterum
1708 3847 1896 3911 alteri
1951 3848 2155 3930 loqui,
2205 3855 2271 3911 et
2322 3848 2604 3912 alterum
2657 3850 2736 3915 ab

794 3932 1000 3997 altero
1046 3933 1291 3997 audiri:
1350 3932 1465 3998 sed
1521 3940 1782 3997 tantum
1826 3935 1970 3999 Deo
2014 3934 2174 4012 frui,
2222 3935 2462 3999 sentire
2500 3934 2742 3999 bonam

793 4019 933 4082 eius
991 4018 1421 4097 voluntatem,
1490 4020 1562 4082 in
1627 4039 1702 4082 eo
1783 4020 2208 4101 acquiescere.
2303 4017 2379 4084 Si
2434 4021 2558 4085 hoc
2612 4020 2742 4086 illis

790 4104 1154 4187 Morpheus
1211 4105 1446 4187 aliquis
1502 4103 1626 4166 κατ’
1672 4101 1815 4191 ὄναρ
1877 4105 2225 4184 revelavit,
2293 4105 2578 4171 habeant
2618 4108 2742 4172 sibi

794 4198 1059 4255 certum.
1134 4192 1286 4274 Ipse
1354 4191 1520 4255 mihi
1580 4211 1714 4255 non
1788 4190 2141 4256 adsciscam
2208 4198 2531 4257 tortuosas
2596 4193 2743 4258 illas

793 4277 1230 4359 quaestiones,
1284 4298 1451 4360 quae
1495 4276 1579 4341 ad
1622 4279 2106 4343 contentionem
2149 4278 2401 4356 valent,
2446 4278 2617 4342 nihil
2662 4278 2744 4343 ad

792 4364 1104 4445 pietatem
1149 4364 1504 4428 conferunt.
1938 4377 1941 4380 ’

964 4532 1463 4599 Ecclesiasticus
1516 4557 1651 4600 non
1710 4536 1834 4600 hoc
1878 4537 2041 4618 agit,
2089 4544 2167 4600 ut
2221 4535 2523 4601 ostendat
2569 4558 2743 4601 mor·

796 4629 1060 4684 tuorum
1113 4620 1364 4684 animas
1419 4622 1663 4703 perire:
1717 4622 1832 4687 sed
1895 4620 2054 4686 dum
2097 4620 2429 4699 hortatur,
2486 4629 2561 4686 ut
2600 4643 2741 4687 ma-

793 4713 941 4771 ture
985 4713 1052 4771 et
1093 4726 1210 4787 per
1253 4708 1651 4771 occasionem
1694 4708 1839 4772 Deo
1883 4710 2341 4787 confiteamur,
2386 4707 2583 4771 simul
2626 4708 2743 4772 do-

794 4800 927 4871 cet,
986 4812 1118 4856 non
1163 4813 1305 4857 6666
1348 4792 1698 4857 confitendi
1755 4802 2015 4875 tempus
2070 4800 2217 4876 post
2259 4801 2563 4858 mortem:
2621 4794 2742 4859 hoc

932 5050 988 5117 1)
1046 5049 1140 5104 Sic
1183 5051 1379 5119 leqitm·
1423 5051 1483 5103 in
1528 5050 1610 5103 ed.
1650 5047 1799 5103 1542.
1864 5049 2057 5104 Gallus
2100 5066 2313 5172 guoque
2346 5051 2533 5105 habet.-
2580 5050 2740 5106 Ceste

797 5127 1049 5174 sentence
1100 5126 1184 5174 est
1269 5119 1559 5173 leinement
1606 5119 1910 5172 confer-mee
1958 5136 2058 5188 par
2143 5121 2357 5175 oraison
2404 5121 2493 5190 qui
2540 5127 2625 5175 est
2671 5137 2741 5174 611

795 5187 925 5240 livre
973 5188 1044 5240 du
1088 5188 1234 5256 Prop
1276 5195 1363 5241 ete
1409 5188 1648 5241 Baruch:
1698 5186 1743 5241 Ο
1792 5186 2078 5256 86186661,
2141 5204 2306 5242 ouvre
2352 5195 2447 5243 etc.
2546 5190 2741 5243 Verum

793 5256 906 5308 iam
943 5255 1078 5308 1545
1116 5258 1379 5325 scriptum
1413 5263 1524 5311 est:
1570 5257 1623 5309 in
1672 5255 1809 5310 libro
1848 5256 2065 5310 Baruch
2114 5257 2332 5321 (saltem
2368 5259 2457 5327 qui
2494 5260 2610 5313 eius
2645 5273 2740 5312 no-

791 5325 931 5379 mine
969 5326 1324 5390 inscribitur):
1361 5328 1527 5395 Aperi
1563 5330 1656 5380 ete.

2849 3271 3028 3328 cum,
3078 3270 3220 3314 sese
3265 3258 3399 3312 tam
3449 3248 3686 3313 acriter
3732 3246 4198 3330 impetentem?
4271 3248 4594 3329 Apagesis
4641 3243 4787 3308 haec

2848 3343 3267 3420 argumenta,
3327 3355 3493 3416 quae
3548 3354 3631 3397 ex
3676 3335 3907 3398 atomis
3959 3333 4302 3428 literarum
4346 3334 4786 3397 conficiuntur.

3020 3506 3420 3589 Septimum:
3477 3507 3724 3571 Desine
3779 3527 3819 3570 a
3872 3526 4007 3583 me,
4061 3513 4126 3568 et
4172 3505 4546 3582 roborabor,
4597 3501 4790 3566 donec

2848 3593 3113 3672 vadam,
3160 3603 3227 3656 et
3270 3613 3401 3656 non
3447 3592 3572 3658 sim
3618 3591 3822 3675 (Psal.
3867 3596 3966 3670 39,
4012 3590 4136 3673 14).
4216 3588 4341 3654 Cui
4388 3590 4630 3654 coniun
4766 3594 4792 3648 t

2845 3679 3010 3744 illud
3053 3678 3225 3743 Iobi:
3272 3678 3552 3742 Dimitte
3597 3699 3719 3756 me,
3770 3683 3846 3741 ut
3888 3677 4198 3759 plangam
4244 3674 4583 3757 paululum
4669 3672 4792 3739 olo-

2847 3787 2987 3830 rem
3031 3785 3279 3843 meum,
3339 3773 3693 3847 antequam
3741 3763 4004 3839 vadam,
4064 3767 4131 3826 ot
4184 3782 4312 3826 non
4357 3769 4673 3839 revertar,
4718 3756 4792 3820 ad

2847 3860 3093 3916 terram
3148 3851 3560 3915 tenebrosam
3604 3859 3671 3913 et
3713 3857 4005 3931 opertam
4050 3848 4282 3912 mortis
4322 3846 4623 3931 caligine,
4671 3857 4792 3908 ter·

2848 3958 2989 4001 ram
3033 3937 3337 4002 miseriae
3381 3943 3449 4000 et
3494 3934 3942 4013 tenebrarum,
3992 3932 4105 3998 ubi
4149 3934 4380 3998 umbra
4422 3934 4688 4010 mortis,
4734 3937 4794 3993 et

2847 4023 3069 4088 nullus
3112 4021 3289 4100 ordo,
3340 4021 3455 4087 sed
3499 4022 3935 4104 sempiternus
3981 4020 4214 4084 horror
4256 4017 4584 4082 inhabitat
4632 4015 4789 4101 (Iob.

2855 4114 2947 4186 10,
2990 4113 3070 4172 20
3107 4109 3240 4188 ss.).
3337 4108 3521 4173 Haec
3584 4106 3753 4171 nihil
3808 4106 3891 4171 ad
3952 4125 4230 4172 causam.
4332 4104 4558 4168 Verba
4623 4103 4794 4168 enim

2847 4203 3006 4260 sunt
3048 4202 3232 4259 aestu
3276 4201 3343 4258 61
3375 4195 3704 4257 anxietate
3749 4192 4180 4257 conscientiae
4222 4189 4434 4273 plena,
4482 4210 4642 4254 vere
4686 4209 4794 4252 ex·

2845 4280 3216 4363 primentia,
3262 4288 3329 4345 et
3364 4280 3548 4362 quasi
3590 4280 3658 4342 in
3693 4278 3916 4343 tabula
3949 4276 4302 4342 referentia
4346 4276 4659 4341 affectum
4694 4294 4796 4338 eo·

2848 4388 3026 4443 rum,
3084 4367 3197 4448 qui
3252 4373 3503 4430 terrore
3559 4363 3783 4430 iudicii
3826 4362 3955 4427 Dei
3998 4362 4308 4446 perculsi,
4354 4382 4631 4425 manum
4672 4358 4795 4422 Dei

2846 4453 2980 4515 iam
3023 4452 3192 4517 ferre
3236 4472 3372 4516 non
3413 4456 3702 4533 possunt.
3772 4447 3989 4513 Orant
4031 4456 4279 4527 autem,
4326 4458 4402 4511 ut
4438 4448 4497 4512 si
4539 4466 4797 4511 meren-

2847 4547 2957 4601 tur
3002 4559 3040 4602 a
3083 4538 3227 4601 Deo
3272 4536 3490 4614 abiici,
3547 4535 3778 4600 saltem
3825 4535 3930 4601 vel
3973 4534 4303 4599 tantillum
4348 4532 4680 4615 respirare
4723 4530 4798 4593 li-

2847 4632 2991 4688 ceat
3035 4622 3114 4688 ab
3157 4623 3259 4686 ira
3301 4623 3455 4700 Dei,
3512 4643 3642 4705 qua
3683 4622 4176 4696 concutiuntur,
4219 4619 4424 4702 idque'
4451 4622 4522 4683 in
4565 4617 4803 4683 ultima

2847 4708 3314 4792 desperatione.
3393 4708 3532 4773 Nec
3583 4708 3825 4771 mirum
3885 4716 4013 4786 est,
4070 4714 4329 4770 sanctos
4382 4705 4511 4770 Dei
4576 4723 4802 4771 servos

2843 4795 2999 4861 illuc
3054 4794 3245 4877 adigi.
3320 4795 3648 4859 Dominus
3690 4794 3864 4858 enim
3919 4791 4294 4869 mortificat,
4363 4799 4431 4856 et
4474 4791 4797 4858 vivificat:

2846 4881 3108 4946 deducit
3159 4880 3242 4944 ad
3293 4881 3568 4959 inferos,
3626 4888 3693 4944 et
3745 4879 3998 4943 reducit
4040 4878 4106 4957 (1
4153 4875 4331 4942 Sam.
4373 4881 4431 4957 2,
4472 4877 4557 4961 11).
4652 4875 4800 4939 Non

2845 4987 2985 5032 esso
3030 4973 3266 5045 autem,
3312 4987 3428 5048 pro
3470 4987 3546 5031 eo
3591 4965 3843 5044 dicitur,
3890 4964 4059 5047 quod
4102 4971 4202 5028 est
4236 4983 4276 5026 a
4318 4965 4458 5028 Deo
4504 4962 4802 5027 alienum

2983 5258 3040 5322 1)
3077 5273 3161 5311 me
3198 5257 3342 5311 deese
3378 5255 3528 5311 1542.
3727 5256 3786 5321 2)
3829 5254 3923 5311 Sic
3959 5254 4093 5309 1542
4128 5261 4180 5309 et
4216 5253 4412 5310 Gallus
4448 5252 4803 5320 (benefices).

2848 5327 3103 5384 eceterae
3137 5326 3267 5380 inde
3300 5344 3337 5380 a
3373 5323 3509 5380 1545
3544 5328 3621 5381 ad
3655 5327 3798 5380 hebr.
3833 5325 3992 5392 fidem
4027 5325 4297 5380 seramnt:
4334 5324 4469 5377 laus.
