5100 6061
724 390 845 453 131

724 576 910 641 Idem
958 575 1359 642 Caecinnae:
1418 574 1566 639 Tibi
1611 576 1782 639 hanc
1824 575 2035 658 ipsam
2081 574 2454 658 opinionem
2498 578 2567 640 in
2615 597 2682 641 e-

725 663 821 727 nii
866 663 1042 747 apud
1084 664 1300 745 ipsum
1344 662 1705 744 plurimum
1740 662 2162 742 profuturam.
2226 661 2414 727 Idem
2449 662 2519 726 in
2612 684 2681 727 a-

726 749 1030 815 lustium:
1075 747 1297 813 Velim
1341 748 1508 812 mihi
1552 747 1977 829 respondeat,
2035 747 2355 829 numquid
2402 748 2470 812 hi
2519 769 2680 833 quos

725 835 1003 917 protulit
1046 833 1389 917 Scipiones
1443 845 1507 898 et
1550 832 1805 899 Metelli
1862 841 2018 899 ante
2072 834 2339 898 fuerunt
2381 843 2497 898 aut
2540 834 2679 916 opi-

726 922 974 998 nionis,
1032 930 1148 986 aut
1189 919 1466 1004 gloriae,
1525 940 1721 1001 quam
1775 941 1886 985 eos
1940 941 2046 985 res
2101 929 2325 1002 gestae
2369 940 2557 998 suae,
2614 928 2680 984 et

728 1007 866 1073 vita
914 1007 1443 1073 innocentissime
1490 1013 1637 1070 acta
1680 1005 2178 1070 commendavit.

900 1092 1034 1157 Hoc
1096 1093 1257 1171 dice,
1303 1113 1493 1172 quum
1559 1093 1637 1165 ab
1701 1088 2132 1177 inferioribus]
2225 1091 2484 1156 Rursus
2552 1090 2676 1157 hoc

729 1181 1092 1245 membrum
1148 1177 1481 1244 dividitur.
1581 1180 1720 1242 Aut
1778 1178 1924 1242 vult
1993 1178 2295 1259 princeps
2365 1177 2675 1241 iniuriam

628 1282 638 1292 ·
731 1264 1088 1343 vindicare,
1133 1286 1327 1347 quam
1370 1264 1596 1329 intulit
1639 1265 1924 1329 inferior.
2014 1264 2218 1345 Atqui
2275 1262 2389 1326 tali
2445 1262 2674 1328 solatio

725 1352 994 1416 minime
1039 1359 1204 1435 eget,
1257 1360 1334 1414 ut
1378 1351 1624 1415 dictum
1670 1359 1786 1414 est.
1840 1349 1982 1413 Aut
2024 1349 2170 1414 vult
2212 1349 2527 1413 offensam
2572 1348 2672 1413 ul-

724 1438 909 1514 cisci,
972 1460 1102 1519 qua
1159 1459 1198 1502 a
1254 1438 1397 1520 pari
1456 1436 1673 1500 laesus
1724 1445 1852 1500 est:
1911 1443 1986 1498 ut
2040 1436 2095 1499 si
2152 1454 2300 1499 cum
2359 1442 2673 1500 extraneo

724 1524 1015 1606 principe
1057 1523 1302 1588 bellum
1348 1523 1654 1607 gesserit,
1708 1521 1819 1603 qui
1875 1527 2102 1604 postea
2147 1520 2316 1585 bello
2361 1521 2671 1603 subiuga-

724 1618 857 1687 ωε,
905 1610 1162 1675 venerit
1205 1610 1276 1673 in
1321 1630 1505 1685 suam
1553 1615 1971 1690 potestatem:
2033 1614 2099 1671 et
2156 1607 2261 1672 hic
2321 1608 2480 1671 satis
2524 1608 2672 1671 vin-

723 1694 973 1761 dicatus
1041 1708 1143 1759 est
1208 1695 1506 1759 fortunae
1577 1715 1651 1757 ac
1719 1694 2032 1758 victoriae
2104 1713 2262 1757 suae
2330 1691 2669 1758 beneficio:

717 1783 870 1864 quia
913 1783 1024 1863 qui
1071 1802 1189 1863 par
1233 1788 1373 1845 erat
1417 1801 1619 1860 quum
1664 1778 1979 1858 laederet,
2041 1801 2217 1845 nunc
2270 1777 2369 1843 illi
2415 1778 2671 1845 subiec-

719 1875 828 1932 tus
875 1874 991 1931 est.
1084 1864 1322 1931 Subdit
1376 1874 1441 1929 et
1495 1865 1623 1928 alia
1664 1864 1733 1928 in
1779 1863 2052 1930 eandem
2110 1865 2429 1929 rationem
2475 1886 2672 1948 argu-

721 1961 962 2018 menta.
2430 1967 2435 1972 ·
2601 1974 2614 1985 ’

898 2039 1125 2119 Reyem
1180 2043 1235 2102 et
1286 2035 1531 2122 servus]
1593 2036 1846 2101 Eadem
1879 2043 2004 2112 vest
2058 2037 2414 2113 sententia,
2474 2057 2673 2119 quam

718 2145 918 2207 supra
957 2131 1355 2205 exsequutus
1399 2132 1512 2188 est.
1613 2120 1837 2203 Quum
1873 2124 2047 2206 regis
2092 2124 2384 2205 potentia
2424 2123 2510 2187 sit
2548 2124 2674 2189 sita

717 2211 788 2274 in
847 2207 1177 2292 perdendo
1232 2218 1298 2273 et
1353 2208 1705 2283 servande,
1763 2208 2065 2291 perdere,
2121 2208 2292 2292 quod
2346 2209 2467 2273 sibi
2520 2231 2673 2275 cum

723 2295 948 2358 multis
993 2316 1337 2359 commune
1379 2305 1495 2372 est,
1543 2317 1675 2359 non
1728 2295 1952 2379 magni
1996 2296 2329 2371 aestimet3
2387 2315 2671 2372 servare,

722 2380 894 2463 quod
940 2402 1092 2446 vere
1133 2382 1386 2465 regium
1430 2402 1593 2463 opus
1628 2388 1728 2446 est
1773 2387 1838 2445 et
1882 2381 2268 2464 gloriosum,
2326 2381 2451 2446 sibi
2495 2403 2673 2447 asse-

724 2476 884 2616 rat.d
914 2468 1240 2616 Egerceat
1274 2488 1430 2550 ergo
1451 2468 1585 2532 vim
1630 2474 1820 2532 suam
1864 2466 2189 2532 servando
2224 2468 2441 2551 potius
2476 2488 2674 2549 quam

723 2574 840 2635 per
887 2573 970 2617 en
1018 2574 1073 2617 0.
1668 2576 1678 2588 ·

900 2638 1191 2704 Perdidit
1227 2640 1391 2703 enim
1427 2641 1621 2703 vitam
1656 2641 1767 2720 qui
1809 2637 2001 2725 debet]
2048 2639 2292 2723 Tangit
2333 2638 2552 2705 locum
2590 2639 2672 2703 il-

721 2724 883 2788 lum·
915 2746 1356 2803 communem,
1413 2725 1648 2789 melius
1703 2746 1844 2791 esse
1888 2724 2091 2790 libero
2136 2724 2391 2789 homini
2434 2725 2674 2790 millies

722 2810 916 2888 mori,
977 2832 1171 2892 quam
1218 2809 1510 2875 obtinere
1555 2812 1758 2876 vitam
1811 2812 2209 2893 precariam;
2269 2818 2344 2875 ut
2401 2810 2674 2877 alterius

722 2896 991 2960 arbitrio
1037 2897 1236 2974 vivat,
1282 2898 1388 2961 cui
1433 2898 1755 2979 parcitum
1800 2906 1916 2962 est.
2543 2946 2559 2963 .

893 2988 1040 3062 [pag.
1108 2989 1253 3062 124]
1328 2982 1413 3048 In
1470 2984 1782 3066 triumpho
1837 2985 1954 3050 cito
1996 2980 2352 3069 transisset]
2415 2982 2674 3047 Alludit

719 3067 801 3133 ad
838 3070 1185 3152 antiquum
1221 3091 1467 3134 morem
1492 3072 1942 3135 Romanorum
1981 3068 2672 3152 triumphantibus'so-

714 3154 995 3219 lennem.
1065 3156 1555 3221 Praecedebant
1598 3157 1775 3220 enim
1820 3178 2089 3222 currum
2122 3156 2386 3220 victoris
2428 3157 2672 3238 captivi

717 3240 955 3318 hostes,
1004 3253 1072 3306 et
1114 3264 1318 3323 quum
1363 3264 1482 3324 per
1504 3243 1682 3308 viam
1727 3242 2054 3325 publicam
2097 3243 2167 3305 in
2209 3261 2447 3324 pompa
2491 3241 2672 3308 ducti

716 3336 967 3405 essent,
1028 3349 1269 3410 poenas
1328 3329 1595 3410 pensuri
1639 3329 1709 3391 in
1753 3349 2079 3392 carcerem
2136 3326 2666 3392 conficiebantur.

2372 385 2501 451 DE
2542 384 3089 451 CLEMENTIA

4619 394 4739 456 132

2785 594 2903 654 que
2944 573 3120 654 sequi
3160 573 3355 639 debet:
3399 580 3511 640 aut
3553 580 3623 639 ut
3665 596 3805 640 eum
3836 597 4017 658 quem
4039 577 4250 658 punit,
4295 578 4592 657 emendet,-
4625 588 4740 645 ant

2787 666 2854 725 ut
2897 681 3100 741 poena
3154 661 3292 724 eius
3350 667 3616 726 caeteros
3673 663 3958 728 meliores
4009 664 4261 742 reddam
4313 670 4427 727 aut
4471 665 4738 733 sublatis

2784 747 2974 811 malis
2987 794 3001 823 ,
3047 746 3385 811 securiores
3429 748 3655 812 caeteri
3697 750 3922 812 vivant.
4013 748 4197 829 Ipsos
4235 750 4495 830 facilius
4540 771 4732 816 emet·-

2783 833 2967 897 dabis
3009 832 3248 896 minore
3270 852 3494 911 poena.
3584 833 3978 917 Diliyentius
4017 835 4182 899 enim
4224 836 4407 911 vivit,
4453 837 4573 900 cui
4613 839 4735 903 ali-

2783 918 2937 997 quid
2978 919 3203 1000 inteyri
3247 925 3541 1000 superest.
3627 920 3824 985 Nemo
3858 922 4150 1004 diynitati
4182 923 4472 1001 perditae
4502 925 4730 1003 parcit.

2783 998 3196 1085 Btfflunitatis
3234 1025 3436 1086 qenus
3478 1011 3566 1070 est
3581 1055 3596 1083 ,
3643 1007 3774 1070 iam
3821 1027 3943 1071 non
3984 1006 4206 1072 habere
4236 1028 4475 1087 poenae
4516 1010 4728 1074 loom.

2787 1087 3078 1154 Civitatis
3112 1095 3317 1155 autem
3341 1110 3544 1156 mores
3579 1093 3784 1174 mayis
3819 1094 4077 1176 eorriyit
4121 1094 4406 1172 parcitas
4441 1096 4728 1161 animad-

2779 1175 3147 1240 versionum.
3226 1175 3409 1241 Facit
3462 1178 3627 1240 enim
3671 1179 4172 1243 consuetudinem
4223 1180 4528 1259 peccandi
4571 1183 4728 1248 mul-

2779 1262 2977 1326 titudo
2996 1264 3420 1342 peccantium.-
3455 1268 3510 1326 et
3541 1265 3756 1328 minus
3786 1265 4006 1347 yravis
4037 1270 4182 1329 nota
4207 1271 4299 1330 est
4331 1285 4522 1346 quam
4543 1268 4729 1335 turba

2776 1347 3215 1412 damnatorum
3256 1347 3443 1412 levat.-
3498 1354 3554 1413 et
3593 1352 3890 1414 severitas
3945 1352 4107 1431 quod
4149 1352 4496 1415 maximum
4534 1375 4729 1420 reme-

2776 1433 2954 1497 dium
2985 1432 3181 1511 habet,
3227 1435 3602 1499 assiduitate
3637 1437 3868 1500 amittit
3919 1438 4327 1502 autoritatem.
4400 1436 4729 1507 Com-citu&

2776 1518 2959 1583 bonos
3013 1540 3213 1584 mores
3256 1521 3494 1585 civitati
3530 1523 3853 1602 princePS,
3913 1528 3968 1587 et
4006 1523 4166 1587 vitia
4208 1524 4346 1588 eius
4389 1528 4726 1607 compescit,

2775 1604 2836 1667 si
2858 1605 3118 1685 patiens
3153 1626 3362 1669 eorum
3395 1611 3499 1685 est,
3536 1628 3659 1671 non
3691 1613 3991 1689 tanquam
4015 1607 4250 1688 probet,
4285 1610 4396 1673 sed
4424 1615 4726 1693 tanquam

2776 1690 3014 1754 invitus
3067 1711 3206 1755 cum
3264 1713 3485 1774 mayno
3542 1698 3833 1760 tormento
3886 1695 3970 1760 ad
4025 1696 4458 1777 eastiyandum
4501 1700 4722 1763 veniat.

2792 1774 3244 1841 Verecundiam
3295 1779 3602 1857 peccandi
3656 1780 3812 1861 facit
3867 1781 4012 1860 ipsa
4068 1781 4386 1846 elementia
4438 1786 4722 1865 reqente's.

2784 1860 3060 1926 Gravior
3092 1864 3280 1928 multo
3312 1885 3519 1945 poena
3563 1866 3835 1945 videtur,
3871 1886 4030 1946 quae
4066 1888 4107 1930 a
4141 1868 4286 1931 miti
4327 1868 4463 1932 viro
4505 1872 4723 1934 consti-

2777 1952 2841 2010 tu
2851 1948 2990 2011 itur.
3058 1947 3398 2015 Praeterea
3430 1950 3668 2015 videbis
3689 1973 3762 2016 ea
3784 1972 3969 2033 saepe
4004 1954 4315 2031 comitiitti,
4350 1974 4508 2035 quae
4539 1976 4722 2037 saepe

2778 2033 3188 2098 vindicantur.

2952 2124 3100 2198 [pag.
3133 2128 3277 2199 125]
3315 2121 3460 2186 Hoc
3487 2123 3766 2187 alterum
3801 2123 4170 2187 membrum
4206 2125 4555 2206 primariae
4578 2149 4731 2210 par-

2777 2205 3060 2285 titionis,
3118 2207 3289 2288 quod
3334 2208 3552 2289 ipsum
3595 2210 3666 2272 in
3713 2221 3848 2272 tres
3892 2217 4112 2291 partes
4160 2209 4592 2291 distribuitur,
4653 2227 4731 2279 ut

2777 2292 2848 2355 in
2894 2292 2996 2357 his
3036 2293 3235 2357 etiam
3279 2294 3722 2375 particulatim
3764 2292 4183 2359 severitatem
4237 2296 4450 2375 tollat,
4508 2306 4573 2362 et
4628 2302 4730 2365 in-

2778 2378 2995 2442 sinuet
3051 2379 3482 2444 clementiam.
3575 2379 3754 2445 Dicit
3811 2380 4015 2464 igitur
4070 2383 4200 2445 tria
4264 2403 4406 2448 esse
4472 2383 4729 2468 legibus

2777 2463 3121 2528 observata
3163 2466 3235 2529 in
3281 2465 3689 2531 'vindicandis
3735 2466 3964 2531 alienis
4008 2466 4297 2533 iniuriis:
4344 2490 4509 2551 quae
4543 2473 4727 2554 prin-

2779 2550 2904 2631 cipi
2951 2571 3091 2615 essc
3138 2554 3469 2634 proposita
3513 2551 3779 2629 debent,
3835 2553 3949 2634 qui
3992 2551 4099 2616 lex
4144 2554 4433 2619 animata
4476 2565 4603 2632 est,
4660 2566 4760 2624 et·

2779 2657 2972 2718 quem
3029 2635 3136 2701 hic
3197 2659 3278 2701 ne
3334 2638 3667 2702 tantillum
3714 2636 3980 2721 quidem
4030 2648 4290 2720 oportet
4334 2640 4491 2707 dare
4534 2644 4728 2708 affec-

2779 2719 2970 2799 tibus,
3018 2721 3134 2786 sed
3175 2725 3396 2788 omnia
3438 2745 3521 2787 cx
3565 2724 3729 2808 legis
3775 2725 4178 2806 praescripto
4235 2747 4446 2809 agere.
4538 2726 4729 2809 Quae

2779 2815 3002 2872 autem
3046 2808 3158 2872 illa
3202 2810 3366 2888 sint,
3413 2821 3481 2875 et
3525 2809 3918 2887 cuiusmodi,
3983 2809 4266 2875 breviter
4309 2813 4725 2894 explicemus.

2966 2893 3045 2959 Ut
3084 2915 3225 2959 eum
3267 2912 3454 2976 quem·
3469 2897 3678 2978 punit,
3723 2893 4019 2981 emendet]
4069 2896 4244 2960 Illud
4282 2900 4460 2962 enim
4499 2900 4727 2985 vulga-

2778 2987 2920 3044 tum
2962 2988 3089 3060 est,
3134 2981 3507 3048 illecebram
3552 2981 3863 3065 peccandi
3907 3003 4049 3048 esse
4093 2983 4579 3066 impunitatem,
4627 2996 4728 3052 at-

2776 3087 2919 3148 que,
2968 3076 3041 3131 ut
3085 3069 3177 3131 ait
3221 3070 3393 3150 apud
3440 3067 3802 3134 Salustium
3846 3070 4229 3147 MemmiuS,
4275 3071 4493 3136 Multo
4537 3095 4727 3155 prae-

2778 3161 2907 3215 stat
2951 3154 3019 3216 in
3065 3156 3398 3235 republica
3442 3155 3756 3231 beneficii,
3801 3177 3998 3237 quam
4043 3155 4348 3222 maleficii
4389 3159 4728 3225 immemo-

2776 3259 2918 3303 rem
2959 3241 3112 3303 fore.
3204 3241 3429 3306 Bonus
3483 3239 3936 3306 tantummodo
3994 3244 4259 3324 segnior
4311 3246 4390 3308 fit
4439 3244 4548 3309 ubi
4610 3266 4727 3310 ne-

2776 3324 3017 3408 gligaS‚
3087 3326 3300 3391 malus
3366 3327 3737 3410 improbior.
3829 3326 4220 3411 Corrigendi
4287 3340 4440 3393 sunt
4503 3332 4726 3414 itaque

718 3412 948 3479 Cicero
994 3414 1283 3477 Verrina
1326 3413 1518 3477 VII.:
1580 3412 1800 3494 Quum
1849 3413 1927 3477 de
1971 3414 2109 3478 foro
2153 3416 2223 3477 in
2269 3413 2670 3496 Capitolium
2718 3419 2723 3472 Ι
2771 3431 2999 3492 poena,
3045 3413 3155 3493 qui
3199 3412 3332 3477 alia
3372 3414 3627 3477 ratione
3670 3414 3740 3476 in
3763 3413 3940 3478 viam
3982 3413 4207 3478 reduci
4244 3425 4592 3498 nequeunt,
4643 3441 4727 3482 ne

715 3499 978 3563 flectere
1034 3521 1302 3563 currum
1356 3499 1711 3582 incipiunt,
1772 3500 2064 3582 captivos
2122 3499 2270 3563 duci
2324 3499 2555 3563 iubent
2598 3501 2666 3564 in
2717 3494 2722 3558 ὲ

718 3603 1076 3649 carcerem:
1124 3585 1425 3667 idemque
1470 3583 1607 3650 dics
1644 3596 1712 3649 et
1733 3585 2089 3651 victoribus
2122 3585 2400 3666 imperii,
2440 3593 2508 3650 et
2531 3586 2666 3652 vic-

715 3671 798 3734 tis
856 3671 1033 3734 vitae
1091 3671 1243 3736 finis
1302 3670 1441 3735 fuit..
1532 3671 1713 3736 Dicit
1777 3673 1978 3756 igitur
2036 3669 2288 3737 Seneca
2351 3673 2663 3736 maiorem

713 3755 977 3821 laudem
1031 3756 1390 3821 relaturum
1439 3759 1545 3840 qui
1592 3758 1783 3823 victis
1841 3757 2140 3836 hostibus
2185 3758 2388 3822 vitam
2445 3757 2663 3822 indul-

715 3852 882 3926 geat,
929 3864 1121 3924 quam
1169 3844 1222 3907 si
1268 3844 1546 3909 occidat:
1592 3842 1762 3925 quod
1808 3843 2124 3926 quamdiu
2167 3844 2414 3921 vivent,
2462 3851 2665 3922 testes

2771 3499 2939 3560 fiant
2983 3499 3430 3562 effrenatiorcs
3468 3499 3730 3563 licentia
3775 3509 3838 3562 ct
3885 3500 4340 3582 corruptiores.
4409 3501 4564 3567 Ideo
4601 3501 4725 3569 So·

2771 3583 2884 3646 lon
2932 3583 3189 3649 dicebat
3235 3584 3703 3668 rempublicam
3747 3582 3999 3650 duobus
4046 3586 4385 3665 contineri,
4433 3591 4725 3673 praemio

2772 3676 2839 3732 et
2891 3690 3114 3752 poena.
3218 3671 3300 3736 In
3355 3692 3549 3753 quam
3606 3671 4002 3736 sententiam
4052 3671 4341 3750 Plinius,
4399 3675 4722 3755 Praemia,

2771 3756 3006 3837 inquit,
3046 3756 3367 3822 bonorum
3406 3765 3470 3822 et
3503 3758 3846 3833 malorum,
3885 3757 4086 3823 bonos
4123 3766 4188 3823 et
4224 3759 4428 3825 malos
4457 3761 4722 3826 faciunt.
4845 3785 4872 3804 ‘

2768 3840 2928 3922 Hoc¹
2960 3863 3167 3926 genus
3208 3863 3454 3925 poenae
3493 3843 3767 3908 Graecis
3810 3853 4119 3921 νουθεσία,
4165 3849 4267 3906 καὶ
4306 3844 4574 3924 κόλασις,
4622 3853 4726 3909 καὶ

715 3936 911 3991 erunt
956 3937 1106 3993 tuae
1150 3929 1548 3994 clementiae.
1640 3931 1893 4012 Pompa
1947 3929 2267 4012 triumphi
2327 3931 2663 4010 praeterit,
2714 3929 2720 4010 l
2770 3937 3122 4010 παραίνεσις
3168 3929 3424 4008 dicitur,
3472 3929 3658 4012 quasi
3703 3929 3907 3993 latine
3950 3930 4381 3995 monitionem
4419 3932 4611 4010 dicas,
4657 3941 4727 3998 et

717 4023 783 4076 ct
818 4015 1040 4077 statim
1078 4016 1411 4079 evanescit
1448 4038 1528 4080 ex
1564 4016 1771 4081 oculis
1808 4015 2182 4079 hominum:
2230 4036 2464 4097 nempe
2500 4037 2666 4097 quae
2716 4029 2720 4100 Ι
2773 4014 3426 4080 animadversionem.
3496 4013 3608 4080 Sic
3633 4016 3866 4086 scribit
3880 4015 4141 4080 Gellius
4173 4015 4339 4081 libro
4362 4018 4480 4081 VI.
4517 4041 4723 4101 quum

718 4099 799 4163 ad
849 4100 1074 4163 horam
1122 4109 1471 4184 spectetur.
2717 4107 2720 4168 1
2773 4099 2853 4163 de
2898 4100 3001 4163 his
3046 4102 3256 4165 tribus
3301 4099 3614 4183 puniendi
3667 4103 3876 4165 causis
3922 4101 4209 4184 loquitur
4253 4102 4480 4168 eodem
4523 4126 4723 4178 sensu

888 4186 1023 4250 Hoc
1065 4193 1155 4250 est
1198 4189 1387 4251 etiam
1430 4209 1506 4251 ex
1551 4184 1840 4272 victoria]
1909 4186 2147 4252 Modus
2197 4185 2506 4269 loquendi
2558 4209 2666 4252 ve·
2717 4195 2720 4226 ³
2772 4207 2897 4268 quo
2956 4185 3236 4252 Seneca:
3294 4188 3424 4252 nisi
3476 4187 3648 4269 quod
3708 4190 3776 4251 in
3834 4188 4028 4252 tertia
4083 4188 4423 4271 discrepat.
4514 4190 4728 4256 Vocat

715 4272 1153 4348 nustissimus,
1201 4273 1541 4338 victoriam
1584 4274 1793 4354 ipsam
1838 4274 2126 4347 vincere,
2173 4293 2290 4337 seu
2335 4270 2414 4337 de
2460 4274 2666 4341 vioto-
2717 4313 2721 4370 Ι
2774 4273 2954 4335 enim
3012 4281 3303 4355 tramelay
3347 4273 3684 4338 inductam
3744 4273 3825 4336 ad
3882 4274 4194 4338 tuendam
4254 4277 4395 4340 eius
4439 4275 4728 4358 dignita-

714 4358 813 4421 ria
879 4358 1302 4440 triumphare.
1396 4357 1573 4423 Sunt
1638 4379 1813 4422 emm
1879 4359 2170 4441 plerique
2235 4360 2346 4441 qui
2404 4359 2720 4425 vincere.¹
2773 4365 2907 4421 tem
2942 4360 3504 4440 autoritatemquc,
3543 4362 3613 4423 in
3652 4380 3848 4441 quem
3885 4368 4225 4441 peccatum
4260 4369 4377 4439 est,
4418 4383 4497 4426 ne
4533 4383 4725 4444 prae-

710 4443 959 4520 sciunt,
1022 4443 1134 4507 sed
1188 4453 1377 4525 parta
1433 4446 1704 4510 victoria
1762 4446 1859 4509 uti
1915 4466 2049 4508 non
2102 4450 2392 4526 possunt.
2483 4445 2667 4509 Abu·
2717 4411 2722 4502 l
2774 4444 3077 4508 termissa
3120 4455 3570 4528 contemptum
3625 4447 3764 4510 eius
3820 4446 4051 4527 pariat.
4145 4445 4338 4525 Quod
4396 4459 4607 4513 tamen
4668 4450 4725 4514 si

715 4535 948 4591 tuntur
993 4529 1213 4611 itaque
1258 4552 1375 4594 suo
1419 4529 1617 4608 bono,
1675 4531 1829 4595 dum
1888 4532 2403 4612 intemperanter
2446 4531 2667 4595 exsul·
2717 4509 2722 4622 ξ
2772 4531 3036 4611 propius
3081 4531 3711 4608 animadvertamus,
3759 4531 3843 4595 ad
3887 4530 4169 4595 eundem
4214 4535 4412 4598 finem
4454 4534 4721 4600 accedit.

716 4621 874 4688 tant,
914 4625 983 4678 et
1006 4636 1075 4678 se
1099 4615 1590 4697 supramodum
1626 4617 1927 4694 efferunt,
1965 4625 2158 4698 atque
2195 4617 2376 4679 utin
2411 4637 2669 4680 summa
2718 4633 2722 4700 ι
2773 4615 2966 4680 Plato
3010 4613 3171 4680 duas
3217 4618 3483 4681 omnino
3526 4638 3754 4682 causas
3790 4618 4006 4692 refert,
4053 4620 4286 4682 tertiae
4326 4641 4453 4683 non
4492 4621 4724 4685 memi-

714 4699 954 4778 dicam,
1005 4692 1361 4765 vincuntur
1419 4702 1539 4784 ipsi
1587 4727 1625 4767 a
1669 4725 1789 4768 sua
1836 4703 2124 4768 victoria.
2217 4700 2348 4781 Qui
2406 4724 2474 4767 se
2528 4724 2668 4766 mo·
2719 4703 2722 4762 l
2772 4702 2900 4765 nit:
2940 4722 3140 4783 quam
3175 4710 3393 4767 tamen
3430 4724 3562 4766 non
3598 4702 3821 4768 debuit
3854 4703 4202 4787 negligere.
4264 4703 4510 4770 Scribit
4535 4707 4726 4770 enim

714 4785 894 4851 deste
941 4794 1198 4870 gerunt,
1244 4788 1287 4849 ii
1334 4807 1487 4851 vere
1534 4799 1689 4853 sunt
1733 4790 2009 4854 victoria
2054 4795 2173 4852 sua
2216 4788 2514 4852 maiores.

1397 5079 1700 5144 CAPUT
1747 5078 1976 5142 XXII.

891 5213 1312 5280 Transeamus
1365 5217 1450 5281 ad
1496 5217 1737 5280 alienas
1779 5216 2063 5279 iniurias
2076 5265 2091 5293 ,
2149 5216 2219 5280 in
2260 5216 2488 5296 quibus
2531 5218 2665 5282 vin-

705 5299 999 5365 dicandis
1042 5300 1188 5368 haec
1235 5303 1364 5366 tria
1405 5303 1503 5366 lex
1546 5307 1806 5383 sequuta
1848 5307 1960 5379 eet,
2011 5322 2167 5382 quae
2182 5303 2481 5383 princeps
2515 5324 2663 5389 quo:

2773 4787 2844 4851 in
2891 4787 3141 4871 Gorgia
3185 4810 3329 4854 esse
3369 4790 3792 4867 conveniens,
3851 4807 3923 4851 ut
3966 4791 4072 4871 qui
4121 4789 4454 4872 plectitur,
4513 4793 4593 4857 ab
4646 4813 4725 4857 eo

2719 4889 2723 4948 ι
2768 4895 2815 4937 a
2854 4895 2980 4955 quo
3021 4876 3310 4957 punitur,
3358 4873 3589 4939 melior
3633 4877 3779 4952 fiat,
3827 4883 3942 4938 aut
3986 4884 4059 4938 ut
4102 4876 4404 4959 exemplo
4449 4879 4726 4942 caeteris

2775 4960 2889 5036 sit,
2947 4961 3057 5041 qui
3103 4960 3402 5025 videntes
3453 4961 3624 5026 male
3676 4963 4018 5036 affectum,
4074 4981 4231 5043 prae
4283 4973 4456 5028 metu
4515 4965 4724 5028 conti-

2774 5057 3071 5111 neantur.
3160 5047 3252 5110 Et
3306 5045 3489 5110 alibi:
3549 5045 3886 5131 Supplicia
3942 5058 4007 5111 et
4060 5049 4139 5112 iis
4194 5049 4306 5131 qui
4360 5049 4721 5132 perferunt,

2774 5141 2840 5196 et
2884 5134 3355 5214 spectatoribus
3400 5132 3589 5198 utilia
3633 5155 3775 5200 esse
3817 5142 4090 5216 oportet.

2943 5219 3080 5281 Aut
3122 5220 3259 5283 eius
3293 5239 3498 5300 poena
3540 5218 3833 5306 caeteros]
3892 5219 4093 5283 Haec·
4129 5220 4380 5303 species
4431 5220 4720 5303 punitio·

2771 5306 2876 5369 nis
2921 5304 3195 5369 Graecis
3238 5305 3624 5390 παράδειγμα
3642 5354 3661 5385 ,
3707 5306 3967 5371 Latinis
4004 5306 4375 5388 exemplum
4424 5308 4719 5372 nomina-
