<?xml version="1.0" encoding="UTF-8"?>
<!DOCTYPE html PUBLIC "-//W3C//DTD XHTML 1.0 Transitional//EN"
    "http://www.w3.org/TR/xhtml1/DTD/xhtml1-transitional.dtd">
<html xmlns="http://www.w3.org/1999/xhtml" xml:lang="en" lang="en">
 <head>
  <title>
</title>
<meta http-equiv="Content-Type" content="text/html;charset=utf-8" />
  <meta name='ocr-system' content='tesseract 3.04.00' />
  <meta name='ocr-capabilities' content='ocr_page ocr_carea ocr_par ocr_line ocrx_word'/>
</head>
<body>
  <div class='ocr_page' id='page_1' title='image "./ioanniscalvinio15calvgoog_0302.png"; bbox 0 0 5100 6061; ppageno 0'>
   <div class='ocr_carea' id='block_1_1' title="bbox 681 433 808 496">
    <p class='ocr_par' dir='ltr' id='par_1_1' title="bbox 681 433 808 496">
     <span class='ocr_line' id='line_1_1' title="bbox 681 433 808 496; baseline 0 -1"><span class='ocrx_word' id='word_1_1' title='bbox 681 433 808 496; x_wconf 84' lang='lat'><strong>479</strong></span> 
     </span>
    </p>
   </div>
   <div class='ocr_carea' id='block_1_2' title="bbox 671 611 2640 4306">
    <p class='ocr_par' dir='ltr' id='par_1_2' title="bbox 671 611 2640 4306">
     <span class='ocr_line' id='line_1_2' title="bbox 680 611 2640 701; baseline -0.005 -17"><span class='ocrx_word' id='word_1_2' title='bbox 680 619 925 685; x_wconf 84' lang='lat' dir='ltr'>morbis</span> <span class='ocrx_word' id='word_1_3' title='bbox 992 616 1386 701; x_wconf 77' lang='lat' dir='ltr'><strong>tempestiva</strong></span> <span class='ocrx_word' id='word_1_4' title='bbox 1451 613 1740 679; x_wconf 89' lang='lat' dir='ltr'><strong>remedia</strong></span> <span class='ocrx_word' id='word_1_5' title='bbox 1795 613 2250 680; x_wconf 80' lang='lat' dir='ltr'><strong>adhibeantur.</strong></span> <span class='ocrx_word' id='word_1_6' title='bbox 2367 611 2640 694; x_wconf 77' lang='lat' dir='ltr'>Aliquot</span> 
     </span>
     <span class='ocr_line' id='line_1_3' title="bbox 677 697 2637 785; baseline -0.006 -13"><span class='ocrx_word' id='word_1_7' title='bbox 677 705 812 771; x_wconf 89' lang='lat' dir='ltr'><strong>iam</strong></span> <span class='ocrx_word' id='word_1_8' title='bbox 855 704 1133 769; x_wconf 90' lang='lat' dir='ltr'><strong>saeculis</strong></span> <span class='ocrx_word' id='word_1_9' title='bbox 1175 704 1267 785; x_wconf 86' lang='lat' dir='ltr'><strong>pii</strong></span> <span class='ocrx_word' id='word_1_10' title='bbox 1310 701 1591 784; x_wconf 90' lang='lat' dir='ltr'><strong>bonique</strong></span> <span class='ocrx_word' id='word_1_11' title='bbox 1633 720 1862 764; x_wconf 91' lang='lat' dir='ltr'><strong>omnes</strong></span> <span class='ocrx_word' id='word_1_12' title='bbox 1905 698 2257 764; x_wconf 90' lang='lat' dir='ltr'><strong>concilium</strong></span> <span class='ocrx_word' id='word_1_13' title='bbox 2301 697 2637 762; x_wconf 90' lang='lat' dir='ltr'><strong>ecclesias-</strong></span> 
     </span>
     <span class='ocr_line' id='line_1_4' title="bbox 678 783 2636 874; baseline -0.005 -18"><span class='ocrx_word' id='word_1_14' title='bbox 678 791 887 856; x_wconf 87' lang='lat' dir='ltr'><strong>ticum</strong></span> <span class='ocrx_word' id='word_1_15' title='bbox 929 791 1262 874; x_wconf 88' lang='lat' dir='ltr'><strong>flagitant,</strong></span> <span class='ocrx_word' id='word_1_16' title='bbox 1308 808 1434 871; x_wconf 92' lang='lat' dir='ltr'><strong>quo</strong></span> <span class='ocrx_word' id='word_1_17' title='bbox 1478 787 1889 869; x_wconf 84' lang='lat' dir='ltr'><strong>corrigantur</strong></span> <span class='ocrx_word' id='word_1_18' title='bbox 1931 784 2254 849; x_wconf 85' lang='lat' dir='ltr'><strong>nonnulla</strong></span> <span class='ocrx_word' id='word_1_19' title='bbox 2291 784 2454 849; x_wconf 86' lang='lat' dir='ltr'><strong>vitia</strong></span> <span class='ocrx_word' id='word_1_20' title='bbox 2492 783 2636 867; x_wconf 92' lang='lat' dir='ltr'><strong>qui-</strong></span> 
     </span>
     <span class='ocr_line' id='line_1_5' title="bbox 679 868 2636 957; baseline -0.005 -15"><span class='ocrx_word' id='word_1_21' title='bbox 679 877 804 942; x_wconf 91' lang='lat' dir='ltr'><strong>bus</strong></span> <span class='ocrx_word' id='word_1_22' title='bbox 838 875 1134 940; x_wconf 89' lang='lat' dir='ltr'><strong>laborare</strong></span> <span class='ocrx_word' id='word_1_23' title='bbox 1170 895 1246 940; x_wconf 91' lang='lat' dir='ltr'><strong>ac</strong></span> <span class='ocrx_word' id='word_1_24' title='bbox 1288 874 1499 957; x_wconf 92' lang='lat' dir='ltr'><strong>premi</strong></span> <span class='ocrx_word' id='word_1_25' title='bbox 1533 870 1969 937; x_wconf 91' lang='lat' dir='ltr'><strong>christianum</strong></span> <span class='ocrx_word' id='word_1_26' title='bbox 2005 871 2317 954; x_wconf 90' lang='lat' dir='ltr'><strong>populum</strong></span> <span class='ocrx_word' id='word_1_27' title='bbox 2353 869 2487 933; x_wconf 90' lang='lat' dir='ltr'><strong>iam</strong></span> <span class='ocrx_word' id='word_1_28' title='bbox 2520 868 2636 932; x_wconf 92' lang='lat' dir='ltr'><strong>diu</strong></span> 
     </span>
     <span class='ocr_line' id='line_1_6' title="bbox 678 954 2636 1047; baseline -0.005 -20"><span class='ocrx_word' id='word_1_29' title='bbox 678 963 830 1047; x_wconf 91' lang='lat' dir='ltr'><strong>plus</strong></span> <span class='ocrx_word' id='word_1_30' title='bbox 853 963 1014 1027; x_wconf 88' lang='lat' dir='ltr'><strong>satis</strong></span> <span class='ocrx_word' id='word_1_31' title='bbox 1049 968 1276 1026; x_wconf 89' lang='lat' dir='ltr'><strong>notum</strong></span> <span class='ocrx_word' id='word_1_32' title='bbox 1316 965 1430 1024; x_wconf 91' lang='lat' dir='ltr'><strong>est.</strong></span> <span class='ocrx_word' id='word_1_33' title='bbox 1470 955 1659 1039; x_wconf 79' lang='lat' dir='ltr'><strong>Quae</strong></span> <span class='ocrx_word' id='word_1_34' title='bbox 1683 977 1889 1040; x_wconf 92' lang='lat' dir='ltr'><strong>quum</strong></span> <span class='ocrx_word' id='word_1_35' title='bbox 1922 955 2176 1040; x_wconf 79' lang='lat' dir='ltr'><strong>pridem</strong></span> <span class='ocrx_word' id='word_1_36' title='bbox 2196 954 2636 1020; x_wconf 80' lang='lat' dir='ltr'>intolerabilia</span> 
     </span>
     <span class='ocr_line' id='line_1_7' title="bbox 678 1041 2635 1130; baseline -0.006 -16"><span class='ocrx_word' id='word_1_37' title='bbox 678 1070 823 1114; x_wconf 90' lang='lat' dir='ltr'><strong>esse</strong></span> <span class='ocrx_word' id='word_1_38' title='bbox 839 1049 1187 1130; x_wconf 89' lang='lat' dir='ltr'><strong>coeperint,</strong></span> <span class='ocrx_word' id='word_1_39' title='bbox 1226 1043 1659 1109; x_wconf 71' lang='lat' dir='ltr'><strong>diuturnitate</strong></span> <span class='ocrx_word' id='word_1_40' title='bbox 1687 1044 1832 1125; x_wconf 92' lang='lat' dir='ltr'><strong>ipsa</strong></span> <span class='ocrx_word' id='word_1_41' title='bbox 1853 1043 2066 1127; x_wconf 88' lang='lat' dir='ltr'><strong>magis</strong></span> <span class='ocrx_word' id='word_1_42' title='bbox 2101 1064 2175 1107; x_wconf 92' lang='lat' dir='ltr'><strong>ac</strong></span> <span class='ocrx_word' id='word_1_43' title='bbox 2200 1041 2411 1126; x_wconf 90' lang='lat' dir='ltr'><strong>magis</strong></span> <span class='ocrx_word' id='word_1_44' title='bbox 2444 1041 2635 1105; x_wconf 89' lang='lat' dir='ltr'><strong>inva-</strong></span> 
     </span>
     <span class='ocr_line' id='line_1_8' title="bbox 677 1128 2635 1214; baseline -0.005 -15"><span class='ocrx_word' id='word_1_45' title='bbox 677 1135 956 1201; x_wconf 91' lang='lat' dir='ltr'><strong>lescunt.</strong></span> <span class='ocrx_word' id='word_1_46' title='bbox 1034 1133 1398 1214; x_wconf 90' lang='lat' dir='ltr'><strong>Postquam</strong></span> <span class='ocrx_word' id='word_1_47' title='bbox 1432 1136 1650 1194; x_wconf 90' lang='lat' dir='ltr'><strong>autem</strong></span> <span class='ocrx_word' id='word_1_48' title='bbox 1687 1129 2117 1194; x_wconf 81' lang='lat' dir='ltr'><strong>Germaniam</strong></span> <span class='ocrx_word' id='word_1_49' title='bbox 2147 1128 2476 1193; x_wconf 80' lang='lat' dir='ltr'><strong>Dominus</strong></span> <span class='ocrx_word' id='word_1_50' title='bbox 2508 1147 2635 1209; x_wconf 89' lang='lat' dir='ltr'><strong>pu-</strong></span> 
     </span>
     <span class='ocr_line' id='line_1_9' title="bbox 679 1213 2635 1302; baseline -0.006 -15"><span class='ocrx_word' id='word_1_51' title='bbox 679 1221 856 1287; x_wconf 88' lang='lat' dir='ltr'><strong>riore</strong></span> <span class='ocrx_word' id='word_1_52' title='bbox 899 1217 1225 1302; x_wconf 89' lang='lat' dir='ltr'><strong>evangelii</strong></span> <span class='ocrx_word' id='word_1_53' title='bbox 1270 1216 1374 1282; x_wconf 93' lang='lat' dir='ltr'><strong>sui</strong></span> <span class='ocrx_word' id='word_1_54' title='bbox 1416 1214 1898 1298; x_wconf 90' lang='lat' dir='ltr'><strong>praedicatione</strong></span> <span class='ocrx_word' id='word_1_55' title='bbox 1942 1213 2251 1298; x_wconf 87' lang='lat' dir='ltr'><strong>dignatus</strong></span> <span class='ocrx_word' id='word_1_56' title='bbox 2297 1219 2426 1290; x_wconf 92' lang='lat' dir='ltr'><strong>est,</strong></span> <span class='ocrx_word' id='word_1_57' title='bbox 2483 1232 2635 1295; x_wconf 91' lang='lat' dir='ltr'><strong>par·</strong></span> 
     </span>
     <span class='ocr_line' id='line_1_10' title="bbox 679 1297 2635 1389; baseline -0.005 -19"><span class='ocrx_word' id='word_1_58' title='bbox 679 1307 805 1370; x_wconf 74' lang='lat' dir='ltr'><strong>fim</strong></span> <span class='ocrx_word' id='word_1_59' title='bbox 868 1306 1019 1389; x_wconf 90' lang='lat' dir='ltr'><strong>quia</strong></span> <span class='ocrx_word' id='word_1_60' title='bbox 1071 1303 1304 1368; x_wconf 90' lang='lat' dir='ltr'><strong>melius</strong></span> <span class='ocrx_word' id='word_1_61' title='bbox 1373 1303 1508 1366; x_wconf 92' lang='lat' dir='ltr'><strong>iam</strong></span> <span class='ocrx_word' id='word_1_62' title='bbox 1561 1307 1628 1365; x_wconf 94' lang='lat' dir='ltr'><strong>et</strong></span> <span class='ocrx_word' id='word_1_63' title='bbox 1681 1300 1922 1367; x_wconf 90' lang='lat' dir='ltr'><strong>clarius</strong></span> <span class='ocrx_word' id='word_1_64' title='bbox 1988 1297 2635 1365; x_wconf 78' lang='lat' dir='ltr'><strong>animadvertebatur</strong></span> 
     </span>
     <span class='ocr_line' id='line_1_11' title="bbox 678 1383 2633 1475; baseline -0.005 -18"><span class='ocrx_word' id='word_1_65' title='bbox 678 1391 889 1457; x_wconf 87' lang='lat' dir='ltr'><strong>morbi</strong></span> <span class='ocrx_word' id='word_1_66' title='bbox 936 1390 1254 1475; x_wconf 89' lang='lat' dir='ltr'><strong>gravitas,</strong></span> <span class='ocrx_word' id='word_1_67' title='bbox 1298 1389 1543 1473; x_wconf 87' lang='lat' dir='ltr'><strong>partim</strong></span> <span class='ocrx_word' id='word_1_68' title='bbox 1598 1388 1750 1470; x_wconf 91' lang='lat' dir='ltr'><strong>quia</strong></span> <span class='ocrx_word' id='word_1_69' title='bbox 1802 1406 2048 1452; x_wconf 91' lang='lat' dir='ltr'><strong>novum</strong></span> <span class='ocrx_word' id='word_1_70' title='bbox 2104 1383 2467 1468; x_wconf 92' lang='lat' dir='ltr'><strong>periculum</strong></span> <span class='ocrx_word' id='word_1_71' title='bbox 2508 1385 2633 1447; x_wconf 88' lang='lat' dir='ltr'><strong>im-</strong></span> 
     </span>
     <span class='ocr_line' id='line_1_12' title="bbox 678 1470 2634 1555; baseline -0.005 -12"><span class='ocrx_word' id='word_1_72' title='bbox 678 1478 973 1543; x_wconf 90' lang='lat' dir='ltr'><strong>minebat</strong></span> <span class='ocrx_word' id='word_1_73' title='bbox 1015 1476 1098 1541; x_wconf 90' lang='lat' dir='ltr'><strong>ab</strong></span> <span class='ocrx_word' id='word_1_74' title='bbox 1142 1495 1367 1541; x_wconf 87' lang='lat' dir='ltr'><strong>eorum</strong></span> <span class='ocrx_word' id='word_1_75' title='bbox 1422 1474 1866 1555; x_wconf 88' lang='lat' dir='ltr'><strong>improbitate,</strong></span> <span class='ocrx_word' id='word_1_76' title='bbox 1923 1472 2035 1553; x_wconf 92' lang='lat' dir='ltr'><strong>qui</strong></span> <span class='ocrx_word' id='word_1_77' title='bbox 2076 1470 2290 1536; x_wconf 91' lang='lat' dir='ltr'><strong>lucem</strong></span> <span class='ocrx_word' id='word_1_78' title='bbox 2332 1470 2634 1534; x_wconf 88' lang='lat' dir='ltr'><strong>veritatis</strong></span> 
     </span>
     <span class='ocr_line' id='line_1_13' title="bbox 677 1555 2634 1647; baseline -0.004 -19"><span class='ocrx_word' id='word_1_79' title='bbox 677 1564 1099 1647; x_wconf 79' lang='lat' dir='ltr'><strong>exstinguere</strong></span> <span class='ocrx_word' id='word_1_80' title='bbox 1143 1560 1392 1626; x_wconf 86' lang='lat' dir='ltr'><strong>nefario</strong></span> <span class='ocrx_word' id='word_1_81' title='bbox 1446 1560 1664 1623; x_wconf 89' lang='lat' dir='ltr'><strong>furore</strong></span> <span class='ocrx_word' id='word_1_82' title='bbox 1706 1556 2160 1635; x_wconf 87' lang='lat' dir='ltr'><strong>moliebantur,</strong></span> <span class='ocrx_word' id='word_1_83' title='bbox 2216 1557 2288 1620; x_wconf 91' lang='lat' dir='ltr'><strong>in</strong></span> <span class='ocrx_word' id='word_1_84' title='bbox 2332 1555 2634 1620; x_wconf 92' lang='lat' dir='ltr'><strong>omnibus</strong></span> 
     </span>
     <span class='ocr_line' id='line_1_14' title="bbox 677 1641 2633 1732; baseline -0.005 -17"><span class='ocrx_word' id='word_1_85' title='bbox 677 1649 935 1732; x_wconf 83' lang='lat' dir='ltr'><strong>imperii</strong></span> <span class='ocrx_word' id='word_1_86' title='bbox 992 1647 1269 1714; x_wconf 89' lang='lat' dir='ltr'><strong>comitiis</strong></span> <span class='ocrx_word' id='word_1_87' title='bbox 1321 1646 1656 1711; x_wconf 89' lang='lat' dir='ltr'><strong>decretum</strong></span> <span class='ocrx_word' id='word_1_88' title='bbox 1709 1650 1808 1708; x_wconf 90' lang='lat' dir='ltr'><strong>est</strong></span> <span class='ocrx_word' id='word_1_89' title='bbox 1859 1665 1993 1708; x_wconf 91' lang='lat' dir='ltr'><strong>non</strong></span> <span class='ocrx_word' id='word_1_90' title='bbox 2027 1643 2223 1706; x_wconf 87' lang='lat' dir='ltr'><strong>aliam</strong></span> <span class='ocrx_word' id='word_1_91' title='bbox 2268 1662 2409 1706; x_wconf 91' lang='lat' dir='ltr'><strong>esse</strong></span> <span class='ocrx_word' id='word_1_92' title='bbox 2452 1641 2633 1706; x_wconf 89' lang='lat' dir='ltr'><strong>viam</strong></span> 
     </span>
     <span class='ocr_line' id='line_1_15' title="bbox 679 1728 2632 1814; baseline -0.005 -15"><span class='ocrx_word' id='word_1_93' title='bbox 679 1733 1104 1801; x_wconf 88' lang='lat' dir='ltr'><strong>succurrendi</strong></span> <span class='ocrx_word' id='word_1_94' title='bbox 1138 1731 1443 1814; x_wconf 80' lang='lat' dir='ltr'><strong>collapsis</strong></span> <span class='ocrx_word' id='word_1_95' title='bbox 1479 1729 1767 1795; x_wconf 86' lang='lat' dir='ltr'><strong>ecclesiis</strong></span> <span class='ocrx_word' id='word_1_96' title='bbox 1804 1737 1871 1793; x_wconf 91' lang='lat' dir='ltr'><strong>et</strong></span> <span class='ocrx_word' id='word_1_97' title='bbox 1906 1728 2230 1794; x_wconf 88' lang='lat' dir='ltr'><strong>scandalis</strong></span> <span class='ocrx_word' id='word_1_98' title='bbox 2263 1728 2399 1792; x_wconf 90' lang='lat' dir='ltr'><strong>iam</strong></span> <span class='ocrx_word' id='word_1_99' title='bbox 2442 1728 2632 1792; x_wconf 89' lang='lat' dir='ltr'><strong>obor-</strong></span> 
     </span>
     <span class='ocr_line' id='line_1_16' title="bbox 677 1816 2631 1899; baseline -0.005 -15"><span class='ocrx_word' id='word_1_100' title='bbox 677 1821 765 1885; x_wconf 89' lang='lat' dir='ltr'><strong>tis</strong></span> <span class='ocrx_word' id='word_1_101' title='bbox 809 1818 1220 1896; x_wconf 89' lang='lat' dir='ltr'><strong>occurrendi,</strong></span> <span class='ocrx_word' id='word_1_102' title='bbox 1283 1818 1407 1881; x_wconf 91' lang='lat' dir='ltr'><strong>nisi</strong></span> <span class='ocrx_word' id='word_1_103' title='bbox 1453 1823 1528 1879; x_wconf 89' lang='lat' dir='ltr'><strong>ut</strong></span> <span class='ocrx_word' id='word_1_104' title='bbox 1569 1816 2053 1897; x_wconf 83' lang='lat' dir='ltr'><strong>quamprimum</strong></span> <span class='ocrx_word' id='word_1_105' title='bbox 2089 1821 2433 1899; x_wconf 79' lang='lat' dir='ltr'><strong>cogeretur</strong></span> <span class='ocrx_word' id='word_1_106' title='bbox 2475 1833 2631 1879; x_wconf 92' lang='lat' dir='ltr'><strong>con-</strong></span> 
     </span>
     <span class='ocr_line' id='line_1_17' title="bbox 677 1899 2631 1987; baseline -0.006 -14"><span class='ocrx_word' id='word_1_107' title='bbox 677 1904 932 1984; x_wconf 89' lang='lat' dir='ltr'><strong>cilium,</strong></span> <span class='ocrx_word' id='word_1_108' title='bbox 982 1903 1153 1987; x_wconf 91' lang='lat' dir='ltr'><strong>quod</strong></span> <span class='ocrx_word' id='word_1_109' title='bbox 1201 1904 1255 1968; x_wconf 87' lang='lat' dir='ltr'><strong>si</strong></span> <span class='ocrx_word' id='word_1_110' title='bbox 1299 1901 1578 1967; x_wconf 87' lang='lat' dir='ltr'><strong>obtineri</strong></span> <span class='ocrx_word' id='word_1_111' title='bbox 1623 1900 1996 1965; x_wconf 90' lang='lat' dir='ltr'><strong>universale</strong></span> <span class='ocrx_word' id='word_1_112' title='bbox 2039 1921 2173 1965; x_wconf 91' lang='lat' dir='ltr'><strong>non</strong></span> <span class='ocrx_word' id='word_1_113' title='bbox 2217 1906 2455 1983; x_wconf 89' lang='lat' dir='ltr'><strong>posset,</strong></span> <span class='ocrx_word' id='word_1_114' title='bbox 2500 1899 2631 1962; x_wconf 90' lang='lat' dir='ltr'><strong>sal-</strong></span> 
     </span>
     <span class='ocr_line' id='line_1_18' title="bbox 678 1983 2631 2070; baseline -0.005 -13"><span class='ocrx_word' id='word_1_115' title='bbox 678 2000 815 2057; x_wconf 88' lang='lat' dir='ltr'><strong>tem</strong></span> <span class='ocrx_word' id='word_1_116' title='bbox 859 1990 1204 2066; x_wconf 87' lang='lat' dir='ltr'><strong>nationale,</strong></span> <span class='ocrx_word' id='word_1_117' title='bbox 1251 1994 1329 2052; x_wconf 90' lang='lat' dir='ltr'><strong>ut</strong></span> <span class='ocrx_word' id='word_1_118' title='bbox 1372 1995 1642 2065; x_wconf 89' lang='lat' dir='ltr'><strong>vocant,</strong></span> <span class='ocrx_word' id='word_1_119' title='bbox 1701 2008 1741 2050; x_wconf 92' lang='lat' dir='ltr'><strong>a</strong></span> <span class='ocrx_word' id='word_1_120' title='bbox 1785 1987 2049 2051; x_wconf 88' lang='lat' dir='ltr'><strong>natione</strong></span> <span class='ocrx_word' id='word_1_121' title='bbox 2092 1986 2468 2070; x_wconf 86' lang='lat' dir='ltr'><strong>germanica</strong></span> <span class='ocrx_word' id='word_1_122' title='bbox 2510 1983 2631 2048; x_wconf 89' lang='lat' dir='ltr'><strong>ha-</strong></span> 
     </span>
     <span class='ocr_line' id='line_1_19' title="bbox 676 2072 2630 2156; baseline -0.005 -13"><span class='ocrx_word' id='word_1_123' title='bbox 676 2077 961 2144; x_wconf 87' lang='lat' dir='ltr'><strong>beretur.</strong></span> <span class='ocrx_word' id='word_1_124' title='bbox 1052 2074 1276 2156; x_wconf 74' lang='lat' dir='ltr'><strong>Quum</strong></span> <span class='ocrx_word' id='word_1_125' title='bbox 1319 2081 1536 2137; x_wconf 90' lang='lat' dir='ltr'><strong>autem</strong></span> <span class='ocrx_word' id='word_1_126' title='bbox 1579 2073 1925 2155; x_wconf 87' lang='lat' dir='ltr'><strong>pontificii,</strong></span> <span class='ocrx_word' id='word_1_127' title='bbox 1985 2079 2063 2136; x_wconf 92' lang='lat' dir='ltr'><strong>ut</strong></span> <span class='ocrx_word' id='word_1_128' title='bbox 2105 2072 2358 2137; x_wconf 90' lang='lat' dir='ltr'><strong>nullam</strong></span> <span class='ocrx_word' id='word_1_129' title='bbox 2401 2072 2630 2153; x_wconf 91' lang='lat' dir='ltr'><strong>nequi-</strong></span> 
     </span>
     <span class='ocr_line' id='line_1_20' title="bbox 677 2157 2630 2241; baseline -0.004 -13"><span class='ocrx_word' id='word_1_130' title='bbox 677 2166 811 2227; x_wconf 87' lang='lat' dir='ltr'><strong>tiae</strong></span> <span class='ocrx_word' id='word_1_131' title='bbox 854 2184 1009 2228; x_wconf 89' lang='lat' dir='ltr'><strong>suae</strong></span> <span class='ocrx_word' id='word_1_132' title='bbox 1046 2160 1515 2225; x_wconf 88' lang='lat' dir='ltr'><strong>correct-ionem</strong></span> <span class='ocrx_word' id='word_1_133' title='bbox 1549 2159 1717 2222; x_wconf 91' lang='lat' dir='ltr'><strong>ferre</strong></span> <span class='ocrx_word' id='word_1_134' title='bbox 1754 2164 2019 2241; x_wconf 90' lang='lat' dir='ltr'><strong>queunt,</strong></span> <span class='ocrx_word' id='word_1_135' title='bbox 2049 2180 2136 2232; x_wconf 59' lang='lat' dir='ltr'><strong>ac,</strong></span> <span class='ocrx_word' id='word_1_136' title='bbox 2152 2180 2236 2223; x_wconf 90' lang='lat' dir='ltr'><strong>ne</strong></span> <span class='ocrx_word' id='word_1_137' title='bbox 2272 2157 2453 2222; x_wconf 88' lang='lat' dir='ltr'><strong>illam</strong></span> <span class='ocrx_word' id='word_1_138' title='bbox 2486 2158 2630 2239; x_wconf 91' lang='lat' dir='ltr'><strong>qui-</strong></span> 
     </span>
     <span class='ocr_line' id='line_1_21' title="bbox 680 2243 2631 2328; baseline -0.004 -14"><span class='ocrx_word' id='word_1_139' title='bbox 680 2250 830 2314; x_wconf 90' lang='lat' dir='ltr'><strong>dem</strong></span> <span class='ocrx_word' id='word_1_140' title='bbox 888 2247 1219 2313; x_wconf 88' lang='lat' dir='ltr'><strong>foeditatis</strong></span> <span class='ocrx_word' id='word_1_141' title='bbox 1272 2265 1425 2309; x_wconf 88' lang='lat' dir='ltr'><strong>suae</strong></span> <span class='ocrx_word' id='word_1_142' title='bbox 1481 2244 1767 2323; x_wconf 89' lang='lat' dir='ltr'><strong>lernam,</strong></span> <span class='ocrx_word' id='word_1_143' title='bbox 1824 2265 1952 2328; x_wconf 90' lang='lat' dir='ltr'><strong>qua</strong></span> <span class='ocrx_word' id='word_1_144' title='bbox 2011 2244 2177 2308; x_wconf 90' lang='lat' dir='ltr'><strong>nihil</strong></span> <span class='ocrx_word' id='word_1_145' title='bbox 2224 2264 2515 2326; x_wconf 90' lang='lat' dir='ltr'><strong>unquam</strong></span> <span class='ocrx_word' id='word_1_146' title='bbox 2560 2243 2631 2306; x_wconf 92' lang='lat' dir='ltr'><strong>in</strong></span> 
     </span>
     <span class='ocr_line' id='line_1_22' title="bbox 679 2327 2629 2415; baseline -0.005 -15"><span class='ocrx_word' id='word_1_147' title='bbox 679 2334 952 2400; x_wconf 90' lang='lat' dir='ltr'><strong>ecclesia</strong></span> <span class='ocrx_word' id='word_1_148' title='bbox 970 2333 1233 2415; x_wconf 89' lang='lat' dir='ltr'><strong>turpius</strong></span> <span class='ocrx_word' id='word_1_149' title='bbox 1256 2331 1524 2407; x_wconf 88' lang='lat' dir='ltr'><strong>exstitit,</strong></span> <span class='ocrx_word' id='word_1_150' title='bbox 1553 2330 1889 2396; x_wconf 89' lang='lat' dir='ltr'><strong>attrectari</strong></span> <span class='ocrx_word' id='word_1_151' title='bbox 1916 2331 2258 2407; x_wconf 91' lang='lat' dir='ltr'><strong>sustinent,</strong></span> <span class='ocrx_word' id='word_1_152' title='bbox 2282 2350 2410 2394; x_wconf 92' lang='lat' dir='ltr'><strong>non</strong></span> <span class='ocrx_word' id='word_1_153' title='bbox 2438 2327 2629 2394; x_wconf 94' lang='lat' dir='ltr'><strong>modo</strong></span> 
     </span>
     <span class='ocr_line' id='line_1_23' title="bbox 679 2416 2630 2504; baseline -0.003 -21"><span class='ocrx_word' id='word_1_154' title='bbox 679 2419 1018 2504; x_wconf 87' lang='lat' dir='ltr'><strong>generale,</strong></span> <span class='ocrx_word' id='word_1_155' title='bbox 1075 2417 1188 2482; x_wconf 89' lang='lat' dir='ltr'><strong>sed</strong></span> <span class='ocrx_word' id='word_1_156' title='bbox 1252 2416 1579 2481; x_wconf 87' lang='lat' dir='ltr'><strong>nationale</strong></span> <span class='ocrx_word' id='word_1_157' title='bbox 1646 2437 1901 2498; x_wconf 89' lang='lat' dir='ltr'><strong>quoque</strong></span> <span class='ocrx_word' id='word_1_158' title='bbox 1964 2416 2314 2481; x_wconf 88' lang='lat' dir='ltr'><strong>concilium</strong></span> <span class='ocrx_word' id='word_1_159' title='bbox 2374 2421 2630 2479; x_wconf 88' lang='lat' dir='ltr'><strong>averte·</strong></span> 
     </span>
     <span class='ocr_line' id='line_1_24' title="bbox 677 2501 2631 2578; baseline -0.004 -7"><span class='ocrx_word' id='word_1_160' title='bbox 677 2512 831 2571; x_wconf 87' lang='lat' dir='ltr'><strong>rent</strong></span> <span class='ocrx_word' id='word_1_161' title='bbox 865 2504 1046 2569; x_wconf 85' lang='lat' dir='ltr'><strong>mille</strong></span> <span class='ocrx_word' id='word_1_162' title='bbox 1088 2503 1428 2578; x_wconf 88' lang='lat' dir='ltr'><strong>machinis,</strong></span> <span class='ocrx_word' id='word_1_163' title='bbox 1467 2502 1732 2565; x_wconf 88' lang='lat' dir='ltr'><strong>interim</strong></span> <span class='ocrx_word' id='word_1_164' title='bbox 1768 2510 1991 2566; x_wconf 88' lang='lat' dir='ltr'><strong>tamen</strong></span> <span class='ocrx_word' id='word_1_165' title='bbox 2028 2501 2397 2567; x_wconf 83' lang='lat' dir='ltr'><strong>Germanos</strong></span> <span class='ocrx_word' id='word_1_166' title='bbox 2439 2501 2631 2564; x_wconf 90' lang='lat' dir='ltr'><strong>alias-</strong></span> 
     </span>
     <span class='ocr_line' id='line_1_25' title="bbox 678 2587 2631 2675; baseline -0.004 -19"><span class='ocrx_word' id='word_1_167' title='bbox 678 2613 804 2675; x_wconf 87' lang='lat' dir='ltr'><strong>que</strong></span> <span class='ocrx_word' id='word_1_168' title='bbox 848 2598 1078 2675; x_wconf 86' lang='lat' dir='ltr'><strong>gentes</strong></span> <span class='ocrx_word' id='word_1_169' title='bbox 1122 2588 1466 2654; x_wconf 89' lang='lat' dir='ltr'><strong>concilium</strong></span> <span class='ocrx_word' id='word_1_170' title='bbox 1509 2587 1784 2652; x_wconf 89' lang='lat' dir='ltr'><strong>subinde</strong></span> <span class='ocrx_word' id='word_1_171' title='bbox 1818 2588 2181 2670; x_wconf 89' lang='lat' dir='ltr'><strong>pollicendo</strong></span> <span class='ocrx_word' id='word_1_172' title='bbox 2216 2587 2631 2652; x_wconf 89' lang='lat' dir='ltr'><strong>ludificaren-</strong></span> 
     </span>
     <span class='ocr_line' id='line_1_26' title="bbox 677 2671 2632 2756; baseline -0.004 -13"><span class='ocrx_word' id='word_1_173' title='bbox 677 2683 809 2756; x_wconf 88' lang='lat' dir='ltr'><strong>tur,</strong></span> <span class='ocrx_word' id='word_1_174' title='bbox 854 2678 1071 2740; x_wconf 85' lang='lat' dir='ltr'><strong>visum</strong></span> <span class='ocrx_word' id='word_1_175' title='bbox 1113 2673 1384 2739; x_wconf 89' lang='lat' dir='ltr'><strong>tandem</strong></span> <span class='ocrx_word' id='word_1_176' title='bbox 1428 2681 1526 2739; x_wconf 91' lang='lat' dir='ltr'><strong>est</strong></span> <span class='ocrx_word' id='word_1_177' title='bbox 1568 2674 1825 2756; x_wconf 89' lang='lat' dir='ltr'><strong>imperii</strong></span> <span class='ocrx_word' id='word_1_178' title='bbox 1865 2671 2204 2739; x_wconf 91' lang='lat' dir='ltr'><strong>ordinibus</strong></span> <span class='ocrx_word' id='word_1_179' title='bbox 2238 2680 2330 2751; x_wconf 89' lang='lat' dir='ltr'><strong>ut,</strong></span> <span class='ocrx_word' id='word_1_180' title='bbox 2378 2674 2432 2738; x_wconf 92' lang='lat' dir='ltr'><strong>si</strong></span> <span class='ocrx_word' id='word_1_181' title='bbox 2468 2694 2632 2755; x_wconf 89' lang='lat' dir='ltr'><strong>pon-</strong></span> 
     </span>
     <span class='ocr_line' id='line_1_27' title="bbox 677 2759 2628 2841; baseline -0.003 -14"><span class='ocrx_word' id='word_1_182' title='bbox 677 2763 840 2827; x_wconf 82' lang='lat' dir='ltr'><strong>tifex</strong></span> <span class='ocrx_word' id='word_1_183' title='bbox 875 2761 1224 2827; x_wconf 90' lang='lat' dir='ltr'><strong>concilium</strong></span> <span class='ocrx_word' id='word_1_184' title='bbox 1256 2782 1388 2825; x_wconf 93' lang='lat' dir='ltr'><strong>non</strong></span> <span class='ocrx_word' id='word_1_185' title='bbox 1423 2771 1808 2825; x_wconf 88' lang='lat' dir='ltr'><strong>convocaret</strong></span> <span class='ocrx_word' id='word_1_186' title='bbox 1841 2759 2021 2824; x_wconf 89' lang='lat' dir='ltr'><strong>intra</strong></span> <span class='ocrx_word' id='word_1_187' title='bbox 2056 2767 2309 2826; x_wconf 90' lang='lat' dir='ltr'><strong>certum</strong></span> <span class='ocrx_word' id='word_1_188' title='bbox 2351 2767 2628 2841; x_wconf 78' lang='lat' dir='ltr'><strong>tempuS,</strong></span> 
     </span>
     <span class='ocr_line' id='line_1_28' title="bbox 675 2845 2632 2932; baseline -0.004 -18"><span class='ocrx_word' id='word_1_189' title='bbox 675 2849 805 2932; x_wconf 90' lang='lat' dir='ltr'><strong>ipsi</strong></span> <span class='ocrx_word' id='word_1_190' title='bbox 871 2857 1200 2914; x_wconf 91' lang='lat' dir='ltr'><strong>conventu</strong></span> <span class='ocrx_word' id='word_1_191' title='bbox 1251 2847 1426 2910; x_wconf 92' lang='lat' dir='ltr'><strong>inter</strong></span> <span class='ocrx_word' id='word_1_192' title='bbox 1489 2866 1559 2910; x_wconf 90' lang='lat' dir='ltr'><strong>se</strong></span> <span class='ocrx_word' id='word_1_193' title='bbox 1618 2846 1841 2911; x_wconf 88' lang='lat' dir='ltr'><strong>habito</strong></span> <span class='ocrx_word' id='word_1_194' title='bbox 1919 2847 2054 2909; x_wconf 90' lang='lat' dir='ltr'><strong>suis</strong></span> <span class='ocrx_word' id='word_1_195' title='bbox 2122 2845 2409 2910; x_wconf 89' lang='lat' dir='ltr'><strong>ecclesiis</strong></span> <span class='ocrx_word' id='word_1_196' title='bbox 2476 2865 2632 2909; x_wconf 91' lang='lat' dir='ltr'><strong>con-</strong></span> 
     </span>
     <span class='ocr_line' id='line_1_29' title="bbox 677 2931 2634 2999; baseline -0.004 0"><span class='ocrx_word' id='word_1_197' title='bbox 677 2936 986 2999; x_wconf 90' lang='lat' dir='ltr'><strong>sulerent.</strong></span> <span class='ocrx_word' id='word_1_198' title='bbox 1087 2933 1273 2998; x_wconf 89' lang='lat' dir='ltr'><strong>Haec</strong></span> <span class='ocrx_word' id='word_1_199' title='bbox 1327 2933 1456 2997; x_wconf 90' lang='lat' dir='ltr'><strong>ista</strong></span> <span class='ocrx_word' id='word_1_200' title='bbox 1510 2938 1608 2996; x_wconf 90' lang='lat' dir='ltr'><strong>est</strong></span> <span class='ocrx_word' id='word_1_201' title='bbox 1661 2931 1993 2996; x_wconf 90' lang='lat' dir='ltr'><strong>horrenda</strong></span> <span class='ocrx_word' id='word_1_202' title='bbox 2049 2953 2088 2995; x_wconf 89' lang='lat' dir='ltr'><strong>a</strong></span> <span class='ocrx_word' id='word_1_203' title='bbox 2154 2931 2307 2996; x_wconf 92' lang='lat' dir='ltr'><strong>sede</strong></span> <span class='ocrx_word' id='word_1_204' title='bbox 2360 2950 2634 2994; x_wconf 89' lang='lat' dir='ltr'><strong>romana</strong></span> 
     </span>
     <span class='ocr_line' id='line_1_30' title="bbox 676 3015 2633 3101; baseline -0.003 -15"><span class='ocrx_word' id='word_1_205' title='bbox 676 3020 978 3099; x_wconf 86' lang='lat' dir='ltr'><strong>defectio,</strong></span> <span class='ocrx_word' id='word_1_206' title='bbox 1017 3019 1098 3083; x_wconf 91' lang='lat' dir='ltr'><strong>de</strong></span> <span class='ocrx_word' id='word_1_207' title='bbox 1133 3041 1261 3101; x_wconf 82' lang='lat' dir='ltr'><strong>qua</strong></span> <span class='ocrx_word' id='word_1_208' title='bbox 1293 3016 1401 3084; x_wconf 91' lang='lat' dir='ltr'><strong>hic</strong></span> <span class='ocrx_word' id='word_1_209' title='bbox 1436 3040 1639 3100; x_wconf 90' lang='lat' dir='ltr'><strong>nepos</strong></span> <span class='ocrx_word' id='word_1_210' title='bbox 1674 3017 2043 3101; x_wconf 88' lang='lat' dir='ltr'><strong>quiritatur.</strong></span> <span class='ocrx_word' id='word_1_211' title='bbox 2115 3018 2210 3082; x_wconf 70' lang='lat' dir='ltr'><strong>At</strong></span> <span class='ocrx_word' id='word_1_212' title='bbox 2242 3016 2411 3082; x_wconf 91' lang='lat' dir='ltr'><strong>nihil</strong></span> <span class='ocrx_word' id='word_1_213' title='bbox 2445 3015 2633 3099; x_wconf 90' lang='lat' dir='ltr'><strong>pensi</strong></span> 
     </span>
     <span class='ocr_line' id='line_1_31' title="bbox 673 3103 2635 3181; baseline -0.003 -10"><span class='ocrx_word' id='word_1_214' title='bbox 673 3106 925 3173; x_wconf 89' lang='lat' dir='ltr'><strong>habent</strong></span> <span class='ocrx_word' id='word_1_215' title='bbox 977 3107 1189 3171; x_wconf 90' lang='lat' dir='ltr'><strong>sancti</strong></span> <span class='ocrx_word' id='word_1_216' title='bbox 1243 3105 1355 3170; x_wconf 89' lang='lat' dir='ltr'><strong>isti</strong></span> <span class='ocrx_word' id='word_1_217' title='bbox 1409 3104 1657 3169; x_wconf 90' lang='lat' dir='ltr'><strong>ordinis</strong></span> <span class='ocrx_word' id='word_1_218' title='bbox 1715 3104 2140 3170; x_wconf 89' lang='lat' dir='ltr'><strong>ecclesiastici</strong></span> <span class='ocrx_word' id='word_1_219' title='bbox 2194 3103 2504 3181; x_wconf 89' lang='lat' dir='ltr'><strong>vindices,</strong></span> <span class='ocrx_word' id='word_1_220' title='bbox 2567 3109 2635 3166; x_wconf 92' lang='lat' dir='ltr'><strong>et</strong></span> 
     </span>
     <span class='ocr_line' id='line_1_32' title="bbox 674 3188 2633 3274; baseline -0.004 -15"><span class='ocrx_word' id='word_1_221' title='bbox 674 3191 1038 3259; x_wconf 83' lang='lat' dir='ltr'><strong>canonibus</strong></span> <span class='ocrx_word' id='word_1_222' title='bbox 1098 3202 1165 3256; x_wconf 91' lang='lat' dir='ltr'><strong>et</strong></span> <span class='ocrx_word' id='word_1_223' title='bbox 1219 3190 1472 3274; x_wconf 89' lang='lat' dir='ltr'><strong>legibus</strong></span> <span class='ocrx_word' id='word_1_224' title='bbox 1517 3192 1844 3256; x_wconf 92' lang='lat' dir='ltr'><strong>sancitum</strong></span> <span class='ocrx_word' id='word_1_225' title='bbox 1889 3212 2063 3269; x_wconf 89' lang='lat' dir='ltr'><strong>esse,</strong></span> <span class='ocrx_word' id='word_1_226' title='bbox 2120 3198 2197 3254; x_wconf 90' lang='lat' dir='ltr'><strong>ut</strong></span> <span class='ocrx_word' id='word_1_227' title='bbox 2238 3190 2310 3253; x_wconf 92' lang='lat' dir='ltr'><strong>in</strong></span> <span class='ocrx_word' id='word_1_228' title='bbox 2351 3188 2633 3273; x_wconf 92' lang='lat' dir='ltr'><strong>singulis</strong></span> 
     </span>
     <span class='ocr_line' id='line_1_33' title="bbox 673 3275 2635 3363; baseline -0.002 -19"><span class='ocrx_word' id='word_1_229' title='bbox 673 3279 1033 3363; x_wconf 88' lang='lat' dir='ltr'><strong>provinciis</strong></span> <span class='ocrx_word' id='word_1_230' title='bbox 1077 3277 1445 3360; x_wconf 86' lang='lat' dir='ltr'><strong>quotannis,</strong></span> <span class='ocrx_word' id='word_1_231' title='bbox 1492 3285 1559 3341; x_wconf 91' lang='lat' dir='ltr'><strong>et</strong></span> <span class='ocrx_word' id='word_1_232' title='bbox 1601 3278 1674 3341; x_wconf 93' lang='lat' dir='ltr'><strong>in</strong></span> <span class='ocrx_word' id='word_1_233' title='bbox 1717 3276 2006 3359; x_wconf 89' lang='lat' dir='ltr'><strong>qualibet</strong></span> <span class='ocrx_word' id='word_1_234' title='bbox 2049 3275 2333 3355; x_wconf 88' lang='lat' dir='ltr'><strong>natione,</strong></span> <span class='ocrx_word' id='word_1_235' title='bbox 2379 3276 2635 3358; x_wconf 91' lang='lat' dir='ltr'><strong>quoties</strong></span> 
     </span>
     <span class='ocr_line' id='line_1_34' title="bbox 676 3359 2633 3447; baseline -0.004 -17"><span class='ocrx_word' id='word_1_236' title='bbox 676 3361 928 3447; x_wconf 89' lang='lat' dir='ltr'><strong>aliquid</strong></span> <span class='ocrx_word' id='word_1_237' title='bbox 969 3362 1275 3428; x_wconf 91' lang='lat' dir='ltr'><strong>inciderit</strong></span> <span class='ocrx_word' id='word_1_238' title='bbox 1309 3360 1784 3446; x_wconf 88' lang='lat' dir='ltr'><strong>corrigendum,</strong></span> <span class='ocrx_word' id='word_1_239' title='bbox 1827 3359 2129 3427; x_wconf 88' lang='lat' dir='ltr'><strong>habenda</strong></span> <span class='ocrx_word' id='word_1_240' title='bbox 2165 3383 2307 3427; x_wconf 91' lang='lat' dir='ltr'><strong>esse</strong></span> <span class='ocrx_word' id='word_1_241' title='bbox 2343 3360 2633 3427; x_wconf 90' lang='lat' dir='ltr'><strong>concilia.</strong></span> 
     </span>
     <span class='ocr_line' id='line_1_35' title="bbox 674 3447 2637 3533; baseline -0.003 -18"><span class='ocrx_word' id='word_1_242' title='bbox 674 3448 872 3530; x_wconf 77' lang='lat' dir='ltr'><strong>Quod</strong></span> <span class='ocrx_word' id='word_1_243' title='bbox 907 3450 964 3514; x_wconf 91' lang='lat' dir='ltr'><strong>si</strong></span> <span class='ocrx_word' id='word_1_244' title='bbox 998 3449 1283 3533; x_wconf 89' lang='lat' dir='ltr'><strong>grassari</strong></span> <span class='ocrx_word' id='word_1_245' title='bbox 1321 3448 1567 3513; x_wconf 88' lang='lat' dir='ltr'><strong>malum</strong></span> <span class='ocrx_word' id='word_1_246' title='bbox 1598 3448 1795 3512; x_wconf 90' lang='lat' dir='ltr'><strong>latius</strong></span> <span class='ocrx_word' id='word_1_247' title='bbox 1828 3449 2129 3530; x_wconf 86' lang='lat' dir='ltr'><strong>coeperit,</strong></span> <span class='ocrx_word' id='word_1_248' title='bbox 2155 3447 2460 3531; x_wconf 88' lang='lat' dir='ltr'><strong>generale</strong></span> <span class='ocrx_word' id='word_1_249' title='bbox 2482 3468 2637 3513; x_wconf 91' lang='lat' dir='ltr'><strong>con-</strong></span> 
     </span>
     <span class='ocr_line' id='line_1_36' title="bbox 674 3533 2637 3617; baseline -0.003 -16"><span class='ocrx_word' id='word_1_250' title='bbox 674 3535 902 3601; x_wconf 87' lang='lat' dir='ltr'><strong>cilium</strong></span> <span class='ocrx_word' id='word_1_251' title='bbox 933 3535 1200 3617; x_wconf 85' lang='lat' dir='ltr'><strong>omnino</strong></span> <span class='ocrx_word' id='word_1_252' title='bbox 1242 3555 1385 3599; x_wconf 87' lang='lat' dir='ltr'><strong>esse</strong></span> <span class='ocrx_word' id='word_1_253' title='bbox 1440 3534 1946 3599; x_wconf 88' lang='lat' dir='ltr'><strong>convocandum.</strong></span> <span class='ocrx_word' id='word_1_254' title='bbox 2029 3534 2232 3600; x_wconf 80' lang='lat' dir='ltr'><strong>Hisce</strong></span> <span class='ocrx_word' id='word_1_255' title='bbox 2279 3533 2637 3599; x_wconf 89' lang='lat' dir='ltr'><strong>sanctioni-</strong></span> 
     </span>
     <span class='ocr_line' id='line_1_37' title="bbox 674 3619 2636 3703; baseline -0.003 -15"><span class='ocrx_word' id='word_1_256' title='bbox 674 3621 799 3688; x_wconf 92' lang='lat' dir='ltr'><strong>bus</strong></span> <span class='ocrx_word' id='word_1_257' title='bbox 822 3628 890 3686; x_wconf 91' lang='lat' dir='ltr'><strong>et</strong></span> <span class='ocrx_word' id='word_1_258' title='bbox 911 3641 1222 3686; x_wconf 90' lang='lat' dir='ltr'><strong>romanus</strong></span> <span class='ocrx_word' id='word_1_259' title='bbox 1253 3620 1549 3703; x_wconf 88' lang='lat' dir='ltr'><strong>pontifex</strong></span> <span class='ocrx_word' id='word_1_260' title='bbox 1573 3619 1923 3686; x_wconf 88' lang='lat' dir='ltr'><strong>obstrictus</strong></span> <span class='ocrx_word' id='word_1_261' title='bbox 1959 3628 2148 3699; x_wconf 89' lang='lat' dir='ltr'><strong>esset,</strong></span> <span class='ocrx_word' id='word_1_262' title='bbox 2173 3627 2241 3685; x_wconf 92' lang='lat' dir='ltr'><strong>et</strong></span> <span class='ocrx_word' id='word_1_263' title='bbox 2276 3619 2636 3686; x_wconf 89' lang='lat' dir='ltr'><strong>secundum</strong></span> 
     </span>
     <span class='ocr_line' id='line_1_38' title="bbox 675 3705 2631 3791; baseline -0.002 -19"><span class='ocrx_word' id='word_1_264' title='bbox 675 3728 788 3772; x_wconf 89' lang='lat' dir='ltr'><strong>eas</strong></span> <span class='ocrx_word' id='word_1_265' title='bbox 829 3706 1174 3772; x_wconf 90' lang='lat' dir='ltr'><strong>ecclesiam</strong></span> <span class='ocrx_word' id='word_1_266' title='bbox 1215 3714 1500 3791; x_wconf 91' lang='lat' dir='ltr'><strong>regeret,</strong></span> <span class='ocrx_word' id='word_1_267' title='bbox 1549 3708 1602 3771; x_wconf 92' lang='lat' dir='ltr'><strong>si</strong></span> <span class='ocrx_word' id='word_1_268' title='bbox 1645 3727 1841 3771; x_wconf 88' lang='lat' dir='ltr'><strong>verus</strong></span> <span class='ocrx_word' id='word_1_269' title='bbox 1884 3706 2184 3790; x_wconf 90' lang='lat' dir='ltr'><strong>pontifex</strong></span> <span class='ocrx_word' id='word_1_270' title='bbox 2230 3727 2371 3771; x_wconf 93' lang='lat' dir='ltr'><strong>esse</strong></span> <span class='ocrx_word' id='word_1_271' title='bbox 2419 3705 2631 3771; x_wconf 88' lang='lat' dir='ltr'><strong>vellet.</strong></span> 
     </span>
     <span class='ocr_line' id='line_1_39' title="bbox 671 3790 2632 3877; baseline -0.004 -18"><span class='ocrx_word' id='word_1_272' title='bbox 671 3792 740 3859; x_wconf 90' lang='lat' dir='ltr'>N</span> <span class='ocrx_word' id='word_1_273' title='bbox 742 3814 870 3859; x_wconf 92' lang='lat' dir='ltr'><strong>unc</strong></span> <span class='ocrx_word' id='word_1_274' title='bbox 910 3814 1115 3875; x_wconf 93' lang='lat' dir='ltr'><strong>quum</strong></span> <span class='ocrx_word' id='word_1_275' title='bbox 1158 3813 1268 3857; x_wconf 89' lang='lat' dir='ltr'><strong>eas</strong></span> <span class='ocrx_word' id='word_1_276' title='bbox 1310 3791 1586 3874; x_wconf 86' lang='lat' dir='ltr'><strong>pedibus</strong></span> <span class='ocrx_word' id='word_1_277' title='bbox 1620 3791 1975 3871; x_wconf 90' lang='lat' dir='ltr'><strong>conculcet,</strong></span> <span class='ocrx_word' id='word_1_278' title='bbox 2021 3792 2180 3875; x_wconf 91' lang='lat' dir='ltr'><strong>quid</strong></span> <span class='ocrx_word' id='word_1_279' title='bbox 2212 3794 2354 3877; x_wconf 91' lang='lat' dir='ltr'><strong>ipso</strong></span> <span class='ocrx_word' id='word_1_280' title='bbox 2388 3790 2632 3856; x_wconf 82' lang='lat' dir='ltr'><strong>facias?</strong></span> 
     </span>
     <span class='ocr_line' id='line_1_40' title="bbox 674 3877 2634 3962; baseline -0.003 -18"><span class='ocrx_word' id='word_1_281' title='bbox 674 3878 869 3945; x_wconf 89' lang='lat' dir='ltr'><strong>Adde</strong></span> <span class='ocrx_word' id='word_1_282' title='bbox 922 3877 1095 3962; x_wconf 91' lang='lat' dir='ltr'><strong>quod</strong></span> <span class='ocrx_word' id='word_1_283' title='bbox 1152 3878 1570 3943; x_wconf 90' lang='lat' dir='ltr'><strong>oecumenica</strong></span> <span class='ocrx_word' id='word_1_284' title='bbox 1622 3878 1780 3942; x_wconf 92' lang='lat' dir='ltr'><strong>olim</strong></span> <span class='ocrx_word' id='word_1_285' title='bbox 1829 3877 2103 3944; x_wconf 89' lang='lat' dir='ltr'><strong>concilia</strong></span> <span class='ocrx_word' id='word_1_286' title='bbox 2200 3900 2273 3943; x_wconf 93' lang='lat' dir='ltr'><strong>er</strong></span> <span class='ocrx_word' id='word_1_287' title='bbox 2316 3877 2634 3943; x_wconf 85' lang='lat' dir='ltr'><strong>Caesares</strong></span> 
     </span>
     <span class='ocr_line' id='line_1_41' title="bbox 673 3962 2637 4048; baseline -0.003 -18"><span class='ocrx_word' id='word_1_288' title='bbox 673 3962 1149 4031; x_wconf 79' lang='lat' dir='ltr'><strong>indicebantur.</strong></span> <span class='ocrx_word' id='word_1_289' title='bbox 1247 3963 1600 4028; x_wconf 92' lang='lat' dir='ltr'><strong>Indictioni</strong></span> <span class='ocrx_word' id='word_1_290' title='bbox 1655 3970 1721 4029; x_wconf 89' lang='lat' dir='ltr'><strong>et</strong></span> <span class='ocrx_word' id='word_1_291' title='bbox 1781 3964 2065 4048; x_wconf 89' lang='lat' dir='ltr'><strong>episcopi</strong></span> <span class='ocrx_word' id='word_1_292' title='bbox 2191 3965 2228 3978; x_wconf 76' lang='lat'><strong>‘⁶</strong></span> <span class='ocrx_word' id='word_1_293' title='bbox 2289 3984 2514 4029; x_wconf 91' lang='lat' dir='ltr'><strong>omnes</strong></span> <span class='ocrx_word' id='word_1_294' title='bbox 2569 3970 2637 4027; x_wconf 91' lang='lat' dir='ltr'><strong>et</strong></span> 
     </span>
     <span class='ocr_line' id='line_1_42' title="bbox 674 4048 2635 4132; baseline -0.001 -17"><span class='ocrx_word' id='word_1_295' title='bbox 674 4050 702 4115; x_wconf 90' lang='lat' dir='ltr'><strong>i</strong></span> <span class='ocrx_word' id='word_1_296' title='bbox 750 4072 819 4115; x_wconf 93' lang='grc'><strong>88</strong></span> <span class='ocrx_word' id='word_1_297' title='bbox 862 4071 1176 4116; x_wconf 92' lang='lat' dir='ltr'><strong>romanus</strong></span> <span class='ocrx_word' id='word_1_298' title='bbox 1218 4051 1501 4116; x_wconf 90' lang='lat' dir='ltr'><strong>libenter</strong></span> <span class='ocrx_word' id='word_1_299' title='bbox 1537 4048 1825 4132; x_wconf 92' lang='lat' dir='ltr'><strong>parebat.</strong></span> <span class='ocrx_word' id='word_1_300' title='bbox 1912 4049 2163 4129; x_wconf 89' lang='lat' dir='ltr'><strong>Hodie,</strong></span> <span class='ocrx_word' id='word_1_301' title='bbox 2209 4051 2262 4115; x_wconf 92' lang='lat' dir='ltr'><strong>si</strong></span> <span class='ocrx_word' id='word_1_302' title='bbox 2306 4050 2451 4115; x_wconf 89' lang='lat' dir='ltr'><strong>istis</strong></span> <span class='ocrx_word' id='word_1_303' title='bbox 2494 4071 2635 4116; x_wconf 91' lang='lat' dir='ltr'><strong>cre-</strong></span> 
     </span>
     <span class='ocr_line' id='line_1_43' title="bbox 676 4072 2632 4219; baseline -0.001 -18"><span class='ocrx_word' id='word_1_304' title='bbox 676 4072 894 4201; x_wconf 57' lang='lat' dir='ltr'><strong>‹fimus</strong></span> <span class='ocrx_word' id='word_1_305' title='bbox 907 4187 923 4213; x_wconf 94' lang='lat'><strong>,</strong></span> <span class='ocrx_word' id='word_1_306' title='bbox 988 4158 1074 4201; x_wconf 91' lang='lat' dir='ltr'><strong>ne</strong></span> <span class='ocrx_word' id='word_1_307' title='bbox 1140 4134 1471 4201; x_wconf 84' lang='lat' dir='ltr'><strong>nationale</strong></span> <span class='ocrx_word' id='word_1_308' title='bbox 1524 4134 1791 4219; x_wconf 90' lang='lat' dir='ltr'><strong>quidem</strong></span> <span class='ocrx_word' id='word_1_309' title='bbox 1855 4135 2143 4202; x_wconf 90' lang='lat' dir='ltr'><strong>indicere</strong></span> <span class='ocrx_word' id='word_1_310' title='bbox 2208 4135 2339 4201; x_wconf 91' lang='lat' dir='ltr'><strong>illis</strong></span> <span class='ocrx_word' id='word_1_311' title='bbox 2395 4134 2632 4201; x_wconf 86' lang='lat' dir='ltr'><strong>licebit.</strong></span> 
     </span>
     <span class='ocr_line' id='line_1_44' title="bbox 673 4221 2632 4306; baseline -0.001 -19"><span class='ocrx_word' id='word_1_312' title='bbox 673 4221 922 4287; x_wconf 83' lang='lat' dir='ltr'><strong>Fateor</strong></span> <span class='ocrx_word' id='word_1_313' title='bbox 955 4221 1274 4304; x_wconf 90' lang='lat' dir='ltr'><strong>equidem,</strong></span> <span class='ocrx_word' id='word_1_314' title='bbox 1312 4243 1519 4306; x_wconf 91' lang='lat' dir='ltr'><strong>quum</strong></span> <span class='ocrx_word' id='word_1_315' title='bbox 1556 4222 1697 4287; x_wconf 90' lang='lat' dir='ltr'><strong>veri</strong></span> <span class='ocrx_word' id='word_1_316' title='bbox 1719 4221 2001 4305; x_wconf 89' lang='lat' dir='ltr'><strong>episcopi</strong></span> <span class='ocrx_word' id='word_1_317' title='bbox 2035 4222 2288 4287; x_wconf 89' lang='lat' dir='ltr'><strong>Romae</strong></span> <span class='ocrx_word' id='word_1_318' title='bbox 2310 4221 2632 4300; x_wconf 91' lang='lat' dir='ltr'><strong>sederent,</strong></span> 
     </span>
    </p>
   </div>
   <div class='ocr_carea' id='block_1_3' title="bbox 674 4307 2655 4392">
    <p class='ocr_par' dir='ltr' id='par_1_3' title="bbox 674 4307 2655 4392">
     <span class='ocr_line' id='line_1_45' title="bbox 674 4307 2655 4392; baseline -0.001 -19"><span class='ocrx_word' id='word_1_319' title='bbox 674 4307 988 4392; x_wconf 90' lang='lat' dir='ltr'><strong>quoniam</strong></span> <span class='ocrx_word' id='word_1_320' title='bbox 1024 4307 1218 4373; x_wconf 87' lang='lat' dir='ltr'><strong>sedes</strong></span> <span class='ocrx_word' id='word_1_321' title='bbox 1246 4307 1362 4372; x_wconf 91' lang='lat' dir='ltr'><strong>illa</strong></span> <span class='ocrx_word' id='word_1_322' title='bbox 1397 4312 1516 4387; x_wconf 84' lang='lat' dir='ltr'><strong>[fol.</strong></span> <span class='ocrx_word' id='word_1_323' title='bbox 1573 4313 1673 4387; x_wconf 87' lang='lat'><strong>18]</strong></span> <span class='ocrx_word' id='word_1_324' title='bbox 1708 4309 1926 4391; x_wconf 91' lang='lat' dir='ltr'><strong>prima</strong></span> <span class='ocrx_word' id='word_1_325' title='bbox 1960 4329 2218 4391; x_wconf 90' lang='lat' dir='ltr'><strong>semper</strong></span> <span class='ocrx_word' id='word_1_326' title='bbox 2253 4314 2354 4373; x_wconf 91' lang='lat' dir='ltr'><strong>est</strong></span> <span class='ocrx_word' id='word_1_327' title='bbox 2387 4308 2655 4385; x_wconf 71' lang='lat' dir='ltr'><strong>habita,—</strong></span> 
     </span>
    </p>
   </div>
   <div class='ocr_carea' id='block_1_4' title="bbox 674 4392 2635 5417">
    <p class='ocr_par' dir='ltr' id='par_1_4' title="bbox 674 4392 2635 5417">
     <span class='ocr_line' id='line_1_46' title="bbox 676 4392 2634 4493; baseline -0.002 -34"><span class='ocrx_word' id='word_1_328' title='bbox 676 4393 819 4460; x_wconf 89' lang='lat' dir='ltr'><strong>sine</strong></span> <span class='ocrx_word' id='word_1_329' title='bbox 863 4394 1159 4493; x_wconf 86' lang='lat' dir='ltr'><strong>ipsorum</strong></span> <span class='ocrx_word' id='word_1_330' title='bbox 1201 4393 1615 4471; x_wconf 87' lang='lat' dir='ltr'><strong>conscientia,</strong></span> <span class='ocrx_word' id='word_1_331' title='bbox 1653 4415 1787 4458; x_wconf 93' lang='lat' dir='ltr'><strong>non</strong></span> <span class='ocrx_word' id='word_1_332' title='bbox 1820 4394 2021 4459; x_wconf 86' lang='lat' dir='ltr'><strong>fuisse</strong></span> <span class='ocrx_word' id='word_1_333' title='bbox 2057 4392 2458 4459; x_wconf 91' lang='lat' dir='ltr'><strong>celebratum</strong></span> <span class='ocrx_word' id='word_1_334' title='bbox 2493 4413 2634 4457; x_wconf 90' lang='lat' dir='ltr'><strong>ma-</strong></span> 
     </span>
     <span class='ocr_line' id='line_1_47' title="bbox 675 4478 2634 4564; baseline 0 -20"><span class='ocrx_word' id='word_1_335' title='bbox 675 4479 784 4544; x_wconf 90' lang='lat' dir='ltr'><strong>ius</strong></span> <span class='ocrx_word' id='word_1_336' title='bbox 827 4478 1092 4564; x_wconf 88' lang='lat' dir='ltr'><strong>ahquod</strong></span> <span class='ocrx_word' id='word_1_337' title='bbox 1135 4479 1497 4545; x_wconf 83' lang='lat' dir='ltr'><strong>concilium.</strong></span> <span class='ocrx_word' id='word_1_338' title='bbox 1568 4479 1651 4544; x_wconf 92' lang='lat' dir='ltr'><strong>Id</strong></span> <span class='ocrx_word' id='word_1_339' title='bbox 1687 4500 1761 4544; x_wconf 90' lang='lat' dir='ltr'><strong>eo</strong></span> <span class='ocrx_word' id='word_1_340' title='bbox 1803 4487 2030 4564; x_wconf 89' lang='lat' dir='ltr'><strong>postea</strong></span> <span class='ocrx_word' id='word_1_341' title='bbox 2073 4478 2487 4545; x_wconf 89' lang='lat' dir='ltr'><strong>detorserunt</strong></span> <span class='ocrx_word' id='word_1_342' title='bbox 2527 4500 2634 4544; x_wconf 89' lang='lat' dir='ltr'><strong>ro-</strong></span> 
     </span>
     <span class='ocr_line' id='line_1_48' title="bbox 674 4563 2634 4649; baseline -0.002 -19"><span class='ocrx_word' id='word_1_343' title='bbox 674 4586 912 4630; x_wconf 89' lang='lat' dir='ltr'><strong>manae</strong></span> <span class='ocrx_word' id='word_1_344' title='bbox 933 4563 1309 4649; x_wconf 83' lang='lat' dir='ltr'><strong>tyrannidis</strong></span> <span class='ocrx_word' id='word_1_345' title='bbox 1337 4564 1652 4630; x_wconf 90' lang='lat' dir='ltr'><strong>satellites</strong></span> <span class='ocrx_word' id='word_1_346' title='bbox 1685 4572 1751 4631; x_wconf 90' lang='lat' dir='ltr'><strong>et</strong></span> <span class='ocrx_word' id='word_1_347' title='bbox 1785 4565 1980 4631; x_wconf 90' lang='lat' dir='ltr'><strong>hodie</strong></span> <span class='ocrx_word' id='word_1_348' title='bbox 2015 4565 2425 4648; x_wconf 79' lang='lat' dir='ltr'><strong>detorquent,</strong></span> <span class='ocrx_word' id='word_1_349' title='bbox 2446 4565 2634 4648; x_wconf 89' lang='lat' dir='ltr'><strong>quasi</strong></span> 
     </span>
     <span class='ocr_line' id='line_1_49' title="bbox 674 4651 2634 4730; baseline 0 -15"><span class='ocrx_word' id='word_1_350' title='bbox 674 4651 939 4715; x_wconf 88' lang='lat' dir='ltr'><strong>nullum</strong></span> <span class='ocrx_word' id='word_1_351' title='bbox 980 4651 1247 4716; x_wconf 91' lang='lat' dir='ltr'><strong>omnino</strong></span> <span class='ocrx_word' id='word_1_352' title='bbox 1291 4651 1798 4717; x_wconf 88' lang='lat' dir='ltr'><strong>ecclesiasticum</strong></span> <span class='ocrx_word' id='word_1_353' title='bbox 1840 4658 2253 4730; x_wconf 91' lang='lat' dir='ltr'><strong>conventum,</strong></span> <span class='ocrx_word' id='word_1_354' title='bbox 2298 4651 2426 4717; x_wconf 87' lang='lat' dir='ltr'><strong>nisi</strong></span> <span class='ocrx_word' id='word_1_355' title='bbox 2461 4651 2634 4716; x_wconf 91' lang='lat' dir='ltr'><strong>idolo</strong></span> 
     </span>
     <span class='ocr_line' id='line_1_50' title="bbox 674 4735 2635 4822; baseline 0.001 -21"><span class='ocrx_word' id='word_1_356' title='bbox 674 4737 791 4801; x_wconf 93' lang='lat' dir='ltr'><strong>illo</strong></span> <span class='ocrx_word' id='word_1_357' title='bbox 828 4744 1050 4802; x_wconf 92' lang='lat' dir='ltr'><strong>ratum</strong></span> <span class='ocrx_word' id='word_1_358' title='bbox 1083 4735 1387 4815; x_wconf 89' lang='lat' dir='ltr'><strong>habente,</strong></span> <span class='ocrx_word' id='word_1_359' title='bbox 1413 4745 1579 4801; x_wconf 89' lang='lat' dir='ltr'><strong>nutu</strong></span> <span class='ocrx_word' id='word_1_360' title='bbox 1624 4758 1707 4802; x_wconf 92' lang='lat' dir='ltr'><strong>ue</strong></span> <span class='ocrx_word' id='word_1_361' title='bbox 1732 4758 1850 4803; x_wconf 91' lang='lat' dir='ltr'><strong>suo</strong></span> <span class='ocrx_word' id='word_1_362' title='bbox 1875 4738 2356 4822; x_wconf 88' lang='lat' dir='ltr'><strong>comprobante,</strong></span> <span class='ocrx_word' id='word_1_363' title='bbox 2392 4736 2635 4803; x_wconf 88' lang='lat' dir='ltr'><strong>habere</strong></span> 
     </span>
     <span class='ocr_line' id='line_1_51' title="bbox 674 4822 2633 4907; baseline 0.001 -21"><span class='ocrx_word' id='word_1_364' title='bbox 674 4822 888 4889; x_wconf 89' lang='lat' dir='ltr'><strong>liceat.</strong></span> <span class='ocrx_word' id='word_1_365' title='bbox 976 4824 1258 4888; x_wconf 92' lang='lat' dir='ltr'><strong>Interim</strong></span> <span class='ocrx_word' id='word_1_366' title='bbox 1299 4843 1505 4906; x_wconf 91' lang='lat' dir='ltr'><strong>quum</strong></span> <span class='ocrx_word' id='word_1_367' title='bbox 1545 4823 1594 4887; x_wconf 90' lang='lat' dir='ltr'><strong>il</strong></span> <span class='ocrx_word' id='word_1_368' title='bbox 1627 4824 1679 4888; x_wconf 83' lang='lat' dir='ltr'><strong>‘s</strong></span> <span class='ocrx_word' id='word_1_369' title='bbox 1722 4824 1809 4889; x_wconf 91' lang='lat' dir='ltr'><strong>sit</strong></span> <span class='ocrx_word' id='word_1_370' title='bbox 1843 4824 2247 4907; x_wconf 91' lang='lat' dir='ltr'><strong>propositum</strong></span> <span class='ocrx_word' id='word_1_371' title='bbox 2290 4824 2511 4890; x_wconf 90' lang='lat' dir='ltr'><strong>omnia</strong></span> <span class='ocrx_word' id='word_1_372' title='bbox 2554 4824 2633 4888; x_wconf 92' lang='lat' dir='ltr'><strong>li-</strong></span> 
     </span>
     <span class='ocr_line' id='line_1_52' title="bbox 675 4907 2634 4995; baseline 0.001 -21"><span class='ocrx_word' id='word_1_373' title='bbox 675 4907 974 4974; x_wconf 90' lang='lat' dir='ltr'><strong>bidinose</strong></span> <span class='ocrx_word' id='word_1_374' title='bbox 1035 4914 1411 4992; x_wconf 83' lang='lat' dir='ltr'><strong>pervertere</strong></span> <span class='ocrx_word' id='word_1_375' title='bbox 1428 4960 1442 4985; x_wconf 88' lang='lat'><strong>,</strong></span> <span class='ocrx_word' id='word_1_376' title='bbox 1508 4930 1750 4993; x_wconf 91' lang='lat' dir='ltr'><strong>susque</strong></span> <span class='ocrx_word' id='word_1_377' title='bbox 1803 4910 2010 4992; x_wconf 91' lang='lat' dir='ltr'><strong>deque</strong></span> <span class='ocrx_word' id='word_1_378' title='bbox 2080 4910 2320 4975; x_wconf 90' lang='lat' dir='ltr'><strong>habitis</strong></span> <span class='ocrx_word' id='word_1_379' title='bbox 2377 4909 2634 4995; x_wconf 85' lang='lat' dir='ltr'><strong>legibus</strong></span> 
     </span>
     <span class='ocr_line' id='line_1_53' title="bbox 677 4995 2629 5079; baseline 0.002 -21"><span class='ocrx_word' id='word_1_380' title='bbox 677 4995 980 5061; x_wconf 90' lang='lat' dir='ltr'><strong>omnibus</strong></span> <span class='ocrx_word' id='word_1_381' title='bbox 1045 5002 1110 5060; x_wconf 90' lang='lat' dir='ltr'><strong>et</strong></span> <span class='ocrx_word' id='word_1_382' title='bbox 1179 4995 1536 5062; x_wconf 90' lang='lat' dir='ltr'><strong>canonibus</strong></span> <span class='ocrx_word' id='word_1_383' title='bbox 1553 5047 1569 5073; x_wconf 90' lang='lat'><strong>,</strong></span> <span class='ocrx_word' id='word_1_384' title='bbox 1651 5003 2026 5079; x_wconf 86' lang='lat' dir='ltr'><strong>contempta</strong></span> <span class='ocrx_word' id='word_1_385' title='bbox 2091 4998 2269 5061; x_wconf 89' lang='lat' dir='ltr'><strong>omni</strong></span> <span class='ocrx_word' id='word_1_386' title='bbox 2336 5016 2629 5074; x_wconf 88' lang='lat' dir='ltr'><strong>censura,</strong></span> 
     </span>
     <span class='ocr_line' id='line_1_54' title="bbox 678 5078 2631 5166; baseline 0.001 -21"><span class='ocrx_word' id='word_1_387' title='bbox 678 5078 931 5146; x_wconf 91' lang='lat' dir='ltr'><strong>abiecta</strong></span> <span class='ocrx_word' id='word_1_388' title='bbox 973 5081 1187 5147; x_wconf 91' lang='lat' dir='ltr'><strong>omnis</strong></span> <span class='ocrx_word' id='word_1_389' title='bbox 1229 5081 1592 5147; x_wconf 87' lang='lat' dir='ltr'><strong>honestatis</strong></span> <span class='ocrx_word' id='word_1_390' title='bbox 1633 5101 1821 5160; x_wconf 88' lang='lat' dir='ltr'><strong>cura,</strong></span> <span class='ocrx_word' id='word_1_391' title='bbox 1881 5102 2154 5149; x_wconf 90' lang='lat' dir='ltr'><strong>excusso</strong></span> <span class='ocrx_word' id='word_1_392' title='bbox 2194 5096 2464 5166; x_wconf 85' lang='lat' dir='ltr'><strong>prorsus</strong></span> <span class='ocrx_word' id='word_1_393' title='bbox 2509 5103 2631 5165; x_wconf 91' lang='lat' dir='ltr'><strong>pu-</strong></span> 
     </span>
     <span class='ocr_line' id='line_1_55' title="bbox 681 5164 2632 5250; baseline 0.002 -21"><span class='ocrx_word' id='word_1_394' title='bbox 681 5164 866 5243; x_wconf 89' lang='lat' dir='ltr'><strong>dore,</strong></span> <span class='ocrx_word' id='word_1_395' title='bbox 923 5166 1106 5231; x_wconf 90' lang='lat' dir='ltr'><strong>nullo</strong></span> <span class='ocrx_word' id='word_1_396' title='bbox 1160 5187 1284 5233; x_wconf 90' lang='lat' dir='ltr'><strong>nec</strong></span> <span class='ocrx_word' id='word_1_397' title='bbox 1327 5168 1457 5233; x_wconf 91' lang='lat' dir='ltr'><strong>Dei</strong></span> <span class='ocrx_word' id='word_1_398' title='bbox 1509 5187 1632 5233; x_wconf 91' lang='lat' dir='ltr'><strong>nec</strong></span> <span class='ocrx_word' id='word_1_399' title='bbox 1677 5166 2022 5233; x_wconf 90' lang='lat' dir='ltr'><strong>hominum</strong></span> <span class='ocrx_word' id='word_1_400' title='bbox 2062 5177 2271 5250; x_wconf 88' lang='lat' dir='ltr'><strong>metu,</strong></span> <span class='ocrx_word' id='word_1_401' title='bbox 2327 5169 2632 5234; x_wconf 92' lang='lat' dir='ltr'><strong>insanam</strong></span> 
     </span>
     <span class='ocr_line' id='line_1_56' title="bbox 681 5250 2629 5338; baseline 0.002 -23"><span class='ocrx_word' id='word_1_402' title='bbox 681 5250 1192 5318; x_wconf 87' lang='lat' dir='ltr'><strong>dominationem</strong></span> <span class='ocrx_word' id='word_1_403' title='bbox 1235 5275 1558 5334; x_wconf 89' lang='lat' dir='ltr'><strong>exercere,</strong></span> <span class='ocrx_word' id='word_1_404' title='bbox 1605 5255 1714 5338; x_wconf 90' lang='lat' dir='ltr'><strong>qui</strong></span> <span class='ocrx_word' id='word_1_405' title='bbox 1759 5274 2051 5336; x_wconf 89' lang='lat' dir='ltr'><strong>unquam</strong></span> <span class='ocrx_word' id='word_1_406' title='bbox 2086 5254 2325 5320; x_wconf 88' lang='lat' dir='ltr'><strong>adduci</strong></span> <span class='ocrx_word' id='word_1_407' title='bbox 2371 5256 2629 5337; x_wconf 87' lang='lat' dir='ltr'><strong>poterit,</strong></span> 
     </span>
     <span class='ocr_line' id='line_1_57' title="bbox 679 5335 2629 5417; baseline 0.002 -16"><span class='ocrx_word' id='word_1_408' title='bbox 679 5342 759 5401; x_wconf 93' lang='lat' dir='ltr'><strong>ut</strong></span> <span class='ocrx_word' id='word_1_409' title='bbox 799 5335 872 5401; x_wconf 90' lang='lat' dir='ltr'><strong>in</strong></span> <span class='ocrx_word' id='word_1_410' title='bbox 925 5338 1359 5405; x_wconf 89' lang='lat' dir='ltr'><strong>christianum</strong></span> <span class='ocrx_word' id='word_1_411' title='bbox 1412 5347 1481 5405; x_wconf 88' lang='lat' dir='ltr'><strong>et</strong></span> <span class='ocrx_word' id='word_1_412' title='bbox 1530 5340 1816 5406; x_wconf 90' lang='lat' dir='ltr'><strong>liberum</strong></span> <span class='ocrx_word' id='word_1_413' title='bbox 1870 5340 2216 5406; x_wconf 89' lang='lat' dir='ltr'><strong>concilium</strong></span> <span class='ocrx_word' id='word_1_414' title='bbox 2259 5339 2629 5417; x_wconf 87' lang='lat' dir='ltr'><strong>descendat,</strong></span> 
     </span>
    </p>
   </div>
   <div class='ocr_carea' id='block_1_5' title="bbox 2174 421 3200 491">
    <p class='ocr_par' dir='ltr' id='par_1_5' title="bbox 2174 421 3200 491">
     <span class='ocr_line' id='line_1_58' title="bbox 2174 421 3200 491; baseline -0.003 0"><span class='ocrx_word' id='word_1_415' title='bbox 2174 421 2699 491; x_wconf 77' lang='lat' dir='ltr'>CONSILIUM</span> <span class='ocrx_word' id='word_1_416' title='bbox 2739 422 3031 489; x_wconf 88' lang='lat' dir='ltr'>PAULI</span> <span class='ocrx_word' id='word_1_417' title='bbox 3070 422 3200 488; x_wconf 88' lang='grc' dir='ltr'><strong>ΙΠ.</strong></span> 
     </span>
    </p>
   </div>
   <div class='ocr_carea' id='block_1_6' title="bbox 4574 430 4705 492">
    <p class='ocr_par' dir='ltr' id='par_1_6' title="bbox 4574 430 4705 492">
     <span class='ocr_line' id='line_1_59' title="bbox 4574 430 4705 492; baseline 0.023 -3"><span class='ocrx_word' id='word_1_418' title='bbox 4574 430 4705 492; x_wconf 86' lang='grc'><strong>480</strong></span> 
     </span>
    </p>
   </div>
   <div class='ocr_carea' id='block_1_7' title="bbox 2730 609 4709 2586">
    <p class='ocr_par' dir='ltr' id='par_1_7' title="bbox 2730 609 4709 2586">
     <span class='ocr_line' id='line_1_60' title="bbox 2738 609 4705 698; baseline 0.003 -23"><span class='ocrx_word' id='word_1_419' title='bbox 2738 610 2855 675; x_wconf 91' lang='lat' dir='ltr'><strong>ubi</strong></span> <span class='ocrx_word' id='word_1_420' title='bbox 2896 609 3151 695; x_wconf 89' lang='lat' dir='ltr'><strong>legibus</strong></span> <span class='ocrx_word' id='word_1_421' title='bbox 3194 613 3283 678; x_wconf 93' lang='lat' dir='ltr'><strong>sit</strong></span> <span class='ocrx_word' id='word_1_422' title='bbox 3324 611 3851 698; x_wconf 88' lang='lat' dir='ltr'><strong>interrogandus,</strong></span> <span class='ocrx_word' id='word_1_423' title='bbox 3896 611 4226 696; x_wconf 87' lang='lat' dir='ltr'><strong>officiique</strong></span> <span class='ocrx_word' id='word_1_424' title='bbox 4249 612 4354 676; x_wconf 87' lang='lat' dir='ltr'><strong>sui</strong></span> <span class='ocrx_word' id='word_1_425' title='bbox 4376 614 4705 680; x_wconf 86' lang='lat' dir='ltr'><strong>rationem</strong></span> 
     </span>
     <span class='ocr_line' id='line_1_61' title="bbox 2739 695 4701 783; baseline 0.003 -23"><span class='ocrx_word' id='word_1_426' title='bbox 2739 695 3160 762; x_wconf 82' lang='lat' dir='ltr'><strong>redditurus?</strong></span> <span class='ocrx_word' id='word_1_427' title='bbox 3232 698 3414 783; x_wconf 84' lang='lat' dir='ltr'><strong>Ergo</strong></span> <span class='ocrx_word' id='word_1_428' title='bbox 3451 699 3705 781; x_wconf 90' lang='lat' dir='ltr'><strong>quoties</strong></span> <span class='ocrx_word' id='word_1_429' title='bbox 3729 697 3809 764; x_wconf 91' lang='lat' dir='ltr'><strong>de</strong></span> <span class='ocrx_word' id='word_1_430' title='bbox 3844 698 4116 765; x_wconf 92' lang='lat' dir='ltr'><strong>concilio</strong></span> <span class='ocrx_word' id='word_1_431' title='bbox 4151 699 4228 763; x_wconf 91' lang='lat' dir='ltr'><strong>fit</strong></span> <span class='ocrx_word' id='word_1_432' title='bbox 4257 700 4527 779; x_wconf 91' lang='lat' dir='ltr'><strong>mentio,</strong></span> <span class='ocrx_word' id='word_1_433' title='bbox 4564 721 4701 765; x_wconf 92' lang='lat' dir='ltr'><strong>non</strong></span> 
     </span>
     <span class='ocr_line' id='line_1_62' title="bbox 2740 782 4700 871; baseline 0.002 -25"><span class='ocrx_word' id='word_1_434' title='bbox 2740 782 2933 846; x_wconf 91' lang='lat' dir='ltr'><strong>aliter</strong></span> <span class='ocrx_word' id='word_1_435' title='bbox 2987 783 3217 849; x_wconf 90' lang='lat' dir='ltr'><strong>horret</strong></span> <span class='ocrx_word' id='word_1_436' title='bbox 3269 791 3463 867; x_wconf 92' lang='lat' dir='ltr'><strong>atque</strong></span> <span class='ocrx_word' id='word_1_437' title='bbox 3507 785 3869 871; x_wconf 81' lang='lat' dir='ltr'><strong>Dionysius</strong></span> <span class='ocrx_word' id='word_1_438' title='bbox 3924 784 4157 867; x_wconf 86' lang='lat' dir='ltr'><strong>aliquis</strong></span> <span class='ocrx_word' id='word_1_439' title='bbox 4210 791 4326 848; x_wconf 90' lang='lat' dir='ltr'><strong>aut</strong></span> <span class='ocrx_word' id='word_1_440' title='bbox 4368 785 4700 865; x_wconf 87' lang='lat' dir='ltr'><strong>Phalaris,</strong></span> 
     </span>
     <span class='ocr_line' id='line_1_63' title="bbox 2739 867 4705 953; baseline 0.003 -21"><span class='ocrx_word' id='word_1_441' title='bbox 2739 867 2852 933; x_wconf 92' lang='lat' dir='ltr'><strong>ubi</strong></span> <span class='ocrx_word' id='word_1_442' title='bbox 2889 875 2990 934; x_wconf 91' lang='lat' dir='ltr'><strong>est</strong></span> <span class='ocrx_word' id='word_1_443' title='bbox 3045 891 3085 934; x_wconf 90' lang='lat' dir='ltr'><strong>a</strong></span> <span class='ocrx_word' id='word_1_444' title='bbox 3126 869 3364 953; x_wconf 92' lang='lat' dir='ltr'><strong>populo</strong></span> <span class='ocrx_word' id='word_1_445' title='bbox 3418 870 3501 935; x_wconf 90' lang='lat' dir='ltr'><strong>ad</strong></span> <span class='ocrx_word' id='word_1_446' title='bbox 3558 871 3932 936; x_wconf 91' lang='lat' dir='ltr'><strong>libertatem</strong></span> <span class='ocrx_word' id='word_1_447' title='bbox 3978 870 4498 953; x_wconf 87' lang='lat' dir='ltr'><strong>recuperandam</strong></span> <span class='ocrx_word' id='word_1_448' title='bbox 4546 891 4705 937; x_wconf 91' lang='lat' dir='ltr'><strong>con-</strong></span> 
     </span>
     <span class='ocr_line' id='line_1_64' title="bbox 2739 954 4708 1040; baseline 0.002 -21"><span class='ocrx_word' id='word_1_449' title='bbox 2739 954 3111 1020; x_wconf 90' lang='lat' dir='ltr'><strong>clamatum.</strong></span> <span class='ocrx_word' id='word_1_450' title='bbox 3201 954 3381 1036; x_wconf 74' lang='lat' dir='ltr'><strong>Quid</strong></span> <span class='ocrx_word' id='word_1_451' title='bbox 3423 957 3599 1022; x_wconf 92' lang='lat' dir='ltr'><strong>enim</strong></span> <span class='ocrx_word' id='word_1_452' title='bbox 3649 956 3827 1021; x_wconf 90' lang='lat' dir='ltr'><strong>aliud</strong></span> <span class='ocrx_word' id='word_1_453' title='bbox 3871 973 4122 1023; x_wconf 86' lang='lat' dir='ltr'><strong>causae·</strong></span> <span class='ocrx_word' id='word_1_454' title='bbox 4162 963 4293 1035; x_wconf 89' lang='lat' dir='ltr'><strong>est,</strong></span> <span class='ocrx_word' id='word_1_455' title='bbox 4349 957 4523 1040; x_wconf 91' lang='lat' dir='ltr'><strong>quod</strong></span> <span class='ocrx_word' id='word_1_456' title='bbox 4566 964 4708 1022; x_wconf 78' lang='lat' dir='ltr'><strong>toto</strong></span> 
     </span>
     <span class='ocr_line' id='line_1_65' title="bbox 2740 1040 4702 1126; baseline 0.004 -24"><span class='ocrx_word' id='word_1_457' title='bbox 2740 1040 2895 1105; x_wconf 92' lang='lat' dir='ltr'><strong>orbe</strong></span> <span class='ocrx_word' id='word_1_458' title='bbox 2953 1041 3087 1105; x_wconf 93' lang='lat' dir='ltr'><strong>iam</strong></span> <span class='ocrx_word' id='word_1_459' title='bbox 3143 1040 3401 1125; x_wconf 89' lang='lat' dir='ltr'><strong>pridem</strong></span> <span class='ocrx_word' id='word_1_460' title='bbox 3464 1042 3773 1108; x_wconf 90' lang='lat' dir='ltr'><strong>maximis</strong></span> <span class='ocrx_word' id='word_1_461' title='bbox 3832 1042 4267 1126; x_wconf 88' lang='lat' dir='ltr'><strong>plurimisque</strong></span> <span class='ocrx_word' id='word_1_462' title='bbox 4333 1042 4414 1108; x_wconf 92' lang='lat' dir='ltr'><strong>de</strong></span> <span class='ocrx_word' id='word_1_463' title='bbox 4479 1044 4702 1110; x_wconf 87' lang='lat' dir='ltr'><strong>causis</strong></span> 
     </span>
     <span class='ocr_line' id='line_1_66' title="bbox 2739 1126 4703 1212; baseline 0.003 -23"><span class='ocrx_word' id='word_1_464' title='bbox 2739 1126 3088 1191; x_wconf 89' lang='lat' dir='ltr'><strong>concilium</strong></span> <span class='ocrx_word' id='word_1_465' title='bbox 3143 1127 3521 1211; x_wconf 88' lang='lat' dir='ltr'><strong>flagitante,</strong></span> <span class='ocrx_word' id='word_1_466' title='bbox 3579 1150 3711 1194; x_wconf 91' lang='lat' dir='ltr'><strong>non</strong></span> <span class='ocrx_word' id='word_1_467' title='bbox 3765 1128 3955 1194; x_wconf 91' lang='lat' dir='ltr'><strong>modo</strong></span> <span class='ocrx_word' id='word_1_468' title='bbox 4012 1127 4278 1193; x_wconf 81' lang='lat' dir='ltr'><strong>nullum</strong></span> <span class='ocrx_word' id='word_1_469' title='bbox 4329 1129 4470 1212; x_wconf 91' lang='lat' dir='ltr'><strong>ipse</strong></span> <span class='ocrx_word' id='word_1_470' title='bbox 4524 1129 4703 1194; x_wconf 89' lang='lat' dir='ltr'><strong>serio</strong></span> 
     </span>
     <span class='ocr_line' id='line_1_67' title="bbox 2739 1213 4708 1292; baseline 0.002 -15"><span class='ocrx_word' id='word_1_471' title='bbox 2739 1220 3071 1292; x_wconf 88' lang='lat' dir='ltr'><strong>convocat,</strong></span> <span class='ocrx_word' id='word_1_472' title='bbox 3117 1213 3232 1279; x_wconf 91' lang='lat' dir='ltr'><strong>sed</strong></span> <span class='ocrx_word' id='word_1_473' title='bbox 3272 1220 3541 1279; x_wconf 88' lang='lat' dir='ltr'><strong>strenue</strong></span> <span class='ocrx_word' id='word_1_474' title='bbox 3583 1213 3961 1288; x_wconf 88' lang='lat' dir='ltr'><strong>intercedit,</strong></span> <span class='ocrx_word' id='word_1_475' title='bbox 4008 1214 4122 1278; x_wconf 92' lang='lat' dir='ltr'><strong>ubi</strong></span> <span class='ocrx_word' id='word_1_476' title='bbox 4169 1214 4476 1279; x_wconf 91' lang='lat' dir='ltr'><strong>ecclesias</strong></span> <span class='ocrx_word' id='word_1_477' title='bbox 4519 1213 4708 1280; x_wconf 84' lang='lat' dir='ltr'><strong>videt</strong></span> 
     </span>
     <span class='ocr_line' id='line_1_68' title="bbox 2738 1298 4708 1383; baseline 0.002 -21"><span class='ocrx_word' id='word_1_478' title='bbox 2738 1298 3133 1364; x_wconf 79' lang='lat' dir='ltr'><strong>convenire?</strong></span> <span class='ocrx_word' id='word_1_479' title='bbox 3221 1300 3314 1363; x_wconf 82' lang='lat' dir='ltr'><strong>Et</strong></span> <span class='ocrx_word' id='word_1_480' title='bbox 3358 1299 3517 1382; x_wconf 89' lang='lat' dir='ltr'><strong>quid</strong></span> <span class='ocrx_word' id='word_1_481' title='bbox 3569 1300 3842 1365; x_wconf 89' lang='lat' dir='ltr'><strong>tandem</strong></span> <span class='ocrx_word' id='word_1_482' title='bbox 3886 1300 4009 1365; x_wconf 92' lang='lat' dir='ltr'><strong>sibi</strong></span> <span class='ocrx_word' id='word_1_483' title='bbox 4054 1299 4237 1364; x_wconf 83' lang='lat' dir='ltr'><strong>vult?</strong></span> <span class='ocrx_word' id='word_1_484' title='bbox 4325 1300 4581 1383; x_wconf 89' lang='lat' dir='ltr'><strong>Nempe</strong></span> <span class='ocrx_word' id='word_1_485' title='bbox 4625 1308 4708 1366; x_wconf 88' lang='lat' dir='ltr'><strong>ut</strong></span> 
     </span>
     <span class='ocr_line' id='line_1_69' title="bbox 2737 1382 4706 1469; baseline 0.003 -22"><span class='ocrx_word' id='word_1_486' title='bbox 2737 1382 3045 1450; x_wconf 88' lang='lat' dir='ltr'><strong>ecclesiae</strong></span> <span class='ocrx_word' id='word_1_487' title='bbox 3086 1385 3365 1451; x_wconf 88' lang='lat' dir='ltr'><strong>scientes</strong></span> <span class='ocrx_word' id='word_1_488' title='bbox 3401 1393 3467 1450; x_wconf 89' lang='lat' dir='ltr'><strong>et</strong></span> <span class='ocrx_word' id='word_1_489' title='bbox 3499 1383 3830 1467; x_wconf 86' lang='lat' dir='ltr'><strong>videntes,</strong></span> <span class='ocrx_word' id='word_1_490' title='bbox 3883 1385 4134 1469; x_wconf 85' lang='lat' dir='ltr'><strong>polluta</strong></span> <span class='ocrx_word' id='word_1_491' title='bbox 4178 1406 4296 1450; x_wconf 92' lang='lat' dir='ltr'><strong>sua</strong></span> <span class='ocrx_word' id='word_1_492' title='bbox 4332 1387 4706 1467; x_wconf 85' lang='lat' dir='ltr'><strong>sanctitate,</strong></span> 
     </span>
     <span class='ocr_line' id='line_1_70' title="bbox 2736 1470 4704 1555; baseline 0.001 -19"><span class='ocrx_word' id='word_1_493' title='bbox 2736 1471 2996 1548; x_wconf 89' lang='lat' dir='ltr'><strong>vexari,</strong></span> <span class='ocrx_word' id='word_1_494' title='bbox 3053 1471 3311 1548; x_wconf 89' lang='lat' dir='ltr'><strong>violari,</strong></span> <span class='ocrx_word' id='word_1_495' title='bbox 3370 1472 3604 1555; x_wconf 88' lang='lat' dir='ltr'><strong>affligi,</strong></span> <span class='ocrx_word' id='word_1_496' title='bbox 3663 1470 3858 1555; x_wconf 89' lang='lat' dir='ltr'><strong>diripi</strong></span> <span class='ocrx_word' id='word_1_497' title='bbox 3914 1480 3980 1536; x_wconf 94' lang='lat' dir='ltr'><strong>et</strong></span> <span class='ocrx_word' id='word_1_498' title='bbox 4037 1473 4282 1537; x_wconf 87' lang='lat' dir='ltr'><strong>vastari</strong></span> <span class='ocrx_word' id='word_1_499' title='bbox 4338 1492 4408 1537; x_wconf 91' lang='lat' dir='ltr'><strong>se</strong></span> <span class='ocrx_word' id='word_1_500' title='bbox 4452 1473 4704 1551; x_wconf 86' lang='lat' dir='ltr'><strong>sinant,</strong></span> 
     </span>
     <span class='ocr_line' id='line_1_71' title="bbox 2735 1556 4706 1641; baseline 0.002 -21"><span class='ocrx_word' id='word_1_501' title='bbox 2735 1556 3063 1639; x_wconf 84' lang='lat' dir='ltr'><strong>taciteque</strong></span> <span class='ocrx_word' id='word_1_502' title='bbox 3106 1579 3183 1622; x_wconf 94' lang='lat' dir='ltr'><strong>ac</strong></span> <span class='ocrx_word' id='word_1_503' title='bbox 3218 1558 3358 1622; x_wconf 91' lang='lat' dir='ltr'><strong>sine</strong></span> <span class='ocrx_word' id='word_1_504' title='bbox 3403 1559 3651 1641; x_wconf 89' lang='lat' dir='ltr'><strong>gemitu</strong></span> <span class='ocrx_word' id='word_1_505' title='bbox 3687 1558 3996 1622; x_wconf 86' lang='lat' dir='ltr'><strong>ultimum</strong></span> <span class='ocrx_word' id='word_1_506' title='bbox 4035 1557 4381 1622; x_wconf 89' lang='lat' dir='ltr'><strong>interitum</strong></span> <span class='ocrx_word' id='word_1_507' title='bbox 4423 1578 4706 1641; x_wconf 90' lang='lat' dir='ltr'><strong>exspec-</strong></span> 
     </span>
     <span class='ocr_line' id='line_1_72' title="bbox 2736 1641 4703 1726; baseline 0.002 -21"><span class='ocrx_word' id='word_1_508' title='bbox 2736 1649 2899 1706; x_wconf 87' lang='lat' dir='ltr'><strong>tent.</strong></span> <span class='ocrx_word' id='word_1_509' title='bbox 2992 1641 3170 1721; x_wconf 72' lang='lat' dir='ltr'><strong>Quid</strong></span> <span class='ocrx_word' id='word_1_510' title='bbox 3212 1644 3391 1707; x_wconf 88' lang='lat' dir='ltr'><strong>enim</strong></span> <span class='ocrx_word' id='word_1_511' title='bbox 3435 1643 3614 1707; x_wconf 91' lang='lat' dir='ltr'><strong>aliud</strong></span> <span class='ocrx_word' id='word_1_512' title='bbox 3659 1652 3760 1709; x_wconf 89' lang='lat' dir='ltr'><strong>est</strong></span> <span class='ocrx_word' id='word_1_513' title='bbox 3811 1642 3983 1726; x_wconf 92' lang='lat' dir='ltr'><strong>quod</strong></span> <span class='ocrx_word' id='word_1_514' title='bbox 4028 1643 4318 1709; x_wconf 90' lang='lat' dir='ltr'><strong>remedia</strong></span> <span class='ocrx_word' id='word_1_515' title='bbox 4358 1643 4703 1710; x_wconf 86' lang='lat' dir='ltr'><strong>interdicit</strong></span> 
     </span>
     <span class='ocr_line' id='line_1_73' title="bbox 2736 1727 4704 1813; baseline 0.002 -22"><span class='ocrx_word' id='word_1_516' title='bbox 2736 1727 3053 1793; x_wconf 90' lang='lat' dir='ltr'><strong>divinitus</strong></span> <span class='ocrx_word' id='word_1_517' title='bbox 3098 1728 3580 1807; x_wconf 90' lang='lat' dir='ltr'><strong>commendata,</strong></span> <span class='ocrx_word' id='word_1_518' title='bbox 3640 1736 3708 1795; x_wconf 90' lang='lat' dir='ltr'><strong>et</strong></span> <span class='ocrx_word' id='word_1_519' title='bbox 3762 1751 3803 1795; x_wconf 90' lang='lat' dir='ltr'><strong>a</strong></span> <span class='ocrx_word' id='word_1_520' title='bbox 3857 1730 4103 1795; x_wconf 89' lang='lat' dir='ltr'><strong>sanctis</strong></span> <span class='ocrx_word' id='word_1_521' title='bbox 4148 1729 4444 1811; x_wconf 91' lang='lat' dir='ltr'><strong>patribus</strong></span> <span class='ocrx_word' id='word_1_522' title='bbox 4488 1750 4704 1813; x_wconf 88' lang='lat' dir='ltr'><strong>popu-</strong></span> 
     </span>
     <span class='ocr_line' id='line_1_74' title="bbox 2735 1813 4705 1898; baseline 0.002 -21"><span class='ocrx_word' id='word_1_523' title='bbox 2735 1813 2928 1897; x_wconf 91' lang='lat' dir='ltr'><strong>loque</strong></span> <span class='ocrx_word' id='word_1_524' title='bbox 2955 1814 3314 1879; x_wconf 89' lang='lat' dir='ltr'><strong>christiano</strong></span> <span class='ocrx_word' id='word_1_525' title='bbox 3342 1835 3602 1897; x_wconf 85' lang='lat' dir='ltr'><strong>semper</strong></span> <span class='ocrx_word' id='word_1_526' title='bbox 3637 1815 3948 1893; x_wconf 86' lang='lat' dir='ltr'><strong>adhibita,</strong></span> <span class='ocrx_word' id='word_1_527' title='bbox 3996 1814 4204 1880; x_wconf 90' lang='lat' dir='ltr'><strong>donec</strong></span> <span class='ocrx_word' id='word_1_528' title='bbox 4248 1835 4324 1879; x_wconf 87' lang='lat' dir='ltr'><strong>ea</strong></span> <span class='ocrx_word' id='word_1_529' title='bbox 4357 1816 4497 1898; x_wconf 91' lang='lat' dir='ltr'><strong>ipse</strong></span> <span class='ocrx_word' id='word_1_530' title='bbox 4539 1835 4705 1881; x_wconf 91' lang='lat' dir='ltr'><strong>con-</strong></span> 
     </span>
     <span class='ocr_line' id='line_1_75' title="bbox 2736 1899 4704 1986; baseline 0.001 -21"><span class='ocrx_word' id='word_1_531' title='bbox 2736 1899 2924 1965; x_wconf 90' lang='lat' dir='ltr'><strong>cedat</strong></span> <span class='ocrx_word' id='word_1_532' title='bbox 2967 1909 3032 1965; x_wconf 92' lang='lat' dir='ltr'><strong>et</strong></span> <span class='ocrx_word' id='word_1_533' title='bbox 3076 1899 3447 1979; x_wconf 87' lang='lat' dir='ltr'><strong>admoveat,</strong></span> <span class='ocrx_word' id='word_1_534' title='bbox 3503 1902 3615 1983; x_wconf 90' lang='lat' dir='ltr'><strong>qui</strong></span> <span class='ocrx_word' id='word_1_535' title='bbox 3660 1923 3744 1966; x_wconf 90' lang='lat' dir='ltr'><strong>ex</strong></span> <span class='ocrx_word' id='word_1_536' title='bbox 3787 1900 4155 1983; x_wconf 81' lang='lat' dir='ltr'><strong>direptione</strong></span> <span class='ocrx_word' id='word_1_537' title='bbox 4199 1903 4704 1986; x_wconf 85' lang='lat' dir='ltr'><strong>vastationeque</strong></span> 
     </span>
     <span class='ocr_line' id='line_1_76' title="bbox 2734 1985 4706 2071; baseline 0.002 -22"><span class='ocrx_word' id='word_1_538' title='bbox 2734 1985 3159 2051; x_wconf 91' lang='lat' dir='ltr'><strong>ecclesiarum</strong></span> <span class='ocrx_word' id='word_1_539' title='bbox 3201 1994 3436 2070; x_wconf 86' lang='lat' dir='ltr'><strong>regnat</strong></span> <span class='ocrx_word' id='word_1_540' title='bbox 3480 2008 3555 2052; x_wconf 89' lang='lat' dir='ltr'><strong>ac</strong></span> <span class='ocrx_word' id='word_1_541' title='bbox 3599 1987 3896 2052; x_wconf 83' lang='lat' dir='ltr'><strong>suaviter</strong></span> <span class='ocrx_word' id='word_1_542' title='bbox 3938 1986 4313 2052; x_wconf 80' lang='lat' dir='ltr'><strong>delitiatur?</strong></span> <span class='ocrx_word' id='word_1_543' title='bbox 4383 1988 4565 2071; x_wconf 89' lang='lat' dir='ltr'><strong>Ergo</strong></span> <span class='ocrx_word' id='word_1_544' title='bbox 4608 2009 4706 2053; x_wconf 88' lang='grc'><strong>118</strong></span> 
     </span>
     <span class='ocr_line' id='line_1_77' title="bbox 2734 2069 4706 2157; baseline 0.003 -23"><span class='ocrx_word' id='word_1_545' title='bbox 2734 2069 2889 2154; x_wconf 91' lang='lat' dir='ltr'><strong>quid</strong></span> <span class='ocrx_word' id='word_1_546' title='bbox 2943 2071 3248 2154; x_wconf 81' lang='lat' dir='ltr'><strong>depereat</strong></span> <span class='ocrx_word' id='word_1_547' title='bbox 3298 2093 3567 2137; x_wconf 90' lang='lat' dir='ltr'><strong>romano</strong></span> <span class='ocrx_word' id='word_1_548' title='bbox 3613 2071 4096 2157; x_wconf 80' lang='lat' dir='ltr'><strong>Sardanapalo,</strong></span> <span class='ocrx_word' id='word_1_549' title='bbox 4154 2074 4312 2155; x_wconf 91' lang='lat' dir='ltr'><strong>quin</strong></span> <span class='ocrx_word' id='word_1_550' title='bbox 4370 2080 4706 2156; x_wconf 83' lang='lat' dir='ltr'><strong>potestate</strong></span> 
     </span>
     <span class='ocr_line' id='line_1_78' title="bbox 2735 2157 4702 2242; baseline 0.002 -22"><span class='ocrx_word' id='word_1_551' title='bbox 2735 2157 3091 2240; x_wconf 90' lang='lat' dir='ltr'><strong>opibusque</strong></span> <span class='ocrx_word' id='word_1_552' title='bbox 3136 2158 3442 2223; x_wconf 88' lang='lat' dir='ltr'><strong>ecclesiae</strong></span> <span class='ocrx_word' id='word_1_553' title='bbox 3485 2159 3757 2241; x_wconf 92' lang='lat' dir='ltr'><strong>impune</strong></span> <span class='ocrx_word' id='word_1_554' title='bbox 3800 2169 3878 2224; x_wconf 92' lang='lat' dir='ltr'><strong>ut</strong></span> <span class='ocrx_word' id='word_1_555' title='bbox 3921 2158 4148 2224; x_wconf 85' lang='lat' dir='ltr'><strong>solitus</strong></span> <span class='ocrx_word' id='word_1_556' title='bbox 4193 2167 4294 2224; x_wconf 90' lang='lat' dir='ltr'><strong>est</strong></span> <span class='ocrx_word' id='word_1_557' title='bbox 4335 2167 4702 2242; x_wconf 87' lang='lat' dir='ltr'><strong>grassetur,</strong></span> 
     </span>
     <span class='ocr_line' id='line_1_79' title="bbox 2733 2242 4709 2329; baseline 0.002 -21"><span class='ocrx_word' id='word_1_558' title='bbox 2733 2242 3215 2308; x_wconf 88' lang='lat' dir='ltr'><strong>connivendum</strong></span> <span class='ocrx_word' id='word_1_559' title='bbox 3270 2253 3372 2310; x_wconf 91' lang='lat' dir='ltr'><strong>est</strong></span> <span class='ocrx_word' id='word_1_560' title='bbox 3412 2246 3539 2328; x_wconf 88' lang='lat' dir='ltr'><strong>piis</strong></span> <span class='ocrx_word' id='word_1_561' title='bbox 3593 2244 4029 2329; x_wconf 89' lang='lat' dir='ltr'><strong>principibus,</strong></span> <span class='ocrx_word' id='word_1_562' title='bbox 4087 2245 4246 2309; x_wconf 91' lang='lat' dir='ltr'><strong>dum</strong></span> <span class='ocrx_word' id='word_1_563' title='bbox 4301 2252 4401 2309; x_wconf 93' lang='lat' dir='ltr'><strong>tot</strong></span> <span class='ocrx_word' id='word_1_564' title='bbox 4445 2247 4709 2311; x_wconf 84' lang='lat' dir='ltr'><strong>anima-</strong></span> 
     </span>
     <span class='ocr_line' id='line_1_80' title="bbox 2732 2329 4708 2414; baseline 0.003 -22"><span class='ocrx_word' id='word_1_565' title='bbox 2732 2350 2883 2392; x_wconf 92' lang='lat' dir='ltr'><strong>rum</strong></span> <span class='ocrx_word' id='word_1_566' title='bbox 2925 2329 3152 2407; x_wconf 88' lang='lat' dir='ltr'><strong>millia,</strong></span> <span class='ocrx_word' id='word_1_567' title='bbox 3196 2351 3315 2412; x_wconf 92' lang='lat' dir='ltr'><strong>pro</strong></span> <span class='ocrx_word' id='word_1_568' title='bbox 3359 2351 3638 2414; x_wconf 90' lang='lat' dir='ltr'><strong>quarum</strong></span> <span class='ocrx_word' id='word_1_569' title='bbox 3683 2331 3894 2396; x_wconf 82' lang='lat' dir='ltr'><strong>salute</strong></span> <span class='ocrx_word' id='word_1_570' title='bbox 3939 2330 4330 2414; x_wconf 88' lang='lat' dir='ltr'><strong>sanguinem</strong></span> <span class='ocrx_word' id='word_1_571' title='bbox 4366 2352 4561 2396; x_wconf 90' lang='lat' dir='ltr'><strong>suum</strong></span> <span class='ocrx_word' id='word_1_572' title='bbox 4590 2333 4708 2412; x_wconf 43' lang='lat' dir='ltr'><strong>‚vi-</strong></span> 
     </span>
     <span class='ocr_line' id='line_1_81' title="bbox 2730 2415 4708 2497; baseline 0.002 -19"><span class='ocrx_word' id='word_1_573' title='bbox 2730 2421 2998 2497; x_wconf 88' lang='lat' dir='ltr'><strong>tamque</strong></span> <span class='ocrx_word' id='word_1_574' title='bbox 3055 2415 3348 2497; x_wconf 89' lang='lat' dir='ltr'><strong>profudit</strong></span> <span class='ocrx_word' id='word_1_575' title='bbox 3392 2415 3716 2494; x_wconf 84' lang='lat' dir='ltr'><strong>Christus,</strong></span> <span class='ocrx_word' id='word_1_576' title='bbox 3774 2417 4045 2483; x_wconf 89' lang='lat' dir='ltr'><strong>interire</strong></span> <span class='ocrx_word' id='word_1_577' title='bbox 4091 2425 4378 2480; x_wconf 87' lang='lat' dir='ltr'><strong>cernant.</strong></span> <span class='ocrx_word' id='word_1_578' title='bbox 4464 2417 4554 2481; x_wconf 91' lang='lat' dir='ltr'><strong>Ni</strong></span> <span class='ocrx_word' id='word_1_579' title='bbox 4597 2419 4708 2482; x_wconf 82' lang='lat' dir='ltr'><strong>fa-</strong></span> 
     </span>
     <span class='ocr_line' id='line_1_82' title="bbox 2732 2501 4480 2586; baseline 0.001 -21"><span class='ocrx_word' id='word_1_580' title='bbox 2732 2502 2924 2579; x_wconf 90' lang='lat' dir='ltr'><strong>ciant,</strong></span> <span class='ocrx_word' id='word_1_581' title='bbox 2973 2501 3349 2566; x_wconf 87' lang='lat' dir='ltr'><strong>defectionis</strong></span> <span class='ocrx_word' id='word_1_582' title='bbox 3390 2522 3430 2565; x_wconf 96' lang='lat' dir='ltr'><strong>a</strong></span> <span class='ocrx_word' id='word_1_583' title='bbox 3469 2502 3622 2568; x_wconf 91' lang='lat' dir='ltr'><strong>sede</strong></span> <span class='ocrx_word' id='word_1_584' title='bbox 3668 2524 3939 2568; x_wconf 91' lang='lat' dir='ltr'><strong>romana</strong></span> <span class='ocrx_word' id='word_1_585' title='bbox 3982 2503 4078 2566; x_wconf 92' lang='lat' dir='ltr'><strong>rei</strong></span> <span class='ocrx_word' id='word_1_586' title='bbox 4124 2511 4426 2586; x_wconf 87' lang='lat' dir='ltr'><strong>agantur.</strong></span> <span class='ocrx_word' id='word_1_587' title='bbox 4474 2526 4480 2533; x_wconf 92' lang='lat'>·</span> 
     </span>
    </p>
   </div>
   <div class='ocr_carea' id='block_1_8' title="bbox 2732 2673 4709 2995">
    <p class='ocr_par' dir='ltr' id='par_1_8' title="bbox 2732 2673 4709 2995">
     <span class='ocr_line' id='line_1_83' title="bbox 2915 2673 4703 2755; baseline 0.002 -18"><span class='ocrx_word' id='word_1_588' title='bbox 2915 2673 3230 2753; x_wconf 79' lang='lat' dir='ltr'><strong>Quantum</strong></span> <span class='ocrx_word' id='word_1_589' title='bbox 3271 2692 3409 2737; x_wconf 86' lang='lat' dir='ltr'><strong>vero</strong></span> <span class='ocrx_word' id='word_1_590' title='bbox 3451 2675 3537 2739; x_wconf 81' lang='lat' dir='ltr'><strong>ad</strong></span> <span class='ocrx_word' id='word_1_591' title='bbox 3569 2695 3793 2755; x_wconf 87' lang='lat' dir='ltr'><strong>pacem</strong></span> <span class='ocrx_word' id='word_1_592' title='bbox 3843 2673 4224 2738; x_wconf 81' lang='lat' dir='ltr'><strong>Germaniae</strong></span> <span class='ocrx_word' id='word_1_593' title='bbox 4268 2676 4511 2753; x_wconf 80' lang='lat' dir='ltr'><strong>attinet,</strong></span> <span class='ocrx_word' id='word_1_594' title='bbox 4570 2695 4703 2740; x_wconf 87' lang='lat' dir='ltr'><strong>non</strong></span> 
     </span>
     <span class='ocr_line' id='line_1_84' title="bbox 2734 2759 4702 2842; baseline 0.001 -20"><span class='ocrx_word' id='word_1_595' title='bbox 2734 2759 2872 2823; x_wconf 85' lang='lat' dir='ltr'><strong>sine</strong></span> <span class='ocrx_word' id='word_1_596' title='bbox 2915 2760 3130 2840; x_wconf 80' lang='lat' dir='ltr'><strong>aliquo</strong></span> <span class='ocrx_word' id='word_1_597' title='bbox 3181 2759 3419 2839; x_wconf 83' lang='lat' dir='ltr'><strong>pudore</strong></span> <span class='ocrx_word' id='word_1_598' title='bbox 3450 2761 3738 2842; x_wconf 80' lang='lat' dir='ltr'><strong>proferri</strong></span> <span class='ocrx_word' id='word_1_599' title='bbox 3770 2765 4039 2842; x_wconf 75' lang='lat' dir='ltr'><strong>possunt</strong></span> <span class='ocrx_word' id='word_1_600' title='bbox 4054 2812 4067 2838; x_wconf 92' lang='lat'><strong>,</strong></span> <span class='ocrx_word' id='word_1_601' title='bbox 4124 2781 4286 2841; x_wconf 80' lang='lat' dir='ltr'><strong>quae</strong></span> <span class='ocrx_word' id='word_1_602' title='bbox 4328 2766 4702 2842; x_wconf 77' lang='lat' dir='ltr'><strong>sequuntur.</strong></span> 
     </span>
     <span class='ocr_line' id='line_1_85' title="bbox 2732 2843 4709 2995; baseline 0.001 -87"><span class='ocrx_word' id='word_1_603' title='bbox 2732 2843 3351 2995; x_wconf 46' lang='lat' dir='ltr'><strong>§mnfchuinfmti</strong></span> <span class='ocrx_word' id='word_1_604' title='bbox 3395 2847 3690 2926; x_wconf 88' lang='lat' dir='ltr'><strong>primum</strong></span> <span class='ocrx_word' id='word_1_605' title='bbox 3743 2848 3820 2911; x_wconf 85' lang='lat' dir='ltr'><strong>de</strong></span> <span class='ocrx_word' id='word_1_606' title='bbox 3862 2865 4025 2926; x_wconf 85' lang='lat' dir='ltr'><strong>pace</strong></span> <span class='ocrx_word' id='word_1_607' title='bbox 4077 2851 4410 2911; x_wconf 76' lang='lat' dir='ltr'><strong>tractatum</strong></span> <span class='ocrx_word' id='word_1_608' title='bbox 4465 2851 4522 2911; x_wconf 85' lang='lat' dir='ltr'><strong>et</strong></span> <span class='ocrx_word' id='word_1_609' title='bbox 4564 2867 4709 2912; x_wconf 89' lang='lat' dir='ltr'><strong>con-</strong></span> 
     </span>
    </p>
   </div>
   <div class='ocr_carea' id='block_1_9' title="bbox 2736 3049 4705 3289">
    <p class='ocr_par' dir='ltr' id='par_1_9' title="bbox 2736 3049 4705 3289">
     <span class='ocr_line' id='line_1_86' title="bbox 2911 3049 4702 3135; baseline 0.002 -20"><span class='ocrx_word' id='word_1_610' title='bbox 2911 3052 3038 3116; x_wconf 83' lang='lat' dir='ltr'><strong>Tot</strong></span> <span class='ocrx_word' id='word_1_611' title='bbox 3080 3049 3423 3117; x_wconf 91' lang='lat' dir='ltr'><strong>mendacia</strong></span> <span class='ocrx_word' id='word_1_612' title='bbox 3467 3062 3624 3135; x_wconf 92' lang='lat' dir='ltr'><strong>quot</strong></span> <span class='ocrx_word' id='word_1_613' title='bbox 3664 3054 3884 3119; x_wconf 86' lang='lat' dir='ltr'><strong>verba.</strong></span> <span class='ocrx_word' id='word_1_614' title='bbox 3965 3053 4152 3118; x_wconf 87' lang='lat' dir='ltr'><strong>Nihil</strong></span> <span class='ocrx_word' id='word_1_615' title='bbox 4187 3055 4363 3118; x_wconf 91' lang='lat' dir='ltr'><strong>enim</strong></span> <span class='ocrx_word' id='word_1_616' title='bbox 4401 3052 4702 3120; x_wconf 74' lang='grc'>881111111-</span> 
     </span>
     <span class='ocr_line' id='line_1_87' title="bbox 2736 3137 4705 3289; baseline 0.002 -87"><span class='ocrx_word' id='word_1_617' title='bbox 2736 3137 3091 3289; x_wconf 49' lang='lat' dir='ltr'><strong>{uiztifijssggl</strong></span> <span class='ocrx_word' id='word_1_618' title='bbox 3123 3138 3570 3289; x_wconf 39' lang='lat' dir='ltr'>Qssnbergae</span> <span class='ocrx_word' id='word_1_619' title='bbox 3613 3139 3905 3220; x_wconf 89' lang='lat' dir='ltr'><strong>primum</strong></span> <span class='ocrx_word' id='word_1_620' title='bbox 3948 3139 4331 3206; x_wconf 89' lang='lat' dir='ltr'><strong>conclusum</strong></span> <span class='ocrx_word' id='word_1_621' title='bbox 4375 3140 4459 3206; x_wconf 92' lang='lat' dir='ltr'><strong>de</strong></span> <span class='ocrx_word' id='word_1_622' title='bbox 4500 3141 4705 3206; x_wconf 91' lang='lat' dir='ltr'><strong>indu-</strong></span> 
     </span>
    </p>
   </div>
   <div class='ocr_carea' id='block_1_10' title="bbox 2727 3394 4707 4666">
    <p class='ocr_par' dir='ltr' id='par_1_10' title="bbox 2727 3394 4707 4666">
     <span class='ocr_line' id='line_1_88' title="bbox 2909 3394 4703 3479; baseline 0.001 -18"><span class='ocrx_word' id='word_1_623' title='bbox 2909 3394 3158 3461; x_wconf 79' lang='lat' dir='ltr'><strong>Deinde</strong></span> <span class='ocrx_word' id='word_1_624' title='bbox 3208 3395 3411 3477; x_wconf 84' lang='lat' dir='ltr'><strong>factae</strong></span> <span class='ocrx_word' id='word_1_625' title='bbox 3482 3401 3627 3461; x_wconf 86' lang='lat' dir='ltr'><strong>sunt</strong></span> <span class='ocrx_word' id='word_1_626' title='bbox 3697 3396 4107 3479; x_wconf 75' lang='lat' dir='ltr'><strong>Nurnberyae</strong></span> <span class='ocrx_word' id='word_1_627' title='bbox 4170 3396 4466 3463; x_wconf 78' lang='lat' dir='ltr'><strong>induciae</strong></span> <span class='ocrx_word' id='word_1_628' title='bbox 4531 3397 4703 3463; x_wconf 87' lang='lat' dir='ltr'><strong>inter</strong></span> 
     </span>
     <span class='ocr_line' id='line_1_89' title="bbox 2736 3483 4700 3563; baseline 0.001 -16"><span class='ocrx_word' id='word_1_629' title='bbox 2736 3488 3067 3563; x_wconf 80' lang='lat' dir='ltr'><strong>utrumque</strong></span> <span class='ocrx_word' id='word_1_630' title='bbox 3099 3486 3348 3561; x_wconf 87' lang='lat' dir='ltr'><strong>statum,</strong></span> <span class='ocrx_word' id='word_1_631' title='bbox 3374 3484 3853 3563; x_wconf 85' lang='lat' dir='ltr'><strong>protestantium</strong></span> <span class='ocrx_word' id='word_1_632' title='bbox 3885 3483 4115 3549; x_wconf 85' lang='lat' dir='ltr'><strong>scilicet</strong></span> <span class='ocrx_word' id='word_1_633' title='bbox 4147 3488 4206 3548; x_wconf 89' lang='lat' dir='ltr'><strong>et</strong></span> <span class='ocrx_word' id='word_1_634' title='bbox 4236 3483 4700 3563; x_wconf 76' lang='lat' dir='ltr'><strong>catholicorum,</strong></span> 
     </span>
     <span class='ocr_line' id='line_1_90' title="bbox 2738 3568 4703 3652; baseline 0.001 -19"><span class='ocrx_word' id='word_1_635' title='bbox 2738 3568 2952 3633; x_wconf 80' lang='lat' dir='ltr'><strong>addito</strong></span> <span class='ocrx_word' id='word_1_636' title='bbox 3006 3569 3194 3632; x_wconf 82' lang='lat' dir='ltr'><strong>etiam</strong></span> <span class='ocrx_word' id='word_1_637' title='bbox 3246 3587 3531 3633; x_wconf 84' lang='lat' dir='ltr'><strong>caesareo</strong></span> <span class='ocrx_word' id='word_1_638' title='bbox 3584 3570 4007 3652; x_wconf 77' lang='lat' dir='ltr'><strong>ratisponensi</strong></span> <span class='ocrx_word' id='word_1_639' title='bbox 4052 3574 4179 3651; x_wconf 84' lang='lat' dir='ltr'><strong>[fol.</strong></span> <span class='ocrx_word' id='word_1_640' title='bbox 4238 3575 4339 3648; x_wconf 86' lang='lat'><strong>19]</strong></span> <span class='ocrx_word' id='word_1_641' title='bbox 4400 3570 4703 3635; x_wconf 81' lang='lat' dir='ltr'><strong>mandato</strong></span> 
     </span>
     <span class='ocr_line' id='line_1_91' title="bbox 2737 3653 4702 3736; baseline 0 -17"><span class='ocrx_word' id='word_1_642' title='bbox 2737 3653 2854 3719; x_wconf 83' lang='lat' dir='ltr'><strong>sub</strong></span> <span class='ocrx_word' id='word_1_643' title='bbox 2888 3674 3095 3736; x_wconf 87' lang='lat' dir='ltr'><strong>poena</strong></span> <span class='ocrx_word' id='word_1_644' title='bbox 3124 3654 3545 3734; x_wconf 83' lang='lat' dir='ltr'><strong>provincialis</strong></span> <span class='ocrx_word' id='word_1_645' title='bbox 3576 3655 3767 3734; x_wconf 84' lang='lat' dir='ltr'><strong>pacis</strong></span> <span class='ocrx_word' id='word_1_646' title='bbox 3810 3660 3867 3720; x_wconf 84' lang='lat' dir='ltr'><strong>et</strong></span> <span class='ocrx_word' id='word_1_647' title='bbox 3915 3655 4113 3720; x_wconf 82' lang='lat' dir='ltr'><strong>banni</strong></span> <span class='ocrx_word' id='word_1_648' title='bbox 4166 3656 4557 3736; x_wconf 77' lang='lat' dir='ltr'><strong>imperialis.-</strong></span> <span class='ocrx_word' id='word_1_649' title='bbox 4600 3661 4702 3719; x_wconf 86' lang='lat' dir='ltr'><strong>ta-</strong></span> 
     </span>
     <span class='ocr_line' id='line_1_92' title="bbox 2737 3739 4702 3820; baseline 0.002 -16"><span class='ocrx_word' id='word_1_650' title='bbox 2737 3762 2878 3806; x_wconf 85' lang='lat' dir='ltr'><strong>men</strong></span> <span class='ocrx_word' id='word_1_651' title='bbox 2907 3745 3176 3820; x_wconf 81' lang='lat' dir='ltr'><strong>possunt</strong></span> <span class='ocrx_word' id='word_1_652' title='bbox 3216 3739 3425 3804; x_wconf 85' lang='lat' dir='ltr'><strong>videre</strong></span> <span class='ocrx_word' id='word_1_653' title='bbox 3450 3740 3803 3805; x_wconf 82' lang='lat' dir='ltr'><strong>maiestates</strong></span> <span class='ocrx_word' id='word_1_654' title='bbox 3827 3761 3999 3820; x_wconf 87' lang='lat' dir='ltr'><strong>suae,</strong></span> <span class='ocrx_word' id='word_1_655' title='bbox 4041 3741 4150 3806; x_wconf 84' lang='lat' dir='ltr'><strong>ubi</strong></span> <span class='ocrx_word' id='word_1_656' title='bbox 4192 3746 4273 3806; x_wconf 87' lang='lat' dir='ltr'><strong>tot</strong></span> <span class='ocrx_word' id='word_1_657' title='bbox 4305 3743 4702 3807; x_wconf 71' lang='lat' dir='ltr'><strong>convenerint</strong></span> 
     </span>
     <span class='ocr_line' id='line_1_93' title="bbox 2727 3824 4702 3921; baseline 0.001 -31"><span class='ocrx_word' id='word_1_658' title='bbox 2727 3826 3054 3909; x_wconf 78' lang='lat' dir='ltr'><strong>principes</strong></span> <span class='ocrx_word' id='word_1_659' title='bbox 3074 3825 3409 3921; x_wconf 61' lang='lat' dir='ltr'><strong>subscripti</strong></span> <span class='ocrx_word' id='word_1_660' title='bbox 3445 3830 3503 3890; x_wconf 88' lang='lat' dir='ltr'><strong>et</strong></span> <span class='ocrx_word' id='word_1_661' title='bbox 3534 3827 3753 3904; x_wconf 85' lang='lat' dir='ltr'><strong>iurati,</strong></span> <span class='ocrx_word' id='word_1_662' title='bbox 3789 3826 3899 3890; x_wconf 84' lang='lat' dir='ltr'><strong>ubi</strong></span> <span class='ocrx_word' id='word_1_663' title='bbox 3922 3831 4006 3891; x_wconf 91' lang='lat' dir='ltr'><strong>tot</strong></span> <span class='ocrx_word' id='word_1_664' title='bbox 4037 3833 4485 3892; x_wconf 77' lang='lat' dir='ltr'><strong>emanaverunt</strong></span> <span class='ocrx_word' id='word_1_665' title='bbox 4518 3824 4702 3892; x_wconf 80' lang='lat' dir='ltr'><strong>man-</strong></span> 
     </span>
     <span class='ocr_line' id='line_1_94' title="bbox 2738 3913 4706 3997; baseline 0.001 -20"><span class='ocrx_word' id='word_1_666' title='bbox 2738 3913 2915 3990; x_wconf 84' lang='lat' dir='ltr'><strong>data,</strong></span> <span class='ocrx_word' id='word_1_667' title='bbox 2975 3913 3373 3976; x_wconf 85' lang='lat' dir='ltr'><strong>maiestatum</strong></span> <span class='ocrx_word' id='word_1_668' title='bbox 3414 3932 3681 3977; x_wconf 87' lang='lat' dir='ltr'><strong>suarum</strong></span> <span class='ocrx_word' id='word_1_669' title='bbox 3724 3913 3965 3978; x_wconf 82' lang='lat' dir='ltr'><strong>additis</strong></span> <span class='ocrx_word' id='word_1_670' title='bbox 4003 3914 4410 3997; x_wconf 76' lang='lat' dir='ltr'><strong>yravissimis</strong></span> <span class='ocrx_word' id='word_1_671' title='bbox 4442 3913 4706 3994; x_wconf 81' lang='lat' dir='ltr'><strong>poenis.-</strong></span> 
     </span>
     <span class='ocr_line' id='line_1_95' title="bbox 2737 3996 4707 4080; baseline 0.001 -18"><span class='ocrx_word' id='word_1_672' title='bbox 2737 3997 2900 4062; x_wconf 73' lang='lat' dir='ltr'><strong>nihil</strong></span> <span class='ocrx_word' id='word_1_673' title='bbox 2940 4002 3144 4062; x_wconf 86' lang='lat' dir='ltr'><strong>tamen</strong></span> <span class='ocrx_word' id='word_1_674' title='bbox 3183 3996 3573 4072; x_wconf 83' lang='lat' dir='ltr'><strong>observatum</strong></span> <span class='ocrx_word' id='word_1_675' title='bbox 3611 3999 3830 4080; x_wconf 84' lang='lat' dir='ltr'><strong>fuisse,</strong></span> <span class='ocrx_word' id='word_1_676' title='bbox 3871 4000 4027 4079; x_wconf 81' lang='lat' dir='ltr'><strong>quin</strong></span> <span class='ocrx_word' id='word_1_677' title='bbox 4068 4000 4196 4064; x_wconf 81' lang='lat' dir='ltr'><strong>imo</strong></span> <span class='ocrx_word' id='word_1_678' title='bbox 4237 4001 4467 4080; x_wconf 85' lang='lat' dir='ltr'><strong>spretis</strong></span> <span class='ocrx_word' id='word_1_679' title='bbox 4502 4000 4707 4065; x_wconf 78' lang='lat' dir='ltr'><strong>omni-</strong></span> 
     </span>
     <span class='ocr_line' id='line_1_96' title="bbox 2737 4083 4704 4167; baseline 0.002 -19"><span class='ocrx_word' id='word_1_680' title='bbox 2737 4084 2854 4149; x_wconf 82' lang='lat' dir='ltr'><strong>bus</strong></span> <span class='ocrx_word' id='word_1_681' title='bbox 2895 4083 3185 4149; x_wconf 80' lang='lat' dir='ltr'><strong>induciae</strong></span> <span class='ocrx_word' id='word_1_682' title='bbox 3227 4084 3377 4149; x_wconf 64' lang='lat' dir='ltr'><strong>alae</strong></span> <span class='ocrx_word' id='word_1_683' title='bbox 3433 4084 3692 4164; x_wconf 85' lang='lat' dir='ltr'><strong>saepius</strong></span> <span class='ocrx_word' id='word_1_684' title='bbox 3732 4084 3993 4166; x_wconf 84' lang='lat' dir='ltr'><strong>fuerunt</strong></span> <span class='ocrx_word' id='word_1_685' title='bbox 4044 4087 4337 4163; x_wconf 83' lang='lat' dir='ltr'><strong>violatae,</strong></span> <span class='ocrx_word' id='word_1_686' title='bbox 4383 4090 4440 4150; x_wconf 78' lang='lat' dir='ltr'><strong>et</strong></span> <span class='ocrx_word' id='word_1_687' title='bbox 4469 4090 4704 4167; x_wconf 83' lang='lat' dir='ltr'><strong>partes</strong></span> 
     </span>
     <span class='ocr_line' id='line_1_97' title="bbox 2727 4170 4702 4253; baseline 0.002 -19"><span class='ocrx_word' id='word_1_688' title='bbox 2727 4171 3209 4251; x_wconf 75' lang='lat' dir='ltr'><strong>protestantium</strong></span> <span class='ocrx_word' id='word_1_689' title='bbox 3270 4170 3447 4234; x_wconf 88' lang='lat' dir='ltr'><strong>novis</strong></span> <span class='ocrx_word' id='word_1_690' title='bbox 3520 4170 4152 4252; x_wconf 83' lang='lat' dir='ltr'><strong>confoederationibus</strong></span> <span class='ocrx_word' id='word_1_691' title='bbox 4227 4176 4437 4237; x_wconf 81' lang='lat' dir='ltr'><strong>contra</strong></span> <span class='ocrx_word' id='word_1_692' title='bbox 4496 4176 4702 4253; x_wconf 81' lang='lat' dir='ltr'><strong>pacta</strong></span> 
     </span>
     <span class='ocr_line' id='line_1_98' title="bbox 2738 4255 4706 4344; baseline 0 -23"><span class='ocrx_word' id='word_1_693' title='bbox 2738 4262 2983 4337; x_wconf 85' lang='lat' dir='ltr'><strong>auctae,</strong></span> <span class='ocrx_word' id='word_1_694' title='bbox 3028 4255 3369 4321; x_wconf 85' lang='lat' dir='ltr'><strong>accessione</strong></span> <span class='ocrx_word' id='word_1_695' title='bbox 3410 4255 3845 4321; x_wconf 82' lang='lat' dir='ltr'><strong>nonnullorum</strong></span> <span class='ocrx_word' id='word_1_696' title='bbox 3875 4257 4247 4340; x_wconf 80' lang='lat' dir='ltr'><strong>principum</strong></span> <span class='ocrx_word' id='word_1_697' title='bbox 4263 4307 4279 4336; x_wconf 92' lang='lat'><strong>,</strong></span> <span class='ocrx_word' id='word_1_698' title='bbox 4322 4257 4485 4323; x_wconf 81' lang='lat' dir='ltr'><strong>sicut</strong></span> <span class='ocrx_word' id='word_1_699' title='bbox 4526 4258 4706 4344; x_wconf 76' lang='lat' dir='ltr'><strong>reqis</strong></span> 
     </span>
     <span class='ocr_line' id='line_1_99' title="bbox 2736 4340 4707 4425; baseline 0.001 -18"><span class='ocrx_word' id='word_1_700' title='bbox 2736 4341 3003 4421; x_wconf 85' lang='lat' dir='ltr'><strong>Datiae,</strong></span> <span class='ocrx_word' id='word_1_701' title='bbox 3029 4342 3077 4425; x_wconf 89' lang='lat'><strong>¹)</strong></span> <span class='ocrx_word' id='word_1_702' title='bbox 3121 4343 3302 4408; x_wconf 66' lang='lat' dir='ltr'><strong>ducis</strong></span> <span class='ocrx_word' id='word_1_703' title='bbox 3360 4340 3946 4424; x_wconf 75' lang='lat' dir='ltr'><strong>Wrtenberyensis,</strong></span> <span class='ocrx_word' id='word_1_704' title='bbox 3991 4348 4048 4409; x_wconf 88' lang='lat' dir='ltr'><strong>et</strong></span> <span class='ocrx_word' id='word_1_705' title='bbox 4090 4344 4395 4425; x_wconf 85' lang='lat' dir='ltr'><strong>aliorum,</strong></span> <span class='ocrx_word' id='word_1_706' title='bbox 4441 4364 4516 4410; x_wconf 88' lang='lat' dir='ltr'><strong>ac</strong></span> <span class='ocrx_word' id='word_1_707' title='bbox 4550 4364 4707 4409; x_wconf 63' lang='lat' dir='ltr'><strong>now</strong></span> 
     </span>
     <span class='ocr_line' id='line_1_100' title="bbox 2735 4428 4700 4514; baseline 0.001 -22"><span class='ocrx_word' id='word_1_708' title='bbox 2735 4428 3061 4494; x_wconf 65' lang='lat' dir='ltr'><strong>nudarum</strong></span> <span class='ocrx_word' id='word_1_709' title='bbox 3112 4428 3463 4505; x_wconf 83' lang='lat' dir='ltr'><strong>civitatum,</strong></span> <span class='ocrx_word' id='word_1_710' title='bbox 3523 4430 3862 4494; x_wconf 81' lang='lat' dir='ltr'><strong>mutatione</strong></span> <span class='ocrx_word' id='word_1_711' title='bbox 3899 4429 4072 4511; x_wconf 83' lang='lat' dir='ltr'><strong>facta</strong></span> <span class='ocrx_word' id='word_1_712' title='bbox 4113 4429 4442 4514; x_wconf 74' lang='lat' dir='ltr'><strong>reliyionis</strong></span> <span class='ocrx_word' id='word_1_713' title='bbox 4482 4430 4556 4495; x_wconf 85' lang='lat' dir='ltr'><strong>in</strong></span> <span class='ocrx_word' id='word_1_714' title='bbox 4597 4430 4700 4496; x_wconf 77' lang='lat' dir='ltr'><strong>di-</strong></span> 
     </span>
     <span class='ocr_line' id='line_1_101' title="bbox 2735 4513 4702 4666; baseline 0.002 -88"><span class='ocrx_word' id='word_1_715' title='bbox 2735 4515 2940 4666; x_wconf 50' lang='lat' dir='ltr'><strong>gersis</strong></span> <span class='ocrx_word' id='word_1_716' title='bbox 2990 4513 3140 4579; x_wconf 84' lang='lat' dir='ltr'><strong>locis</strong></span> <span class='ocrx_word' id='word_1_717' title='bbox 3193 4533 3266 4579; x_wconf 90' lang='lat' dir='ltr'><strong>ac</strong></span> <span class='ocrx_word' id='word_1_718' title='bbox 3310 4513 3662 4596; x_wconf 85' lang='lat' dir='ltr'><strong>provinciis</strong></span> <span class='ocrx_word' id='word_1_719' title='bbox 3716 4519 3930 4581; x_wconf 73' lang='lat' dir='ltr'><strong>contra</strong></span> <span class='ocrx_word' id='word_1_720' title='bbox 3973 4536 4197 4598; x_wconf 88' lang='lat' dir='ltr'><strong>pacem</strong></span> <span class='ocrx_word' id='word_1_721' title='bbox 4253 4520 4309 4581; x_wconf 87' lang='lat' dir='ltr'><strong>et</strong></span> <span class='ocrx_word' id='word_1_722' title='bbox 4360 4516 4702 4582; x_wconf 82' lang='lat' dir='ltr'><strong>iusiuran-</strong></span> 
     </span>
    </p>

    <p class='ocr_par' dir='ltr' id='par_1_11' title="bbox 2783 4620 2907 4664">
     <span class='ocr_line' id='line_1_102' title="bbox 2783 4620 2907 4664; baseline 0 0"><span class='ocrx_word' id='word_1_723' title='bbox 2783 4620 2907 4664; x_wconf 87' lang='lat' dir='ltr'><strong>um.</strong></span> 
     </span>
    </p>
   </div>
   <div class='ocr_carea' id='block_1_11' title="bbox 2735 4736 4729 5080">
    <p class='ocr_par' dir='ltr' id='par_1_12' title="bbox 2735 4736 4729 5080">
     <span class='ocr_line' id='line_1_103' title="bbox 2910 4736 4701 4822; baseline 0.001 -20"><span class='ocrx_word' id='word_1_724' title='bbox 2910 4737 3042 4802; x_wconf 86' lang='lat' dir='ltr'><strong>Hic</strong></span> <span class='ocrx_word' id='word_1_725' title='bbox 3064 4757 3374 4802; x_wconf 85' lang='lat' dir='ltr'><strong>acervum</strong></span> <span class='ocrx_word' id='word_1_726' title='bbox 3392 4736 3874 4801; x_wconf 86' lang='lat' dir='ltr'><strong>calumniarum</strong></span> <span class='ocrx_word' id='word_1_727' title='bbox 3894 4737 4192 4822; x_wconf 88' lang='lat' dir='ltr'><strong>congerit</strong></span> <span class='ocrx_word' id='word_1_728' title='bbox 4225 4739 4701 4818; x_wconf 84' lang='lat' dir='ltr'><strong>sanctissimus,</strong></span> 
     </span>
     <span class='ocr_line' id='line_1_104' title="bbox 2737 4821 4729 4908; baseline 0.001 -19"><span class='ocrx_word' id='word_1_729' title='bbox 2737 4821 2854 4889; x_wconf 92' lang='lat' dir='ltr'><strong>sed</strong></span> <span class='ocrx_word' id='word_1_730' title='bbox 2888 4843 3169 4907; x_wconf 90' lang='lat' dir='ltr'><strong>quarum</strong></span> <span class='ocrx_word' id='word_1_731' title='bbox 3202 4824 3565 4888; x_wconf 87' lang='lat' dir='ltr'><strong>vanitatem</strong></span> <span class='ocrx_word' id='word_1_732' title='bbox 3599 4822 3896 4888; x_wconf 90' lang='lat' dir='ltr'><strong>refellere</strong></span> <span class='ocrx_word' id='word_1_733' title='bbox 3930 4823 4128 4889; x_wconf 91' lang='lat' dir='ltr'><strong>nimis</strong></span> <span class='ocrx_word' id='word_1_734' title='bbox 4163 4830 4546 4908; x_wconf 91' lang='lat' dir='ltr'><strong>promptum</strong></span> <span class='ocrx_word' id='word_1_735' title='bbox 4579 4830 4729 4890; x_wconf 50' lang='lat' dir='ltr'><strong>est(</strong></span> 
     </span>
     <span class='ocr_line' id='line_1_105' title="bbox 2735 4906 4705 4995; baseline 0.001 -21"><span class='ocrx_word' id='word_1_736' title='bbox 2735 4909 3052 4975; x_wconf 86' lang='lat' dir='ltr'><strong>lnduciae</strong></span> <span class='ocrx_word' id='word_1_737' title='bbox 3087 4907 3169 4974; x_wconf 93' lang='lat' dir='ltr'><strong>de</strong></span> <span class='ocrx_word' id='word_1_738' title='bbox 3204 4910 3440 4992; x_wconf 89' lang='lat' dir='ltr'><strong>quibus</strong></span> <span class='ocrx_word' id='word_1_739' title='bbox 3463 4906 3882 4974; x_wconf 85' lang='lat' dir='ltr'><strong>Schuinfurti</strong></span> <span class='ocrx_word' id='word_1_740' title='bbox 3917 4910 4242 4994; x_wconf 86' lang='lat' dir='ltr'><strong>agitatum</strong></span> <span class='ocrx_word' id='word_1_741' title='bbox 4267 4916 4386 4989; x_wconf 90' lang='lat' dir='ltr'><strong>est,</strong></span> <span class='ocrx_word' id='word_1_742' title='bbox 4427 4920 4496 4976; x_wconf 92' lang='lat' dir='ltr'><strong>et</strong></span> <span class='ocrx_word' id='word_1_743' title='bbox 4529 4931 4705 4995; x_wconf 85' lang='lat' dir='ltr'><strong>quae</strong></span> 
     </span>
     <span class='ocr_line' id='line_1_106' title="bbox 2735 4995 4707 5080; baseline 0.001 -19"><span class='ocrx_word' id='word_1_744' title='bbox 2735 4996 2801 5061; x_wconf 92' lang='lat' dir='ltr'>N</span> <span class='ocrx_word' id='word_1_745' title='bbox 2801 4997 3168 5079; x_wconf 89' lang='lat' dir='ltr'><strong>urnbergae</strong></span> <span class='ocrx_word' id='word_1_746' title='bbox 3203 4995 3490 5078; x_wconf 90' lang='lat' dir='ltr'><strong>primum</strong></span> <span class='ocrx_word' id='word_1_747' title='bbox 3523 5002 3767 5077; x_wconf 88' lang='lat' dir='ltr'><strong>pactae,</strong></span> <span class='ocrx_word' id='word_1_748' title='bbox 3804 4995 4072 5061; x_wconf 91' lang='lat' dir='ltr'><strong>demum</strong></span> <span class='ocrx_word' id='word_1_749' title='bbox 4107 4996 4512 5080; x_wconf 84' lang='lat' dir='ltr'><strong>Ratisponae</strong></span> <span class='ocrx_word' id='word_1_750' title='bbox 4547 5018 4707 5063; x_wconf 92' lang='lat' dir='ltr'><strong>con-</strong></span> 
     </span>
    </p>
   </div>
   <div class='ocr_carea' id='block_1_12' title="bbox 2747 5172 3155 5180">
    <p class='ocr_par' dir='ltr' id='par_1_13' title="bbox 2747 5172 3155 5180">
     <span class='ocr_line' id='line_1_107' title="bbox 2747 5172 3155 5180; baseline 0 881"><span class='ocrx_word' id='word_1_751' title='bbox 2747 5172 3155 5180; x_wconf 95' lang='lat' dir='ltr'><strong> </strong></span> 
     </span>
    </p>
   </div>
   <div class='ocr_carea' id='block_1_13' title="bbox 2736 5286 4703 5427">
    <p class='ocr_par' dir='ltr' id='par_1_14' title="bbox 2736 5286 4703 5427">
     <span class='ocr_line' id='line_1_108' title="bbox 2736 5286 4703 5427; baseline 0.002 -85"><span class='ocrx_word' id='word_1_752' title='bbox 2736 5286 3068 5427; x_wconf 50' lang='lat' dir='ltr'><strong>lwffioe</strong></span> <span class='ocrx_word' id='word_1_753' title='bbox 3101 5287 3298 5356; x_wconf 73' lang='lat' dir='ltr'><strong>leqitur</strong></span> <span class='ocrx_word' id='word_1_754' title='bbox 3331 5287 3393 5341; x_wconf 77' lang='lat' dir='ltr'><strong>in</strong></span> <span class='ocrx_word' id='word_1_755' title='bbox 3427 5292 3577 5344; x_wconf 70' lang='lat' dir='ltr'><strong>tectu</strong></span> <span class='ocrx_word' id='word_1_756' title='bbox 3608 5287 3890 5359; x_wconf 68' lang='lat' dir='ltr'><strong>impresso,</strong></span> <span class='ocrx_word' id='word_1_757' title='bbox 3926 5286 4022 5342; x_wconf 75' lang='lat' dir='ltr'><strong>scd</strong></span> <span class='ocrx_word' id='word_1_758' title='bbox 4056 5287 4257 5358; x_wconf 73' lang='lat' dir='ltr'><strong>absque</strong></span> <span class='ocrx_word' id='word_1_759' title='bbox 4290 5286 4457 5344; x_wconf 68' lang='lat' dir='ltr'><strong>dubio</strong></span> <span class='ocrx_word' id='word_1_760' title='bbox 4489 5287 4703 5346; x_wconf 77' lang='lat' dir='ltr'><strong>Daniae</strong></span> 
     </span>
    </p>
   </div>
   <div class='ocr_carea' id='block_1_14' title="bbox 5057 4814 5067 5746">
    <p class='ocr_par' dir='ltr' id='par_1_15' title="bbox 5057 4814 5067 5746">
     <span class='ocr_line' id='line_1_109' title="bbox 5057 4814 5067 5746; baseline 0 0"><span class='ocrx_word' id='word_1_761' title='bbox 5057 4814 5067 5746; x_wconf 95' lang='lat' dir='ltr'><strong> </strong></span> 
     </span>
    </p>
   </div>
  </div>
 </body>
</html>
