5100 6061
663 421 791 482 407

669 605 986 690 eolligari.
1075 605 1180 668 Ea
1231 608 1455 667 autem
1510 599 1834 684 quomodo
1890 601 1960 663 in
2016 605 2244 664 vestra
2297 604 2486 681 parte
2532 597 2636 664 vel

676 692 930 770 colitur,
975 690 1085 755 vel
1127 686 1500 772 appetitur?
1591 686 1724 751 Ubi
1780 692 1938 749 sunt
1983 691 2237 750 veteres
2292 683 2389 748 illi
2443 704 2636 749 cano-

675 799 826 854 nes,
884 777 1119 859 quibus
1163 775 1370 839 veluti
1426 773 1630 837 frenis
1687 771 1969 853 episcopi
2026 791 2101 836 ac
2151 768 2520 854 presbyteri
2566 770 2635 832 in

675 864 888 928 officio
932 858 1431 926 retinebantur?
1523 854 1862 937 Quomodo
1919 856 2092 939 apud
2137 876 2255 923 vos
2300 856 2638 939 eliguntur

676 947 1008 1032 episcopi?
1071 968 1200 1029 qua
1252 942 1679 1028 probatione?
1738 962 1866 1024 (100
1926 941 2243 1008 censura?
2300 963 2428 1025 qua
2486 940 2636 1004 dili-

679 1032 946 1117 gentia?
1005 1053 1132 1114 qua
1185 1029 1537 1095 cautione?
1629 1026 1971 1107 Quomodo
2025 1028 2286 1092 muneri
2341 1047 2458 1092 suo
2510 1025 2636 1089 ini-

679 1118 974 1185 tiantur?
1031 1138 1159 1200 quo
1215 1114 1484 1180 ordine?
1544 1133 1673 1196 qua
1727 1112 2087 1197 religione?
2178 1115 2466 1177 Tantum
2526 1111 2638 1176 de-

678 1203 997 1289 fungendi
1039 1223 1236 1269 causa
1278 1198 1702 1265 iureiurando
1748 1199 2136 1283 adiguntur,
2195 1219 2265 1262 00
2310 1197 2637 1282 pastorale

679 1311 920 1355 munus
963 1289 1281 1354 obituros:
1344 1287 1458 1351 sed
1514 1285 1579 1349 id
1624 1306 1757 1348 non
1803 1286 1871 1349 in
1917 1285 2151 1362 alium,
2213 1293 2288 1348 ut
2345 1291 2635 1366 apparet,

678 1379 897 1452 finem,
927 1375 1074 1458 ,nisi
1117 1382 1192 1437 ut
1237 1394 1434 1454 super
1477 1372 1608 1437 alia
1652 1371 1902 1453 flagitia
1944 1371 2231 1453 periurio
2268 1391 2522 1452 quoque
2568 1390 2637 1433 se

677 1461 1110 1543 obstringant.
1201 1457 1376 1538 Quia
1434 1478 1588 1540 ergo
1644 1455 2080 1521 ecclesiastiea
2131 1476 2406 1519 munera
2448 1457 2638 1520 inva-

678 1546 892 1611 dendo
935 1551 1325 1628 potestatem
1367 1543 1680 1607 videntur
1722 1543 1846 1606 sibi
1889 1542 2057 1605 inire
2102 1540 2286 1605 nulla
2329 1541 2474 1624 lege
2521 1538 2635 1603 ad-

680 1632 1011 1710 strictam,
1069 1631 1288 1694 omnia
1332 1628 1454 1693 sibi
1500 1629 1569 1691 in
1613 1647 1690 1690 ea
1733 1627 1927 1692 licere
1971 1635 2239 1710 putant:
2295 1633 2370 1690 ut
2428 1623 2637 1691 010111-

679 1718 808 1783 bile
852 1719 965 1797 sit,
1022 1718 1197 1780 inter
1239 1715 1486 1798 piratas
1533 1735 1606 1778 ac
1651 1712 1940 1777 latrones
1985 1711 2136 1796 plus
2180 1733 2321 1776 esse
2365 1713 2525 1777 iuris
2571 1718 2637 1774 et

678 1804 971 1888 politiae,
1016 1802 1358 1884 magisque
1403 1799 1624 1864 valere
1681 1798 1890 1882 leges,
1947 1819 2145 1881 quam
2199 1799 2269 1861 in
2325 1798 2636 1863 universo

676 1898 897 1956 vestro
943 1887 1188 1953 ordine.

849 1973 1179 2054 Quoniam
1205 1977 1424 2034 autem
1460 1968 1541 2033 ad
1577 1976 1948 2034 extremum
1970 1968 2260 2047 inducta,
2297 1989 2463 2050 quae
2486 1988 2637 2031 cau-

675 2082 818 2126 sam
863 2067 1157 2123 nostram
1205 2057 1577 2131 sustineret,
1624 2076 1918 2137 persona,
1965 2076 2085 2118 nos
2121 2054 2328 2118 veluti
2373 2074 2519 2117 reos
2555 2052 2640 2116 ad

673 2147 805 2211 Dei
846 2143 1143 2209 tribunal
1189 2142 1434 2218 citasti,
1480 2161 1600 2224 ego
1646 2162 1802 2204 vero
1845 2140 2004 2204 illuc
2048 2150 2112 2203 te
2157 2162 2287 2204 non
2330 2138 2638 2203 dubitan-

677 2242 782 2295 ter
824 2251 1074 2294 revocO.
1166 2228 1270 2292 Ea
1326 2227 1498 2290 enim
1551 2225 1737 2290 nobis
1797 2232 2056 2290 constat
2111 2225 2444 2289 doctrinae
2488 2246 2638 2289 nos-

678 2325 820 2380 trae
875 2314 1300 2389 conscientia,
1359 2330 1532 2393 quae·
1567 2332 1686 2376 1100
1732 2311 2082 2375 coelestem
2126 2311 2310 2374 illum
2356 2309 2639 2374 iudicem

679 2401 1118 2478 exhorrescat,
1175 2403 1294 2476 [fol.
1324 2403 1432 2476 39]
1489 2418 1529 2460 a
1572 2418 1701 2479 quo
1748 2398 1955 2480 ipsam
2005 2417 2140 2460 11011
2187 2396 2443 2461 dubitat
2485 2417 2637 2479 pro-

681 2486 894 2551 diisse.
985 2484 1145 2548 Illas
1190 2491 1408 2547 autem
1462 2483 1742 2567 ineptias
1797 2482 1969 2547 nihil
2021 2492 2345 2561 moratur,
2403 2483 2638 2564 quibus

678 2571 908 2636 ludere
973 2571 1094 2634 tibi
1159 2569 1435 2651 placuit:
1503 2569 1776 2632 minime
1842 2577 2018 2634 certe
2085 2570 2153 2632 in
2208 2569 2367 2633 1000.
2459 2566 2639 2647 Quid

679 2658 859 2722 0111111
900 2657 1111 2739 magis
1155 2657 1623 2737 importunum,
1670 2675 1870 2736 quam
1913 2655 2027 2719 ubi
2061 2655 2129 2718 in
2166 2655 2295 2719 Dei
2331 2674 2637 2735 conspec-

678 2754 824 2807 tum
869 2750 1146 2807 ventum
1191 2749 1319 2817 est,
1365 2761 1576 2822 nugas
1621 2741 1841 2804 nescio
1887 2761 2047 2823 quas
2089 2740 2521 2817 comminisci,
2571 2747 2639 2803 et

680 2827 1122 2892 defensionem
1175 2825 1361 2891 nobis
1413 2847 1648 2907 parum
1705 2825 2008 2910 idoneam
2064 2827 2409 2909 affingere,
2468 2846 2637 2907 quae

677 2934 832 2977 mox
879 2910 1220 2977 concidat?
1306 2911 1447 2976 Piis
1493 2912 1751 2991 animis,
1799 2912 2052 2994 quoties
2097 2913 2165 2975 in
2206 2917 2497 2975 mentem
2521 2931 2637 2975 ve-

680 2999 780 3064 nit
820 2998 957 3064 dies
1001 2998 1147 3075 ille,
1205 2997 1413 3062 maior
1457 2997 1777 3062 incutitur
1819 2998 2076 3083 religio,
2137 3017 2333 3081 quam
2378 3005 2452 3061 01
2503 2997 2638 3062 11110

678 3088 771 3150 110
815 3085 1019 3149 011000
1066 3084 1346 3148 delitiari
1391 3091 1591 3148 vacet.
1684 3082 1966 3149 Omissis
2027 3104 2183 3167 ergo
2243 3083 2480 3148 delitiis
2537 3088 2636 3146 tae

678 3170 854 3236 libus
890 3170 1061 3235 diem
1105 3169 1297 3233 illum
1334 3190 1407 3234 00
1459 3170 1709 3247 temus,
1756 3170 1938 3235 cuius
1975 3172 2455 3252 exspectatione
2493 3191 2637 3234 sus-

679 3258 867 3339 pensi
908 3277 1167 3337 semper
1209 3276 1351 3319 esse
1442 3255 1638 3319 ebent
1679 3254 2022 3319 hominum
2063 3256 2284 3319 animi.
2354 3256 2453 3320 Ac
2496 3276 2637 3319 me·

677 3339 1087 3419 miherimus,
1134 3361 1268 3404 non
1311 3342 1407 3404 ita
1449 3339 1748 3405 fidelibus
1793 3361 1934 3404 esse
1972 3339 2434 3423 expetendum,
2477 3342 2638 3423 quin

678 3427 972 3510 profanis
1016 3447 1090 3491 00
1135 3426 1466 3490 0001010110
1499 3425 1756 3508 Deique
1801 3427 2358 3509 contemptoribus
2402 3427 2638 3490 merito

679 3511 1110 3577 formidabilis
1155 3533 1296 3575 esse
1342 3509 1592 3576 debeat.
1662 3513 1877 3576 Aures
1914 3513 2281 3595 arrigamus
2328 3511 2410 3576 ad
2444 3512 2639 3576 illum

681 3598 878 3662 tubae
923 3598 1322 3680 clangorem,
1382 3617 1576 3679 quem
1633 3598 1754 3679 ipsi
1799 3618 2049 3680 quoque
2094 3608 2502 3662 mortuorum
2546 3598 2638 3663 ci-

681 3704 874 3749 neres
919 3704 956 3748 e
1012 3682 1330 3764 sepulcris
1389 3683 1523 3747 suis
1577 3682 1947 3747 exaudient.
2038 3684 2300 3748 Montes
2355 3685 2638 3748 animos-

681 3790 810 3852 que
853 3767 1274 3833 intendamus
1329 3769 1397 3831 in
1451 3768 1639 3831 illum
1684 3767 1998 3846 iudicem,
2061 3771 2174 3852 qui
2229 3769 2368 3834 sola
2411 3769 2638 3834 vultus

681 3856 783 3919 sui
828 3854 1266 3919 illustratione
1309 3861 1564 3937 reteget
1606 3853 1917 3936 quidquid
1975 3855 2043 3919 in
2101 3855 2389 3920 tenebris
2445 3855 2636 3919 latet:

681 3941 1026 4022 omniaque
1071 3938 1343 4003 humani
1395 3939 1606 4003 cordis
1657 3961 1895 4005 arcana
1944 3942 2320 4023 patefaciet,
2378 3948 2444 4005 et
2499 3941 2638 4005 solo

683 4026 923 4107 spiritu
968 4027 1098 4090 oris
1144 4034 1435 4109 proteret
1475 4047 1700 4090 omnes
1748 4027 2027 4108 iniquos.
2121 4028 2223 4090 Tu
2268 4048 2443 4091 nunc
2487 4025 2638 4091 vide

686 4111 844 4193 quid
888 4133 1005 4193 pro
1051 4120 1115 4175 te
1161 4132 1236 4174 00
1278 4112 1410 4175 11110
1461 4112 1628 4176 00110
1673 4112 2099 4195 respondeas:
2157 4132 2422 4178 causam
2477 4132 2638 4177 sane

681 4204 998 4273 nostram,
1046 4205 1121 4260 ut
1165 4198 1292 4261 Dei
1338 4198 1617 4262 veritate
1660 4197 1933 4261 suffulta
1978 4206 2106 4275 est,
2169 4199 2264 4262 ita
2306 4199 2481 4262 iusta
2525 4197 2638 4262 de-

679 4282 888 4348 fensio
924 4283 1194 4346 minime
1218 4281 1490 4348 deficiet.
1555 4284 1658 4347 De
1693 4284 1987 4365 personis
2025 4305 2155 4348 non
2194 4283 2438 4366 loquor,
2477 4304 2637 4365 qua-

679 4389 830 4431 rum
885 4361 1061 4432 salus
1119 4391 1251 4431 non
1296 4370 1366 4431 in
1410 4371 1788 4450 patrociniO,
1835 4369 1950 4433 sed
1993 4371 2065 4433 in
2111 4368 2346 4433 humili
2389 4371 2638 4434 confes-

679 4454 864 4517 sione
901 4453 1301 4535 supplicique
1340 4452 1791 4535 deprecatione
1829 4456 2042 4536 posita
2077 4457 2234 4534 erit3
2280 4454 2393 4520 sed
2430 4476 2639 4536 quan-

680 4548 822 4602 tum
869 4537 954 4603 ad
1006 4540 1354 4603 ministerii
1411 4562 1675 4604 causam
1732 4541 1994 4619 attinet,
2057 4560 2251 4605 nemo
2312 4542 2437 4605 erit
2487 4562 2639 4605 nos-

681 4633 879 4703 trum,
927 4625 1040 4708 qui
1085 4646 1219 4688 non
1263 4626 1354 4689 ita
1396 4646 1513 4706 pro
1558 4646 1627 4689 se
1670 4626 1845 4706 loqui
1890 4628 2112 4710 possit.

853 4711 1000 4793 Ego
1045 4710 1308 4792 quidem
1353 4732 1501 4774 sum
1544 4722 1876 4793 expertus,
1924 4713 2229 4790 Domine,
2277 4731 2475 4794 quam
2515 4710 2639 4774 dif-

676 4795 850 4860 ficile
896 4797 986 4861 sit
1022 4818 1095 4861 00
1123 4818 1344 4880 grave,
1392 4798 1716 4861 sustinere
1754 4796 1929 4880 apud
1969 4798 2268 4862 homines
2306 4797 2463 4876 eius,
2509 4818 2640 4880 qua

678 4881 748 4945 in
796 4882 991 4947 terris
1035 4881 1407 4964 premebar,
1464 4885 1895 4948 accusationis
1939 4884 2289 4959 invidiam,
2351 4882 2465 4947 sed
2509 4904 2640 4964 qua

680 4967 923 5032 fiducia
967 4989 1226 5051 semper
1271 4967 1352 5032 ad
1397 4977 1587 5031 tuum
1632 4969 1920 5033 tribunal
1972 4968 2351 5053 provocavi,
2410 4968 2640 5033 eadem

680 5073 858 5118 1111110
903 5074 1125 5119 0010111
1169 5061 1234 5118 10
1279 5073 1590 5137 appareo:
1638 5054 1896 5136 quando
1942 5056 2011 5119 in
2053 5056 2291 5120 iudicio
2335 5061 2449 5119 tuo
2493 5075 2639 5118 eam

678 5138 813 5201 0010
860 5161 1139 5223 regnare
1185 5142 1562 5218 veritatem,
1620 5141 1803 5205 cuius
1859 5161 1981 5224 ego
2039 5141 2277 5207 fiducia
2320 5138 2639 5204 subnixus

679 5223 894 5305 primo
941 5225 1211 5308 aggredi
1256 5248 1453 5291 ausus
1495 5245 1673 5290 sum:
1731 5227 1917 5291 cuius
1973 5228 2296 5309 praesidio
2347 5228 2638 5307 instruc-

673 5318 817 5387 tus,
878 5314 1193 5391 perficere
1232 5314 1444 5395 potui,
1503 5310 1818 5394 quidquid
1862 5333 1902 5376 a
1946 5334 2051 5377 me
2094 5314 2164 5377 in
2209 5320 2323 5376 tua
2367 5312 2640 5378 ecclesia

2413 406 2944 474 RESPONSIO

4559 408 4690 468 408

2740 602 3002 680 gestum
3045 604 3161 660 est.
3250 595 3527 661 Duobus
3577 596 3882 660 maximis
3926 594 4311 659 criminibus
4352 614 4537 657 reum
4581 615 4690 658 me

2739 683 3052 760 fecerunt,
3100 681 3443 746 haereseos
3488 688 3554 745 et
3597 680 3986 744 schismatis.
4067 680 4270 761 Atqui
4300 681 4349 762 ¹)
4395 679 4692 743 haeresis

2738 768 2871 832 illis
2919 769 3070 845 fuit,
3129 768 3300 850 quod
3344 768 3621 848 receptis
3664 768 3838 830 inter
3879 786 3989 831 eos
4035 765 4445 848 dogmatibus
4491 786 4692 829 ausus

2739 875 2885 919 sum
2932 854 3304 918 reclamare.
3370 851 3548 933 Quid
3585 873 3742 917 vero
3786 850 4124 917 fecissem?
4192 849 4563 915 Audiebam
4606 872 4693 914 ex

2740 960 2852 1003 ore
2895 945 3027 1017 tu0,
3074 960 3208 1003 non
3253 939 3448 1003 aliam
3494 958 3635 1003 esse
3678 938 3977 1003 veritatis
4019 937 4262 1012 lucem,
4309 935 4393 1001 ad
4436 937 4693 1000 animas

2741 1032 2999 1090 nostras
3041 1025 3111 1088 111
3136 1024 3315 1089 viam
3336 1024 3515 1089 vitae
3553 1022 3944 1107 dirigendas,
3990 1044 4190 1105 quam
4224 1043 4390 1105 quae
4426 1043 4466 1085 a
4487 1021 4692 1086 verbo

2741 1119 2853 1174 tuo
2876 1109 3358 1176 accenderetur.
3416 1109 3785 1174 Audiebam
3808 1130 3949 1174 esse
3972 1109 4349 1186 vanitatem,
4373 1105 4693 1189 quidquid

2741 1196 2821 1261 de
2857 1204 2972 1260 tua
3006 1197 3365 1272 maiestate,
3414 1195 3495 1259 de
3530 1195 3711 1259 cultu
3748 1195 4039 1259 numinis
4072 1196 4189 1271 tui,
4236 1192 4315 1257 de
4351 1193 4692 1275 religionis

2741 1292 2890 1347 tuae
2924 1282 3257 1366 mysteriis
3291 1281 3670 1363 concipiunt
3691 1301 3730 1343 0
3752 1302 3821 1345 00
3856 1282 4017 1363 ipsis
4051 1280 4378 1343 humanae
4413 1287 4687 1344 mentes.

2745 1367 3109 1432 Audiebam
3155 1367 3542 1450 sacrilegam
3582 1388 3721 1431 esse
3766 1366 4234 1444 temeritatem,
4282 1366 4337 1428 si
4382 1371 4576 1429 natae
4618 1365 4691 1428 in

2743 1454 3086 1517 hominum
3129 1451 3412 1518 cerebris
3458 1452 3789 1516 doctrinae
3833 1474 3951 1535 pro
3991 1452 4191 1517 verbo
4230 1457 4343 1516 tuo
4378 1450 4691 1515 ecclesiae

2740 1541 3142 1623 ingerantur.
3215 1536 3436 1618 Quum
3497 1545 3719 1601 autem
3774 1538 3994 1603 oculos
4045 1537 4128 1602 ad
4182 1537 4482 1601 homines
4534 1557 4691 1600 0011-

2742 1633 3083 1702 vertercm,
3121 1623 3253 1688 illic
3287 1623 3507 1688 omnia
3542 1623 3735 1706 longe
3771 1623 4029 1689 diversa
4064 1623 4483 1706 apparebant.
4552 1620 4691 1701 Qui

2740 1711 2891 1775 fidei
2939 1710 3264 1774 antistites
3311 1708 3737 1786 habebantur,
3786 1711 4057 1775 verbum
4102 1717 4294 1773 tuum
4339 1730 4549 1789 neque
4583 1708 4690 1771 in-

2740 1796 3150 1879 telligebant,
3198 1817 3409 1876 neque
3454 1811 3845 1877 magnopere
3889 1795 4219 1860 curabant.
4258 1873 4267 1884 ,
4308 1794 4689 1876 Peregrinis

2737 1889 2999 1945 tantum
3034 1880 3449 1964 dogmatibus
3494 1881 4022 1964 circumagebant
4063 1881 4371 1945 miseram
4409 1879 4687 1961 plebem,

2741 1987 2817 2030 ac
2857 1967 3072 2031 nescio
3107 1966 3343 2049 quibus
3387 1967 3650 2049 ineptiis
3695 1966 4110 2031 deludebant.
4190 1966 4269 2029 Iu
4317 1965 4504 2048 plebe
4548 1967 4691 2046 ipsa

2743 2074 3003 2118 summa
3037 2053 3223 2117 verbi
3268 2051 3369 2115 tui
3404 2053 3737 2117 veneratio
3772 2059 3931 2130 erat,
3974 2052 4182 2116 velut-i
4228 2073 4366 2115 rem
4402 2052 4696 2116 inacces-

2745 2159 2886 2203 sam
2929 2138 3159 2221 procul
3203 2139 3520 2214 revereri,
3583 2142 3697 2215 [fol.
3739 2143 3845 2216 40]
3890 2139 4156 2202 interim
4202 2138 4282 2201 ab
4328 2138 4509 2200 omni
4555 2136 4696 2200 0100

2742 2225 3166 2306 inquisitione
3222 2224 3567 2288 abstinere.
3646 2223 3831 2287 Haec
3886 2230 4026 2287 tum
4077 2223 4314 2305 supina
4357 2228 4697 2304 pastorum

2743 2309 3063 2387 socordia,
3120 2317 3266 2373 tum
3321 2309 3546 2392 populi
3601 2308 3951 2390 stupiditas
4016 2309 4287 2386 fecerat,
4347 2315 4421 2372 ut
4473 2306 4699 2372 omnia

2740 2395 3512 2488 perniciosisflrroribus,
3557 2394 3936 2473 mendaciis,
3974 2391 4551 2478 superstitionibus
4593 2414 4698 2457 re-

2742 2481 2910 2545 ferta
2953 2493 3190 2545 essent.
3272 2480 3499 2545 Unum
3556 2479 3815 2563 quidem
3861 2488 3930 2544 te
3971 2481 4192 2544 Deum
4249 2478 4696 2557 nominabant,

2744 2566 2858 2631 sed
2914 2587 3109 2648 quam
3184 2567 3517 2631 maiestati
3593 2573 3744 2630 tuae
3812 2566 4090 2649 gloriam
4156 2564 4503 2630 vindicasti
4571 2565 4697 2628 0110

2742 2653 3246 2730 transferentes,
3325 2659 3423 2717 tot
3488 2653 3611 2718 sibi
3667 2652 4040 2735 figurabant
4107 2659 4302 2732 atque
4367 2650 4700 2715 habebant

2744 2737 2926 2815 deos,
2994 2749 3151 2820 quot
3210 2759 3328 2821 pro
3398 2738 3641 2804 sanctis
3706 2737 3916 2803 colere
3971 2737 4295 2803 volebant.
4387 2736 4698 2802 Christus

2742 2832 2898 2889 tuus
2942 2822 3334 2888 adorabatur
3377 2822 3637 2905 quidem
3682 2845 3800 2906 pro
3845 2825 4025 2905 Deo,
4071 2830 4138 2887 et
4182 2824 4536 2888 servatoris
4578 2843 4698 2885 no-

2740 2929 2896 2974 men
2962 2910 3316 2987 retinebat,
3375 2908 3489 2974 sed
3541 2930 3671 2992 qua
3781 2919 3923 2973 arte
3987 2908 4290 2973 honorari
4359 2908 4695 2986 debuerat,

2740 3016 2943 3079 prope
2997 2995 3251 3061 iacebat
3303 2996 3639 3085 inglorius.
3735 2931 3878 3061 gua
3930 2997 4107 3061 enim
4163 2996 4407 3061 virtute
4460 2994 4697 3078 spolia-

2743 3089 2868 3160 tus,
2914 3082 3096 3148 velut
3139 3104 3311 3146 unus
3348 3082 3583 3164 aliquis
3624 3103 3659 3147 e
3705 3083 3922 3166 vulgo,
3964 3084 4035 3145 in
4080 3082 4274 3146 turba
4320 3090 4700 3146 sanctorum

2743 3167 3176 3252 delitescebat.
3254 3168 3463 3232 Nemo
3520 3177 3690 3246 erat,
3745 3170 3857 3251 qui
3928 3169 4195 3233 unicum
4259 3166 4457 3245 illud,
4526 3165 4701 3249 quod

2744 3254 2863 3318 tibi
2920 3255 2990 3318 in
3044 3274 3233 3317 011100
3290 3254 3557 3331 obtulit,
3619 3262 3687 3318 et
3729 3275 3856 3336 quo
3899 3275 4019 3319 nos
4062 3252 4179 3316 tibi
4232 3252 4699 3330 reconciliavit,

2742 3340 3132 3405 sacrificium
3187 3360 3343 3405 vere
3413 3348 3747 3422 reputaret
3758 3364 3773 3418 3
3851 3361 4045 3404 nemo
4112 3340 4222 3421 qui
4289 3338 4368 3402 de
4429 3347 4700 3403 aeterno

2743 3426 2883 3490 eius
2944 3425 3329 3504 sacerdotio,
3387 3432 3455 3490 et
3499 3446 3668 3508 quae
3723 3424 3875 3490 111110
3928 3423 4173 3509 pendet
4214 3425 4699 3502 intercessione,

2740 3510 2850 3575 vel
2892 3532 3013 3594 per
3054 3511 3379 3576 somnium
3425 3512 3774 3595 cogitaret;
3827 3533 4049 3589 nem0,
4108 3511 4221 3592 qui
4265 3512 4335 3574 in
4377 3531 4513 3574 una
4554 3512 4701 3574 eius

2742 3598 2995 3662 iustitia
3038 3598 3493 3679 acquiesceret.
3576 3598 3704 3660 Illa
3745 3618 3900 3662 vero
3947 3596 4176 3661 salutis
4218 3597 4483 3673 fiducia,
4531 3616 4700 3679 quae

2743 3684 2947 3747 verbo
2993 3690 3105 3746 tuo
3150 3688 3218 3747 et
3261 3684 3657 3766 praecipitur
3679 3689 3748 3747 et
3773 3682 4109 3758 fundatur,
4152 3683 4288 3746 fere
4311 3689 4694 3748 evanuerat.

2745 3768 2928 3849 Quin
2973 3767 3043 3832 id
3096 3776 3238 3833 erat
3287 3770 3500 3832 instar
3541 3769 3786 3834 oraculi
3841 3776 4208 3851 receptum,
4267 3767 4508 3832 stultae
4551 3789 4698 3833 esse

2745 3855 3175 3937 arrogantiae,
3222 3860 3304 3932 et,
3352 3864 3427 3918 ut
3469 3855 3594 3936 ipsi
3631 3855 4081 3936 loquebantur,
4125 3854 4698 3936 praesumptionis,

2746 3940 2803 4004 si
2826 3940 2973 4023 quis
3009 3948 3125 4003 tua
3161 3939 3566 4024 benignitate
3602 3939 3851 4023 filiique
3886 3942 3984 4005 tui
4019 3940 4271 4004 iustitia
4291 3940 4516 4018 fretus,
4554 3961 4699 4003 cer-

2743 4033 2881 4090 tam
2925 4046 2999 4091 ac
3043 4025 3441 4108 intrepidam
3498 4025 3730 4091 salutis
3774 4046 3956 4110 spem
4001 4027 4386 4108 conciperet.
4477 4026 4701 4089 Erant

2742 4112 3051 4194 profanae
3087 4112 3426 4194 opiniones
3462 4134 3590 4176 non
3627 4132 3891 4194 paucae,
3928 4134 4093 4195 quae
4132 4111 4346 4193 prima
4380 4112 4521 4175 eius
4543 4109 4699 4174 doc-

2744 4198 2987 4275 trinae,
3045 4219 3240 4279 quam
3299 4198 3486 4263 nobis
3529 4198 3729 4262 verbo
3786 4208 3900 4261 tuo
3956 4197 4313 4274 tradidisti,
4372 4196 4615 4279 placita
4658 4217 4702 4260 a

2744 4284 2964 4349 radice
3008 4284 3484 4347 subverterent.
3555 4282 3740 4347 Sana
3782 4305 4034 4366 quoque
4075 4282 4378 4366 baptismi
4426 4303 4699 4347 coenae-

2745 4390 2873 4451 que
2914 4369 3350 4452 intelligentia
3405 4369 3703 4451 plurimis
3758 4370 4115 4434 mendaciis
4170 4377 4479 4451 corrupta
4535 4375 4698 4432 erat.

2743 4455 2889 4518 Iam
2936 4475 3089 4518 vero
3134 4476 3335 4536 quum
3380 4476 3637 4531 omnes,
3697 4478 3826 4518 non
3884 4456 4025 4520 sine
4070 4456 4259 4539 gravi
4303 4463 4453 4518 tuae
4497 4455 4700 4519 mise—

2744 4539 3060 4604 ricordiae
3104 4541 3516 4618 contumelia,
3565 4540 3872 4606 fiduciam
3914 4542 3986 4605 in
4020 4540 4207 4606 bonis
4243 4540 4546 4623 operibus
4581 4562 4700 4623 po·

2652 4632 2659 4637 “
2745 4635 3008 4703 11010111,
3074 4648 3277 4708 quum
3337 4628 3525 4691 bonis
3571 4627 3875 4709 operibus
3919 4627 4205 4711 gratiam
4249 4635 4432 4690 tuam
4477 4626 4699 4691 deme—

2746 4712 2894 4789 reri,
2940 4733 3147 4794 quum
3192 4714 3508 4776 iustitiam
3554 4714 3678 4777 sibi
3722 4733 4123 4795 comparare,
4184 4734 4385 4796 quum
4427 4722 4702 4795 peccata.

2745 4797 3030 4879 expiare,
3067 4819 3269 4881 quum
3307 4799 3424 4863 tibi
3455 4798 3828 4863 satisfacere
3865 4799 4318 4863 adniterentur
4340 4797 4535 4880 (quae
4558 4798 4702 4862 sin-

2746 4883 2901 4967 gula
2923 4885 3235 4948 virtutem
3259 4885 3465 4948 crucis
3491 4884 3744 4947 Christi
3779 4885 4133 4949 obliterant
4154 4906 4228 4950 00
4250 4884 4697 4965 exinaniunt),

2745 4990 2912 5051 quae
2957 4977 3177 5034 tamen
3223 4978 3441 5035 essent
3486 4970 3655 5035 bona
3700 4992 3929 5052 opera,
3982 4992 4250 5053 prorsus
4294 4969 4696 5035 nesciebant.

2744 5055 3029 5120 Perinde
3071 5056 3280 5134 enim,
3339 5076 3413 5121 ac
3465 5056 3519 5119 si
3575 5055 3846 5120 minime
3895 5056 3978 5120 ad
4033 5057 4351 5122 iustitiam
4393 5056 4537 5140 lege
4580 5061 4702 5119 tua

2886 5330 2945 5394 1)
2983 5330 3163 5397 Atqui,
3203 5327 3356 5385 1539.
3394 5328 3545 5384 1540.
3623 5328 3844 5384 Gallus.-
3878 5330 4037 5384 Mais.
4114 5328 4351 5384 Caeteri:
4385 5329 4581 5397 Atque.
