5100 6061
666 447 819 513 XII
1846 436 2392 511 'PRAO'DATUS
2437 435 3025 505 THEOLOGIGI
3067 380 3510 507 MJNORES.

676 637 850 718 bam,
893 635 1145 719 scalpam
1186 652 1373 698 suam
1414 635 1808 715 aqnoscerent
1847 629 2169 710 aliamque
2207 629 2456 694 annino
2497 627 2747 693 vivendi
2784 628 3090 693 rationem
3130 627 3470 693 inemtdaon
3512 649 3644 696 esse
3682 630 4044 712 faterentur,
4099 636 4154 697 et
4201 651 4274 697 re
4323 633 4471 714 ipsa
4511 632 4691 700 Ultri-

672 748 916 813 stianos
956 767 1026 812 se
1066 747 1137 811 in
1166 748 1485 827 posterum
1515 741 1896 824 praeberent.
1984 740 2135 805 Alii
2173 739 2299 804 sibi
2338 738 2749 822 indulqentes,
2803 743 3122 804 cxternmn
3163 738 3476 805 idolormn
3517 741 3750 807 cultum
3779 742 4189 824 pervicaciter
4229 763 4551 826 excusare,
4592 751 4688 811 at-

677 879 795 941 que
835 857 1213 924 horrendum
1251 855 1457 921 scelus
1495 854 1683 920 vanis
1721 852 2025 920 coloribus
2065 850 2358 917 obducere
2398 870 2521 915 non
2561 851 2942 915 destiterunt.
3036 849 3444 932 Quamobrem
3484 854 3743 935 saepius
3783 853 4063 919 ineunda
4103 854 4251 921 haec
4279 875 4505 939 puqna
4542 856 4689 938 fuit,

677 970 951 1051 aliisque
992 967 1180 1034 libris
1208 967 1672 1046 ostendendum,
1717 984 1909 1048 quam
1954 966 2176 1030 inanes
2217 961 2522 1027 eiusmodi
2564 962 2796 1028 colores
2835 967 3047 1028 essent.
3134 961 3447 1027 Exortum
3490 970 3579 1030 est
3619 965 3842 1031 deinde
3885 965 4067 1032 aliud
4119 966 4346 1033 bellum
4387 967 4692 1034 adversus

677 1080 1153 1162 Anabaptistas,
1196 1099 1464 1160 quorum
1502 1079 1795 1161 doqmata
1826 1077 2027 1157 prius
2063 1073 2311 1156 sepulta
2363 1092 2596 1139 rursus
2652 1080 3051 1139 emerserant.-
3104 1076 3251 1140 item
3306 1074 3611 1141 adversus
3661 1077 4006 1158 fanaticam
4049 1077 4514 1144 Liber-tinorum
4566 1099 4690 1145 sec-

679 1197 827 1271 tam,
869 1212 998 1273 qua
1040 1192 1199 1256 leves
1239 1190 1544 1273 quaedam
1582 1194 1937 1254 nostrorum
1978 1207 2053 1251 ac
2094 1184 2440 1281 vicinorum
2478 1190 2713 1251 mentes
2764 1186 3047 1268 abreptae
3101 1193 3296 1252 erant.
3382 1186 3637 1253 Horum
3688 1190 4072 1270 impietatem
4113 1208 4188 1253 ac
4228 1191 4554 1255 vesaniam
4593 1192 4689 1256 ita

661 1304 981 1386 patefecit,
1024 1308 1096 1367 ut
1136 1322 1327 1382 nem0,
1369 1301 1501 1366 nisi
1541 1300 1878 1367 admodum
1919 1297 2112 1377 hebeS,
2153 1296 2232 1362 ab
2273 1298 2363 1362 iis
2392 1302 2614 1378 postea
2652 1297 2809 1379 falli
2838 1303 3068 1378 posset.
3160 1296 3286 1365 Sed
3338 1319 3414 1364 ne
3466 1300 3706 1384 lonqior
3746 1301 3871 1365 sim
3911 1302 4364 1383 persequendis
4414 1301 4689 1386 sinqulis

681 1434 846 1497 quae
884 1416 971 1481 ad
1012 1413 1478 1496 reformandam
1519 1411 1861 1489 ecclesiam,
1916 1410 2002 1476 ad
2054 1408 2420 1474 imbuendos
2450 1411 2578 1490 pia
2616 1409 2902 1474 doctrina
2941 1410 3204 1476 rudium
3257 1411 3530 1491 animos,
3584 1414 3671 1478 ad
3711 1413 4017 1479 scandala
4071 1412 4363 1493 vitanda,
4418 1413 4503 1478 ad
4543 1413 4686 1479 tole-

674 1527 953 1592 randam
995 1546 1231 1591 crucem
1244 1577 1259 1604 ‚
1316 1526 1406 1589 ad
1446 1523 1737 1589 curiosas
1777 1527 1946 1587 artes
1998 1520 2401 1600 reiiciendas,
2456 1521 2722 1602 denique
2764 1522 2850 1587 ad
2887 1522 3374 1587 conservandum
3423 1524 3749 1608 reliqionis
3800 1530 4033 1591 statum
4083 1524 4187 1592 his
4242 1524 4426 1591 libris
4476 1532 4688 1606 aperte

666 1637 1056 1720 fideliterque
1096 1638 1334 1715 docuit,
1385 1655 1462 1700 ex
1505 1653 1722 1698 eorum
1765 1633 2042 1712 lectione,
2086 1653 2279 1714 quam
2318 1631 2505 1697 utiles
2545 1652 2620 1697 ac
2657 1632 2969 1713 fructuosi
3009 1633 3166 1714 sint,
3218 1635 3446 1701 melius
3485 1635 3805 1720 intelliges.
3895 1635 4029 1702 Eos
4082 1635 4333 1719 quidem
4364 1636 4686 1718 pleniores

672 1754 856 1831 atque
896 1749 1215 1815 uberiores
1268 1746 1489 1812 habere
1529 1746 1878 1827 potuisses,
1932 1746 1996 1810 si
2050 1745 2281 1811 iterum
2335 1744 2471 1824 ipse
2522 1763 2782 1809 manum
2835 1743 3251 1811 adhibuisset:
3303 1746 3414 1812 sed
3464 1748 3680 1829 quales
3741 1748 3818 1813 ab
3871 1748 4058 1813 initio
4096 1748 4475 1830 prodierunt
4525 1770 4685 1817 nunc

671 1861 861 1926 etiam
904 1866 1150 1925 exstare
1193 1858 1437 1936 maluit,
1480 1876 1673 1938 quum
1713 1857 1805 1921 iis
1838 1877 2005 1938 pure
2046 1877 2120 1922 ac
2150 1855 2488 1938 perspicue
2539 1856 2755 1921 omnia
2805 1861 3158 1922 tractentur.
3247 1859 3380 1925 Nec
3430 1879 3583 1924 sane
3631 1861 3771 1925 viro
3820 1861 4227 1944 qravsssimis
4275 1861 4457 1926 rebus
4514 1881 4686 1927 occu-

659 1978 816 2054 pato
856 1971 1207 2054 importuni
1245 1990 1377 2035 esse
1416 1969 1753 2047 voluimus,
1806 1973 1877 2034 ut
1917 1989 1990 2033 ea
2018 1970 2261 2032 'rursus
2302 1971 2596 2033 tractaret
2636 1988 2797 2053 quae
2829 1969 2968 2033 iam
2998 1968 3361 2050 fidelissime
3415 1970 3798 2038 tradidisset.
3889 1971 4066 2036 Nam
4119 1973 4369 2037 maiora
4425 1974 4493 2039 in
4545 1973 4683 2039 dies

671 2083 752 2149 ab
797 2084 941 2165 ipso
997 2088 1439 2163 exspectamus.
1526 2064 1807 2147 Accessit
1850 2081 2038 2145 etiam
2089 2078 2256 2145 bisce
2310 2077 2526 2151 diebus
2566 2080 2869 2161 perutilis
2907 2100 2983 2146 ac
3022 2080 3415 2147 necessarius
3471 2081 3627 2148 liber
3668 2081 3778 2147 De
3813 2088 4067 2149 aeterna
4100 2084 4687 2167 praedestinatione,

672 2195 750 2259 de
791 2213 919 2276 qua
960 2194 1182 2259 variae
1223 2195 1613 2276 quaestiones
1654 2198 1788 2257 tum
1824 2214 1868 2257 a
1909 2191 2149 2257 levibus
2203 2197 2259 2256 et
2309 2191 2583 2257 curiosis
2635 2191 2934 2276 inqeniis,
2988 2198 3121 2258 tum
3176 2192 3254 2258 ab
3310 2193 3589 2259 hostibus
3635 2192 3806 2259 verbi
3861 2196 4137 2278 aqitatae
4186 2197 4457 2278 fuerunt.
4562 2196 4689 2262 Vix
4727 2224 4734 2233 ·

674 2310 837 2372 certe.
871 2306 1087 2387 ipsum
1126 2304 1236 2372 hoc
1277 2311 1544 2388 tempore
1586 2304 1872 2369 editurus
1914 2308 2072 2383 erat,
2128 2305 2261 2369 nisi
2301 2304 2580 2369 insolens
2619 2304 2781 2369 male
2817 2304 3037 2386 feriati
3087 2305 3421 2371 cuiusdam
3475 2306 3717 2371 erronis
3758 2308 4086 2387 protervia
4141 2327 4281 2372 cum
4321 2310 4686 2389 pepulisset.

681 2416 928 2482 Tantus
967 2417 1134 2482 enim
1172 2422 1307 2482 erat
1343 2418 1622 2482 omnium
1662 2415 2062 2482 ecclesiarum
2099 2435 2428 2481 consensus
2467 2417 2541 2481 in
2583 2415 2701 2481 hac
2750 2417 3030 2482 doctrina
3043 2468 3058 2496 ,
3113 2422 3185 2481 ut
3236 2418 3372 2482 eius
3425 2419 3781 2502 arqumenti
3837 2420 4120 2485 tractatio
4175 2439 4300 2485 non
4351 2420 4687 2487 admodum

672 2529 1031 2596 necessaria
1070 2528 1399 2595 videretur.
1494 2528 1619 2595 Sed
1660 2548 1855 2610 quum
1896 2526 1999 2592 bic
2039 2529 2342 2610 impostor
2381 2529 2712 2608 erroribus,
2756 2548 2909 2610 quos
2948 2549 3027 2594 ex
3057 2530 3315 2611 putidis
3355 2529 3614 2614 Georqii
3659 2527 3865 2596 Siculi
3906 2535 3962 2595 et
4000 2529 4221 2613 Piqbii
4255 2529 4502 2598 lacunis
4534 2531 4688 2597 bau-

673 2644 862 2718 serat,
908 2641 1226 2707 ecclesiam
1267 2647 1543 2707 nostram
1585 2640 1907 2719 turbasset,
1950 2639 2165 2705 statim
2209 2640 2458 2704 obviam
2499 2640 2773 2706 eundum
2811 2641 2964 2725 fuit,
3021 2645 3205 2722 atque
3245 2642 3403 2706 edito
3439 2642 3636 2706 unius
3675 2661 3871 2706 manu
3910 2647 4192 2707 nostrum
4235 2644 4511 2708 omnium
4552 2662 4688 2707 con-

674 2772 865 2818 sensu
906 2752 1394 2833 monstrandum,
1437 2753 1594 2835 quid
1635 2753 1708 2817 in
1749 2751 1866 2817 bac
1906 2772 1978 2816 re
2004 2752 2145 2833 piis
2186 2751 2470 2816 omnibus
2510 2772 2588 2816 ex
2628 2753 2980 2837 scripturae
3028 2754 3359 2820 autoritate
3410 2753 3798 2819 sentiendum
3850 2755 3963 2819 sit.-
4013 2759 4086 2819 ut
4139 2760 4197 2820 et
4247 2775 4448 2820 vanas
4500 2774 4686 2837 quae-

676 2865 907 2929 stiones
945 2866 1135 2929 vitent
1174 2870 1231 2929 et
1270 2869 1515 2929 aeterno
1559 2863 1688 2930 Dei
1730 2864 1994 2929 consilio
2035 2862 2316 2929 tribuant
2366 2865 2531 2944 quod
2584 2871 2949 2948 arroqantes
2991 2870 3047 2930 et
3087 2866 3238 2930 vani
3283 2864 3559 2930 homines
3611 2866 3809 2949 impio
3830 2871 4162 2947 praetextu
4203 2866 4686 2933 detraherenon

678 2976 1063 3043 dubitarunt.
1154 2974 1279 3042 Sed
1320 2977 1391 3041 in
1432 2976 1726 3042 scelerato
1768 2995 1984 3042 eorum
2038 2980 2261 3042 conatu
2312 2975 2636 3061 beniqnam
2689 2996 2837 3060 erqa
2888 2998 3005 3043 nos
3047 2976 3177 3042 Dei
3221 2978 3687 3061 providentiam
3741 2998 4180 3062 aqnoscamus,
4233 3000 4363 3061 qua
4411 2980 4685 3061 effectum

616 3144 628 3162 ,
677 3096 772 3155 est
811 3094 881 3153 ut
922 3090 1200 3156 maxime
1230 3089 1599 3170 prodessent
1636 3109 1712 3154 ea
1752 3087 1982 3171 quibus
2021 3089 2135 3153 isti
2175 3108 2244 3153 sc
2284 3089 2561 3153 manime
2615 3109 2828 3155 nocere
2869 3110 3061 3190 posse
3113 3091 3566 3155 existimarunt.
3659 3090 3833 3155 Nam
3887 3091 4164 3169 clariora
4217 3097 4277 3155 et
4329 3091 4686 3156 illustriora

671 3201 921 3267 reddita
961 3207 1114 3266 sunt
1153 3221 1316 3283 quae
1358 3202 1493 3266 iam
1522 3201 1784 3282 pridem
1824 3198 2057 3265 multas
2082 3200 2347 3281 piorum
2389 3201 2633 3283 alioqui
2673 3200 2996 3268 bominum
3048 3207 3280 3268 mentes
3334 3202 3802 3285 implicuerunt,
3854 3207 4038 3284 atque
4091 3204 4340 3268 omnino
4391 3201 4687 3283 satisfac-

668 3313 806 3377 tum
846 3313 937 3378 iis
979 3332 1241 3394 quorum
1280 3332 1476 3379 sanae
1516 3332 1591 3378 ac
1632 3310 1879 3377 sobriae
1915 3316 2146 3377 mentes
2187 3318 2379 3379 erant.
2474 3312 2832 3380 Pervicaces
2874 3315 3042 3379 enm
3081 3333 3474 3380 acmorosos
3514 3319 3629 3378 aut
3676 3313 4041 3395 fastidiosos
4090 3313 4399 3395 homines,
4458 3314 4685 3396 quibus

670 3423 885 3490 nullae
936 3424 1340 3506 satisfaciunt
1389 3423 1483 3490 vel
1540 3425 1976 3507 apertissimae
2028 3427 2325 3505 rationes,
2379 3425 2545 3490 nibil
2596 3431 2685 3491 est
2735 3426 2899 3508 quod
2947 3446 3277 3491 moremur.
3370 3424 3544 3505 Piis,
3599 3425 3916 3505 modestis,
3959 3424 4243 3507 placidis
4300 3446 4373 3491 ac
4424 3426 4685 3492 minime

598 3581 603 3594 ι
670 3538 1062 3604 contentiosis
1104 3538 1253 3604 haec
1293 3537 1505 3605 omnia
1546 3537 1788 3619 scripta
1819 3540 1982 3617 sunt,
2026 3537 2137 3619 qui
2176 3539 2254 3618 si,
2297 3542 2369 3603 ut
2404 3538 2685 3622 inteqras
2719 3543 2949 3604 mentes
2989 3537 3127 3604 Deo
3167 3537 3432 3620 offerunt
3470 3543 3543 3602 ut
3583 3538 3642 3601 ei
3683 3537 3756 3602 in
3797 3536 4154 3620 obsequium
4209 3538 4536 3619 addicant,
4589 3539 4684 3604 ita

667 3649 912 3733 inteqro
957 3639 1031 3714 et
1054 3650 1319 3716 candido
1361 3651 1447 3715 ad
1481 3647 1631 3715 baec
1671 3649 1886 3714 animo
1931 3651 2323 3729 accesserint,
2375 3671 2670 3735 maqnam
2708 3651 2982 3733 profecto
3036 3670 3114 3715 ex
3164 3648 3268 3715 bis
3322 3648 3550 3715 libellis
3601 3648 4128 3730 confirmationem
4177 3649 4683 3733 uben-imumque

669 3762 949 3843 fncctwm
978 3762 1347 3846 percipient.
1442 3761 1663 3827 Valete.
1755 3761 2053 3841 Genevae,
2084 3762 2305 3843 pridie
2350 3761 2479 3828 Gal.
2518 3761 2715 3827 Mart.
2754 3761 2849 3828 M.
2870 3760 2957 3827 D.
2984 3761 3146 3827 LII.

975 3987 1086 4051 Ex
1129 3985 1256 4051 1188
1298 3983 1580 4052 Gallasii
1621 3985 2027 4068 praefatione
2060 3993 2242 4072 patet
2274 3986 2494 4069 ipsum
2527 3985 2889 4052 Calvinum
2930 3973 3331 4056 collectionis
3365 3984 3832 4068 opusculorum
3863 4003 4136 4049 suorum
4167 3984 4444 4050 iunctim
4478 3981 4679 4049 eden-

668 4096 904 4163 dorum
948 4119 1161 4182 neque
1204 4118 1541 4164 suasorem
1580 4118 1792 4181 neque
1833 4104 2202 4182 curatorem
2243 4098 2464 4164 fuisse.
2552 4098 2832 4164 Laboris
2883 4098 3194 4163 meritum
3235 4097 3362 4163 sibi
3404 4095 3528 4162 soli
3581 4095 3794 4161 editor
3837 4094 4128 4162 tribuere
4169 4093 4447 4174 videtur,
4500 4101 4680 4162 certe

668 4209 1118 4276 disertissimis
1163 4208 1382 4276 verbis
1426 4209 1740 4288 affirmat,
1787 4217 2084 4275 autorem
2126 4230 2538 4293 nequaquam
2578 4231 2854 4275 manum
2897 4209 3080 4293 operi
3123 4207 3529 4286 adhibuisse,
3584 4207 3699 4272 sed
3740 4206 4052 4273 maluisse
4094 4227 4245 4273 suos
4285 4206 4542 4273 libellos
4585 4208 4681 4273 818

660 4319 892 4386 recudi
938 4321 1162 4404 quales
1203 4322 1493 4404 primum
1534 4320 1916 4406 prodierint.
2007 4320 2174 4386 Inde
2217 4324 2509 4405 sequitur
2550 4343 2671 4388 nos
2712 4341 2972 4414 quoque
3013 4320 3086 4385 111
3123 4327 3314 4386 textu
3355 4318 3731 4386 authentico
3774 4317 4225 4385 constituendo
4242 4369 4259 4399 ,
4303 4318 4680 4403 ubicunque

662 4432 735 4498 id
777 4432 925 4498 fieri
967 4433 1224 4515 poterit,
1270 4432 1589 4499 editiones
1632 4433 1978 4516 primarias
2024 4432 2206 4498 adire
2258 4434 2469 4517 iisque
2523 4434 2716 4499 unice
2773 4434 2869 4498 uti
2912 4432 3146 4499 debere
3189 4431 3262 4497 in
3305 4430 3768 4510 diiudicandis,
3827 4432 3884 4496 si
3936 4451 4103 4513 quae
4129 4431 4431 4510 'fuerint‚
4475 4429 4679 4495 variis

654 4544 1066 4611 lectionibus.
2132 4583 2139 4592 -

972 4656 1400 4722 Tractamum
1444 4655 1625 4721 tituli
1657 4657 1728 4720 in
1763 4656 2058 4742 catalogo
2093 4657 2275 4742 operi
2309 4658 2603 4740 praefixo
2637 4664 3066 4723 recensentur
3099 4656 3343 4741 viginti
3386 4677 3548 4740 quos
3590 4655 3700 4721 hic
3741 4656 4035 4739 integros
4073 4653 4435 4721 describere
4474 4655 4675 4734 lubet,

660 4769 936 4854 posthac
989 4766 1189 4834 81111111
1233 4769 1570 4834 8888818118
1613 4766 1833 4833 oblata
1882 4769 2095 4853 magis
2139 4767 2599 4851 compendiose
2643 4767 3110 4854 designandos:
3190 4768 3245 4833 Ι.
3296 4767 4135 4853 Psychopannychia,
4179 4788 4311 4850 qua
4350 4763 4679 4844 refiellitur

663 4879 1079 4964 quorundam
1142 4880 1600 4964 imperitorum
1664 4901 1848 4945 error
1911 4880 2025 4962 qui
2078 4881 2332 4945 animas
2386 4886 2533 4963 post
2585 4889 2867 4947 mortem
2913 4900 3121 4963 usque
3173 4878 3260 4944 ad
3314 4877 3624 4943 ultimum
3686 4878 4003 4945 iudicium
4075 4878 4358 4943 dormire
4411 4883 4674 4960 putant.

663 4992 757 5059 Π.
814 4990 1244 5076 Epistulae
1286 4990 1519 5056 duae:
1573 4991 1798 5071 Prior,
1860 4991 1939 5057 de
1983 4992 2309 5077 fugiendis
2367 4992 2722 5074 impiorum
2763 4993 3009 5057 illicitis
3053 4992 3257 5058 sacris
3300 4999 3369 5055 et
3411 4991 3702 5074 puritate
3746 4989 4137 5057 christianae
4179 4986 4515 5071 religionis
4558 4988 4673 5055 ob-

659 5103 1007 5172 servanda.
1110 5104 1372 5182 Altera,
1430 5102 1511 5168 de
1565 5101 1910 5169 christiani
1962 5104 2249 5170 hominis
2305 5104 2516 5171 officio
2575 5106 2646 5169 in
2699 5104 3076 5170 sacerdotiis
3130 5101 3381 5188 papalis
3445 5102 3753 5169 ecclesiae
3808 5104 3914 5169 vel
3969 5098 4508 5166 administrandis
4564 5099 4675 5166 vel

660 5215 1059 5283 abiiciendis.
1148 5216 1277 5281 III.
1344 5213 1615 5280 Iacobi
1660 5213 1710 5280 S
1725 5213 1904 5279 adol
1919 5216 2031 5280 eti
2075 5218 2333 5282 romani
2373 5214 2746 5283 cardinalis
2788 5214 3062 5299 epistola
3103 5214 3188 5280 ad
3231 5223 3534 5280 senatum
3574 5215 4016 5299 populumque
4059 5231 4499 5295 genevensem
4540 5232 4678 5295 qua

657 5332 731 5396 111
773 5327 1217 5396 obedientiam
1254 5326 1507 5393 romani
1549 5326 1893 5393 Pontificis
1948 5348 2057 5393 eos
2112 5328 2422 5394 reducere
2472 5334 2766 5393 conatur.
2853 5327 3029 5394 Oum
3071 5327 3162 5392 Io.
3210 5325 3474 5394 Calvini
3518 5327 3601 5393 ad
3644 5347 3790 5392 eam
3833 5323 4180 5406 epistolam
4227 5323 4672 5407 responsione.
