5100 6061
372 408 489 467 117

547 594 860 665 Tardiora
896 597 1139 674 ayentcs
1173 590 1477 692 iumenta]
1538 592 1791 674 Nempe
1842 592 2060 656 asinos
2108 598 2176 656 et
2208 592 2321 656 bo-

368 699 514 747 ves:
551 679 848 763 quamvis
884 678 1004 743 hos
1040 679 1159 743 sub
1204 679 1649 743 iumentormn
1691 680 1957 743 nomine
2000 678 2322 742 contineri

371 788 504 832 non
549 765 879 849 putaverit
903 763 1246 864 Ulpianus
1289 764 1806 829 iurisconsultus.
1900 762 2035 829 Sed
2081 764 2137 827 si
2182 770 2323 847 ety-

369 852 723 950 mologiam
745 850 1074 932 respicias,
1100 850 1268 915 nihil
1290 849 1592 932 prohibet
1626 851 1780 932 quin
1818 850 2111 915 iumenta
2147 860 2324 914 recte

366 940 494 1005 dici
542 937 810 1021 possint,
858 936 994 1000 sive
1039 957 1078 999 a
1120 935 1429 1036 iugando,
1474 944 1552 1001 ut
1593 936 1803 1002 voluit
1844 935 2079 1013 Varro,
2125 957 2242 1000 seu
2285 956 2325 998 a

366 1024 681 1099 iuvando,
727 1031 803 1087 ut
855 1021 965 1085 alii
1012 1023 1420 1105 grammatici
1479 1021 1739 1100 docent,
1784 1041 2021 1086 nomen
2086 1020 2323 1086 deduc-

370 1119 513 1176 tum
549 1111 650 1175 sit.

538 1192 920 1279 Detrectare]
964 1194 1048 1257 In
1084 1195 1231 1259 aliis
1269 1193 1753 1277 exemplaribus
1789 1193 2032 1276 legitur
2069 1192 2323 1258 detruc-

367 1294 526 1348 tare.
611 1282 910 1363 Utraque
969 1280 1158 1344 lectio
1216 1280 1415 1363 recipi
1471 1288 1701 1362 potest.
1790 1279 1963 1342 Nam
2023 1281 2324 1362 quamvis

369 1369 736 1435 detrectare
779 1367 1183 1448 frequentius
1229 1366 1315 1430 sit
1354 1368 1425 1429 in
1471 1367 1601 1430 ista
1644 1364 2118 1448 significatione
2136 1417 2150 1442 ,
2197 1365 2323 1431 hoc

368 1464 594 1521 tamen
639 1455 833 1518 etiam
881 1453 1225 1534 reperitur.
1316 1451 1651 1535 Vergilius
1697 1450 1939 1534 Georg.
1987 1450 2153 1515 111.:

516 1563 628 1612 Aut
662 1559 786 1625 iuga
822 1555 1131 1609 detractans
1169 1554 1432 1608 interdum
1469 1570 1606 1623 quae
1646 1555 1849 1622 optima
1887 1569 2069 1608 cornu.

365 1644 638 1717 Curtius
678 1643 845 1707 libro
888 1641 1042 1705 IX.:
1090 1640 1273 1705 Nihil
1317 1638 1487 1722 quod
1531 1641 1884 1723 imperaret
1927 1638 2319 1718 detractam,

368 1731 639 1795 biduum
686 1727 860 1812 apud
898 1748 1052 1791 eum
1096 1727 1401 1792 substitit.
1952 1780 1957 1785 .
2166 1781 2171 1787 .

371 2046 519 2120 [pag.
564 2040 710 2115 109]
1068 2036 1372 2101 CAPUT
1414 2035 1642 2100 xvn.

549 2193 818 2258 Nullum
861 2190 1103 2255 animal
1137 2190 1446 2253 morosius
1490 2194 1594 2267 est,
1636 2190 1879 2254 nullum
1912 2191 2151 2254 maiore
2188 2195 2323 2253 arte

368 2279 782 2354 tractandum,
807 2297 996 2358 quam
1030 2277 1221 2354 homo,
1258 2275 1421 2339 nulli
1455 2276 1660 2359 mayis
1683 2276 2089 2356 parcendum.
2156 2275 2321 2356 Quid

373 2367 542 2431 enim
603 2364 886 2440 stultius,
945 2383 1133 2444 quam
1176 2363 1245 2425 in
1301 2362 1598 2425 iumentis
1649 2362 1897 2443 quidem
1952 2366 2008 2425 et
2062 2360 2322 2426 canibus

370 2452 745 2529 erubescere,
804 2451 972 2513 iram
1028 2468 1331 2525 exercere,
1379 2448 1664 2528 pessima
1718 2454 1919 2511 autem
1984 2447 2323 2513 conditione

366 2539 676 2607 hominem
711 2536 887 2599 esse?
959 2533 1201 2599 Morbis
1236 2533 1577 2610 medemur,
1615 2554 1723 2599 nec
1759 2534 2116 2598 irascimur
2207 2532 2323 2596 At-

367 2626 480 2707 qui
525 2628 582 2686 et
623 2622 723 2685 bic
768 2620 1016 2686 morbus
1057 2626 1145 2684 est
1187 2619 1406 2697 animi,
1452 2584 1695 2684 mollem
1736 2620 2112 2684 medicinam
2161 2620 2323 2683 desi-

330 2772 341 2781 ,
367 2712 565 2787 derat,
590 2710 693 2790 ips
698 2728 918 2788 umque
942 2708 1273 2770 medentem
1294 2706 1552 2769 minime
1573 2705 1869 2786 infestum
1891 2726 2091 2788 acyro.
2153 2704 2323 2769 Mali

367 2795 596 2860 medici
634 2800 723 2859 est
743 2795 1072 2873 desperare
1105 2813 1182 2855 ne
1204 2796 1384 2855 curet.
1446 2791 1623 2855 Idem
1659 2792 1726 2855 in
1753 2791 1855 2855 leis
1890 2812 2153 2873 quorum
2176 2792 2319 2854 ani-

365 2904 511 2946 mus
546 2882 800 2962 affectus
824 2883 927 2956 est,
961 2880 1165 2959 facere
1188 2878 1417 2943 debebit
1452 2878 1555 2941 cui
1585 2877 1820 2942 tradita
1836 2877 2013 2942 salus
2043 2878 2320 2941 omnium

366 2973 490 3034 est:
530 2988 652 3030 non
696 2966 814 3030 cito
856 2986 1026 3046 spem
1056 2965 1396 3045 proiieere,
1442 2984 1550 3027 nec
1584 2963 1907 3045 mortifera
1948 2963 2132 3046 siyna
2172 2983 2320 3046 pro-

366 3055 687 3120 nunciare.
780 3053 1070 3117 Luctetur
1114 3071 1253 3114 cum
1294 3051 1501 3129 vitiis,
1538 3052 1808 3130 resistat,
1852 3051 2004 3115 aliis
2038 3051 2319 3114 morbum

366 3161 557 3206 suum
593 3138 929 3220 exprolnet,
967 3137 1267 3218 quosdam
1309 3136 1507 3200 morbi
1544 3137 1859 3201 curatione
1901 3136 2318 3226 (1011111101,οἰ-

366 3229 497 3292 tius
540 3225 895 3304 meliusque
948 3228 1295 3289 sanaturus
1348 3223 1640 3287 remediis
1679 3221 2060 3304 fallentibus.
2147 3221 2319 3305 Ayat

354 3314 663 3395 princeps
694 3331 909 3374 curam
946 3331 1068 3373 non
1104 3314 1342 3372 tantum
1376 3308 1618 3387 salutis,
1659 3309 1766 3373 sed
1810 3310 1999 3374 ctiam
2034 3309 2320 3373 honestae

368 3397 693 3463 cicatricis.
786 3395 976 3460 Nulli
1015 3396 1145 3474 reoi
1176 3396 1384 3477 yloria
1430 3400 1518 3458 est
1560 3415 1637 3457 ex
1681 3415 1869 3459 saeva
1926 3394 2321 3460 animadver-

368 3487 557 3550 sione.
655 3482 810 3563 Quis
851 3483 1015 3547 enim
1057 3479 1297 3546 dubitat
1328 3480 1563 3562 posse?
1631 3480 1722 3544 At
1763 3485 1975 3545 contra
2017 3482 2318 3558 maxima,

368 3573 428 3635 si
466 3571 596 3634 vim
638 3580 822 3631 suam
864 3568 1134 3644 eontinet,
1171 3569 1231 3630 si
1269 3568 1496 3631 multos
1536 3568 1673 3630 irae
1708 3568 1948 3632 alienae
1981 3567 2184 3646 eripit,
2219 3586 2319 3630 ne-

370 3658 600 3720 minem
633 3675 788 3718 suae
829 3654 1148 3734 impendit.
1683 3681 1693 3689 ·

548 3775 817 3838 Nullum
869 3772 1136 3859 animal]
1198 3772 1536 3852 clausula,
1597 3794 1726 3854 qua
1780 3777 1931 3854 apte
1986 3773 2318 3870 superiora

370 3861 848 3937 clauderentur,
896 3860 950 3923 si
986 3881 1139 3922 mox
1176 3867 1605 3940 sequerentur
1638 3880 1717 3922 ea
1763 3879 1928 3941 quae
1980 3857 2059 3922 de
2107 3857 2318 3923 servis

374 3947 565 4030 paulo
620 3955 767 4027 post
809 3946 1123 4023 subiiciet.
1215 3943 1435 4024 Quum
1492 3946 1666 4008 enim
1724 3945 1794 4008 in
1837 3944 2319 4026 comparatione

373 4033 754 4097 animalium
782 4031 1024 4095 diversi
1048 4052 1308 4114 genens
1329 4031 1490 4094 111ud
1535 4031 1929 4108 conveniret,
1967 4030 2133 4093 nulli
2177 4052 2318 4094 ma-

374 4119 473 4202 gis
519 4118 919 4217 parcendum
964 4139 1157 4198 quam
1215 4116 1494 4194 homini,
1541 4125 1683 4180 erat
1736 4125 1804 4180 et
1854 4081 2018 4180 111υά
2074 4116 2317 4181 adden-

373 4205 547 4282 dum,
593 4206 793 4268 etiam
833 4203 1006 4267 inter
1050 4202 1353 4267 homines
1394 4203 1556 4266 nulli
1604 4204 1814 4285 magis
1856 4222 2051 4284 quam
2094 4202 2316 4268 libero.

370 4291 567 4357 Nunc
607 4290 927 4372 quaedam
971 4289 1286 4354 admiscet
1338 4289 1609 4352 minime
1662 4289 1799 4355 loco
1858 4289 2094 4387 posita:
2153 4308 2319 4371 quae

373 4378 428 4440 si
486 4378 554 4441 in
608 4377 812 4440 alium
866 4375 1077 4440 locum
1136 4375 1522 4450 distulisset,
1588 4376 1830 4458 optime
1880 4373 2312 4456 quadrarent.

371 4463 557 4527 Haec
601 4483 757 4544 ergo
803 4462 1194 4544 accipiamus
1240 4463 1424 4544 quasi
1483 4461 1655 4526 dicta
1708 4462 1853 4525 sint
1896 4482 2013 4543 per
2069 4460 2317 4544 digres-

364 4549 640 4614 sionem.

544 4634 795 4698 Morbis
827 4632 1166 4719 medemur]
1218 4633 1424 4714 Quasi
1467 4633 1729 4710 diceret,
1774 4655 1979 4716 quum
2013 4633 2318 4716 princeps

366 4721 565 4786 alicui
602 4740 879 4803 poenam
916 4720 1176 4802 infligit,
1223 4741 1355 4784 non
1398 4720 1594 4785 aliam
1639 4741 1905 4785 causam
1946 4718 2319 4801 praetendit

366 4807 501 4872 nisi
545 4805 719 4889 quod
758 4807 852 4871 sic
896 4806 1243 4889 corrigitur
1286 4805 1633 4870 hominum
1676 4807 1992 4888 pravitaS,
2040 4804 2152 4887 qui
2198 4804 2316 4868 ali-

366 4906 476 4957 ter
519 4891 833 4958 cohiberi¹
864 4914 990 4956 non
1045 4901 1348 4975 possunt:
1411 4891 1581 4976 quod
1635 4900 1904 4956 curatur
1956 4891 2140 4956 61066
2196 4912 2316 4973 pu-

366 4979 630 5056 blicum,
670 4977 842 5060 quod
885 4980 1179 5043 membra
1205 4980 1506 5044 morbosa
1530 4978 2022 5055 abscinduntur,
2068 4998 2152 5041 ne
2176 4996 2315 5041 ma-

367 5067 510 5129 lum
545 5067 612 5129 in
653 5074 858 5128 totum
895 5086 1129 5148 corpus
1169 5071 1405 5146 serpat.
1473 5065 1675 5145 Atqui
1713 5072 1778 5128 et
1812 5085 1957 5129 eam
1992 5063 2317 5128 rationem

366 5159 733 5251 sequuntur
776 5150 1026 5216 medici.
1115 5150 1257 5214 Imo
1302 5151 1520 5214 verius
1562 5151 1866 5249 princeps
1905 5149 2174 5234 quidam
2216 5155 2316 5213 est

368 5238 573 5303 animi
596 5236 919 5303 medicus:
955 5258 1156 5320 quum
1179 5235 1444 5300 morbus
1476 5236 1679 5298 animi
1710 5237 1799 5299 sit
1833 5237 2085 5302 vitium.
2154 5234 2314 5298 Imi-

366 5331 597 5388 tentur
632 5345 785 5406 ergo
822 5324 1146 5406 principes
1183 5323 1385 5387 bonos
1420 5319 1722 5397 medicos,
1761 5323 1871 5405 qui
1908 5344 2039 5387 non
2075 5321 2311 5386 intem-

1554 403 1846 469 Lmnn
1889 401 1944 467 1.
2034 402 2337 470 estur
2381 403 2574 540 xvi.
2633 370 2861 471 x'vn.
2930 405 3197 471 xvm.

4273 415 4398 475 118

2430 531 2740 674 pei-anter
2775 615 3006 678 aegros
3042 595 3363 679 affligunt,
3412 597 3522 679 qui
3568 596 3790 662 faciles
3835 599 4204 663 curationes
4247 600 4387 681 pri-

2432 700 2614 742 mum
2651 680 3020 758 admovent,
3063 690 3130 746 et
3171 682 3468 747 fallentia
3510 681 3818 759 remedia,
3865 704 3988 748 nec
4030 684 4144 749 des
4194 697 4386 750 erant

2374 763 2742 845 quamdiu
2778 732 3022 848 aliquid
3055 772 3310 832 tentare
3345 776 3636 850 possunt.
3726 769 3978 835 Morbis
4013 792 4120 835 me
4167 779 4382 848 entur,

2430 869 2565 912 nou
2610 850 2998 916 irascuntur.

2610 936 2884 1016 Quorum
2928 940 3182 1004 animus
3225 941 3486 1021 affectus
3510 938 3638 1089 est}
3683 939 3763 1003 Id
3818 951 3920 1005 est
3973 942 4143 1005 male
4198 941 4385 1041 habi-

2429 1027 2540 1084 tus
2565 1026 2633 1084 et
2653 1022 2822 1086 male
2860 1022 3229 1106 dispositus,
3269 1032 3345 1088 ut
3377 1026 3576 1108 vulgo
3636 1034 3986 1124 oquuntur.
4057 1026 4170 1094 Sic
4207 1028 4387 1092 enim

2428 1105 2702 1172 affectus
2745 1108 2881 1173 fere
2926 1109 3238 1192 accipitur
3279 1116 3425 1189 [pag.
3480 1126 3504 1174 1
3523 1116 3627 1190 10]
3685 1112 3753 1176 16
3814 1113 4059 1177 malam
4111 1121 4387 1196 partem,

2429 1212 2631 1273 quum
2677 1207 2778 1258 est
2820 1195 2964 1259 sine
3021 1194 3286 1261 adiecto.
3375 1197 3612 1263 Livius
3666 1197 3834 1262 libro
3889 1198 4044 1263 IX.:
4104 1198 4188 1264 In
4244 1220 4387 1264 cor-

2429 1297 2585 1358 pore
2630 1292 2850 1345 tamen
2894 1281 3125 1345 affecto
3166 1283 3430 1364 vigebat
3472 1284 3572 1349 vis
3617 1283 3817 1348 61111111
3862 1285 4259 1384 consiliique.

2613 1367 2743 1432 Nec
2787 1366 3112 1448 mortifera
3145 1365 3360 1452 siqua]
3409 1368 3667 1433 Alludit
3709 1367 3793 1433 ad
3845 1372 4186 1471 praesagia
4241 1393 4382 1436 me-

2430 1455 2758 1532 dicorum,
2806 1454 3040 1537 quibus
3099 1462 3342 1517 certam
3387 1460 3664 1519 mortem
3709 1457 4168 1537 praenunciari
4225 1457 4385 1522 scri-

2428 1541 2610 1607 bunt.
4411 1538 4412 1547 ἵ

3025 1938 3030 1945 „
3106 1863 3410 1931 CAPUT
3457 1864 3722 1931 xvm.

2606 2019 2823 2084 Servis
2856 2018 3168 2101 imperare
3198 2019 3532 2099 moderate,
3568 2019 3714 2084 laus
3754 2026 3875 2085 est:
3920 2024 3978 2083 et
4030 2023 4099 2084 in
4153 2023 4386 2087 manci-

2416 2110 2536 2186 pio
2580 2106 2971 2189 coyitandum
3016 2110 3121 2182 est,
3181 2126 3302 2171 non
3357 2111 3663 2186 quantum
3711 2106 3874 2171 illud
3932 2108 4187 2187 impune
4233 2109 4379 2189 pati

2416 2193 2652 2271 possit,
2697 2191 2807 2255 sed
2842 2196 3148 2271 quantum
3191 2192 3304 2255 tibi
3341 2193 3665 2271 permittat
3719 2193 3907 2273 aequi
3953 2191 4214 2274 bonique
4266 2214 4383 2259 na-

2430 2283 2596 2354 tura,
2632 2298 2792 2358 quae
2823 2297 3085 2359 parcere
3127 2278 3315 2341 etiam
3356 2278 3622 2359 captivis
3657 2284 3714 2342 et
3738 2279 3949 2357 pretio
3984 2279 4242 2360 paratis
4284 2281 4383 2343 iu-

2427 2363 2534 2427 bet.
2632 2364 2874 2444 Quanto
2909 2364 3141 2427 iustius
3173 2362 3278 2427 liis
3319 2363 3496 2443 iubet,
3538 2368 3706 2427 tanto
3752 2365 3985 2429 iustius
4029 2364 4385 2430 hominibus

2424 2449 2656 2527 liberiS,
2699 2450 3008 2532 inqenuis.
3050 2449 3334 2525 honestis,
3379 2470 3503 2513 non
3544 2455 3613 2512 ut
3657 2450 3998 2534 mancipiis
4039 2450 4231 2529 abuti,
4275 2452 4387 2517 sed

2424 2535 2527 2599 his
2571 2555 2723 2615 quos
2753 2535 2962 2617 yradu
3005 2535 3343 2612 antecedas
3391 2556 3770 2616 quorumque
3813 2536 3927 2599 tibi
3973 2558 4098 2601 non
4143 2538 4384 2603 tradita

2423 2623 2705 2698 servituS,
2743 2621 2850 2684 sed
2886 2622 3098 2685 tutela.
3192 2620 3404 2685 Servis
3438 2621 3525 2684 ad
3557 2626 3831 2687 statuam
3866 2622 4004 2685 licet
4037 2622 4383 2706 confuqere,

2423 2727 2619 2787 quum
2651 2707 2719 2769 in
2754 2726 3002 2770 servum
3036 2708 3244 2770 omnia
3284 2708 3516 2771 liceant.
3608 2706 3726 2770 Est
3769 2707 4021 2787 aliquid
4063 2709 4225 2788 quod
4281 2708 4385 2773 bo—

2421 2793 2586 2856 mini
2619 2793 2690 2855 in
2731 2792 3036 2857 hominem
3079 2793 3275 2871 licere,
3319 2813 3634 2857 commune
3671 2793 3778 2855 ius
3820 2794 4246 2857 animantium
4284 2816 4383 2859 ve-

2423 2884 2517 2943 tet.
2612 2878 2768 2959 Quis
2811 2898 2928 2941 non
2993 2877 3253 2941 Vedium
3303 2877 3644 2942 Pollionem
3675 2880 3867 2957 peius
3911 2879 4143 2956 oderat,
4186 2900 4383 2959 quam

2421 2965 2588 3029 servi
2622 2966 2744 3044 sui,
2779 2965 2941 3046 quod
2981 2984 3320 3027 muraenas
3361 2966 3669 3047 sanquine
3712 2965 3984 3027 humano
4026 2966 4380 3047 saginabat,

2423 3058 2479 3115 et
2520 3071 2622 3115 eos
2663 3052 2772 3132 qui
2829 3071 2896 3115 se
2951 3051 3198 3131 aliquid
3241 3052 3646 3132 offenderant,
3705 3052 3774 3114 in
3827 3051 4174 3130 vivarium,
4220 3051 4379 3133 quid

2423 3137 2604 3201 aliud
2647 3158 2837 3217 quam
2878 3137 3290 3217 serpentibuS,
3350 3137 3535 3201 obiici
3589 3136 3880 3201 iubebat?
3974 3136 4026 3201 O
4068 3136 4380 3202 hominem

2422 3223 2595 3288 mille
2626 3223 2931 3288 mortibus
2971 3224 3246 3305 dignum,
3291 3223 3419 3287 sive
3459 3223 3842 3288 devorandos
3882 3242 4093 3287 servos
4136 3221 4382 3287 obiicie-

2424 3311 2527 3374 bat
2569 3311 2916 3390 muraenis,
2969 3330 3127 3390 quas
3183 3330 3408 3374 esurus
3462 3315 3632 3374 erat.-
3673 3311 3804 3373 sive
3862 3309 3932 3372 in
3978 3308 4086 3373 hoc
4137 3312 4383 3374 tantum

2423 3396 2576 3461 illas
2607 3394 2823 3472 alebat,
2861 3400 2932 3459 ut
2964 3396 3056 3459 sic
3091 3397 3298 3460 aleret.
3395 3395 3923 3477 Quemadmodum
3967 3394 4208 3460 domini
4241 3415 4386 3461 cru-

2423 3481 2587 3546 deles
2620 3487 2744 3545 tota
2784 3483 3029 3546 civitate
3072 3487 3627 3546 commonstrantur
3670 3482 3984 3562 invisique
4028 3486 4082 3545 et
4115 3482 4381 3546 detesta-

2422 3568 2574 3633 biles
2613 3571 2784 3646 sunt,
2830 3568 2922 3630 ita
2965 3588 3182 3649 reyum
3224 3573 3281 3632 et
3323 3568 3571 3632 iniuria
3614 3568 3809 3633 latius
3851 3572 4062 3648 patet,
4111 3573 4169 3632 et
4213 3567 4383 3649 infa-

2421 3653 2558 3718 mia
2592 3658 2771 3733 atque
2804 3654 3019 3717 odium
3052 3654 3322 3718 saeculis
3354 3655 3646 3719 traditur.
3735 3654 3977 3735 Quanto
4013 3659 4220 3719 autem
4254 3674 4382 3718 non

2421 3741 2601 3804 nasci
2640 3739 2863 3803 melius
2912 3738 3064 3820 fuit,
3121 3758 3311 3819 quam
3352 3741 3681 3805 numerari
3722 3741 3884 3804 inter
3909 3740 4158 3821 publico
4218 3739 4389 3804 malo

2422 3825 2651 3890 natos?

2598 3948 2663 4011 A
2693 3944 2926 4008 maiori
2962 3942 3043 4008 ad
3077 3944 3326 4008 minus:
3366 3943 3440 4010 Si
3475 3967 3607 4010 non
3630 3946 3851 4010 omnia
3881 3945 4086 4009 licent
4116 3942 4383 4009 domino

2424 4033 2497 4095 in
2533 4052 2819 4108 servum,
2857 4051 3013 4113 ergo
3048 4050 3169 4095 nec
3202 4032 3485 4114 principi
3525 4032 3595 4096 in
3631 4031 3979 4096 subditum.
4051 4028 4165 4095 Sic
4202 4031 4384 4095 enim

2424 4117 2618 4182 debet
2652 4081 2958 4181 dominus
3002 4138 3191 4181 servo
3231 4117 3585 4199 imperare,
3624 4125 3699 4181 ut
3749 4117 4016 4181 interim
4073 4128 4387 4200 agnoscat

2423 4203 2774 4269 hominem.
2868 4200 2983 4268 Sic
3017 4203 3321 4289 princeps
3368 4202 3688 4266 dominari
3728 4201 4004 4279 subdite,
4051 4209 4128 4266 ut
4170 4201 4383 4267 homi-

2422 4311 2576 4355 nem
2613 4295 2926 4373 agnoscat
2959 4297 3025 4353 et
3058 4278 3352 4353 liberum.
3414 4289 3478 4352 A
3512 4289 3781 4352 minori.
3828 4287 3905 4353 81
3941 4287 4188 4354 domini
4233 4309 4385 4353 cru-

2425 4376 2622 4454 (16106,
2665 4396 2943 4474 quorum
2979 4373 3328 4441 crudelitas
3363 4374 3639 4457 privatis
3683 4373 4040 4456 parietibus
4085 4375 4382 4439 contine-

2424 4470 2564 4538 tur,
2611 4469 2746 4526 tota
2788 4461 3054 4527 civitate
3107 4465 3732 4526 commonstrantur:
3792 4481 4025 4544 regum
4081 4460 4379 4536 saevitia,

2425 4570 2592 4631 quae
2627 4548 2698 4611 in
2734 4546 3006 4648 populos
3043 4559 3401 4624 exercetur,
3440 4548 3511 4610 in
3557 4547 3797 4631 vulgus
3843 4547 4105 4611 infamis
4150 4555 4268 4623 est,
4313 4556 4381 4609 et

2422 4633 2506 4699 ad
2548 4633 2951 4717 posteritatis
2995 4654 3247 4715 quoque
3292 4634 3674 4697 memoriam
3719 4632 4031 4698 dimanat.

2599 4719 2814 4785 Servis
2856 4721 3165 4801 imperare
3205 4716 3540 4805 moderate]
3584 4720 3711 4784 Est
3766 4721 3969 4785 etiam
4026 4739 4185 4802 erga
4226 4718 4380 4781 infi-

2419 4828 2607 4871 mum
2629 4806 2969 4869 hominum
2992 4825 3204 4887 genus
3225 4804 3550 4871 servanda
3583 4806 3854 4884 iustitia,
3875 4805 4094 4887 inquit
4128 4802 4377 4869 Cicero.

2418 4893 2514 4957 Hi
2559 4899 2714 4957 sunt
2755 4891 2955 4970 servi,
3004 4891 3237 4972 quibus
3289 4892 3385 4956 uti
3431 4892 3597 4956 bene
3652 4891 3915 4974 quidam
3968 4890 4382 4989 praecipiunt

2418 4986 2494 5042 ut
2536 4977 2974 5056 mercenariis,
3013 4975 3096 5040 ad
3140 4976 3495 5061 exigendas
3532 4999 3790 5061 operas,
3854 4986 3922 5041 et
3979 4977 4150 5041 iusta
4192 4996 4381 5059 prae-

2418 5063 2669 5131 standa.
2758 5063 2951 5128 Plato
2985 5083 3240 5147 quoque
3276 5064 3346 5128 in
3383 5064 3500 5128 VI.
3543 5063 3623 5129 de
3659 5062 4048 5146 Republica:
4088 5062 4232 5139 Est,
4279 5063 4381 5126 111-

2419 5151 2577 5233 quit,
2615 5159 2796 5214 recta
2817 5170 3158 5214 servorum
3193 5149 3508 5228 educatio,
3549 5158 3624 5214 ut
3666 5150 3850 5213 nulla
3873 5148 4003 5213 illis
4049 5157 4385 5213 contume-

2417 5236 2505 5300 lia
2561 5236 2899 5314 inferatur,
2933 5237 3301 5320 iniuriaque
3326 5237 3408 5301 iis
3433 5236 3641 5301 multo
3669 5237 3908 5312 minus,
3949 5235 4003 5299 si
4040 5235 4183 5300 fieri
4229 5255 4380 5318 pos-

2418 5324 2504 5388 sit
2520 5373 2535 5400 ,
2584 5343 2780 5405 quam
2817 5322 3196 5405 aequalibus
3240 5320 3596 5388 inferenda.
3686 5320 3929 5387 Modus
3983 5331 4207 5387 tamen
4262 5321 4381 5387 ad-

3902 5424 3967 5477 8*
4214 5417 4221 5424 ⁸
