5100 6061
1966 431 2701 502 PROLEGOMENA.
4079 446 4337 516 XXIII

330 619 520 700 cipue
564 617 954 699 incubueris,
1009 625 1075 683 ut
1119 621 1189 683 in
1233 638 1412 700 opere
1455 620 1565 685 illo
1608 618 1873 685 Domini
1909 619 2252 688 laborantes
2292 624 2493 703 tavae,
2560 625 2749 707 (quod
2787 625 3075 707 futurum
3120 627 3400 714 confido),
3458 636 3572 696 aad
3624 631 3740 697 illa
3780 640 4058 700 mon-swa
4099 658 4177 702 ne
4216 640 4336 704 im-

323 730 717 812 pressionem
770 730 1021 812 quidem
1066 733 1352 812 primam
1403 730 1815 812 sustinebunt,
1867 737 1980 797 aut
2020 754 2138 814 quo
2179 735 2575 816 pertinacius
2623 737 2964 802 restiterint
2977 788 2993 818 ‚
3050 758 3117 802 eo
3155 738 3581 822 yloriosiorem
3624 764 3701 808 ex
3743 745 3836 810 eis
3877 748 4202 813 victoriam
4242 771 4337 814 re-

329 841 639 925 portabis.
727 840 904 907 Haec
954 862 1097 924 spes
1137 864 1213 909 ne
1253 864 1367 909 nos
1404 843 1618 926 fallat,
1664 843 2109 910 Illustrissime
2155 844 2462 929 Princeps
2477 898 2492 926 ‚
2552 851 2607 911 et
2660 854 2732 912 ut
2771 846 3226 914 Excellentiam
3269 855 3440 915 tuam
3480 855 4016 922 sanctissimorum
4057 865 4335 927 votorum

324 953 499 1018 brevi
543 959 879 1035 compotem
921 955 1260 1035 videamini,
1302 954 1512 1021 Deum
1563 954 1700 1038 Opt.
1740 954 1922 1021 Max.
1952 976 2192 1041 precor.
2269 956 2571 1038 Genevae,
2622 957 2693 1022 X
2707 958 2862 1024 VII.
2905 959 3150 1039 Martii,
3192 961 3382 1026 Anno
3416 962 3682 1031 Domini
3720 965 3814 1032 M.
3859 966 3946 1034 D.
3993 968 4207 1035 LXX
4219 971 4334 1038 VI.

1344 1104 1351 1115 ι
3093 1087 3464 1144 Eoeoenovuiaae
3497 1097 3625 1146 tuae
3658 1093 4028 1151 deditissimus

3314 1199 3628 1258 sseodom
3664 1203 3831 1261 Besa.

650 1399 971 1484 Superest
1024 1410 1099 1468 ut
1154 1402 1370 1467 Bezae
1425 1401 1807 1467 methodum
1864 1411 1932 1467 et
1987 1404 2313 1468 rationem
2369 1404 2441 1468 in
2496 1404 2868 1488 digerendis
2919 1412 3316 1472 tractatuum
3374 1408 3688 1475 classibus
3742 1410 3860 1476 tibi
3904 1412 4331 1485 declaremus.

329 1515 522 1581 Duas
566 1535 792 1579 eorum
830 1523 1052 1599 partes
1095 1515 1442 1599 primarias
1479 1513 1821 1580 constituit
1860 1536 2140 1598 quarum
2185 1515 2374 1580 alteri
2415 1514 2487 1578 τὰ
2531 1514 2863 1595 maamad,
2909 1518 3102 1582 alteri
3143 1518 3214 1581 τὰ
3258 1519 3558 1600 ἐλεγκτικά
3603 1514 3852 1587 tribuit.
3941 1524 4136 1591 Prior
4176 1549 4332 1610 pars

332 1634 477 1693 octo
527 1625 760 1692 titulos
806 1626 1285 1709 complectit-ur,
1337 1646 1530 1709 quos,
1586 1649 1670 1691 ne
1711 1626 2100 1708 prolixiores
2143 1627 2382 1706 simus,
2427 1628 2506 1691 iis
2550 1629 2845 1694 numeris
2888 1629 3124 1712 quibus
3171 1651 3372 1713 supra
3415 1652 3526 1698 eos
3569 1633 4060 1717 insignivimus,
4106 1636 4331 1706 addita

328 1737 817 1821 compendiaria
859 1737 1282 1822 inscriptione
1324 1737 1789 1803 indicabimus:
1854 1738 1975 1805 IV.
2023 1737 2306 1805 Coena.
2395 1739 2478 1803 V.
2528 1739 3030 1823 Epinicion.·
3081 1740 3200 1806 VI.
3249 1740 3846 1809 Oatechismus.
3934 1745 4093 1812 VH.
4136 1749 4328 1815 For-

325 1851 555 1916 mula
597 1860 1313 1916 sacramentorum.
1404 1848 1528 1913 XI.
1571 1849 2070 1915 Exhortatio
2114 1850 2208 1915 ad
2252 1848 2695 1915 Caesarem.
2785 1851 2980 1917 XIX.
3025 1851 3447 1919 Scandala.
3519 1852 3857 1921 XXXIX.
3901 1855 4330 1926 Confessio

326 1963 764 2047 gallicana.
870 1960 1087 2043 Quam
1155 1959 1489 2046 praecedit
1542 1959 1693 2025 XL.
1750 1960 2135 2026 Formula
2187 1962 2729 2028 confessionis
2784 1963 2981 2028 fidei
3036 1964 3159 2029 cui
3218 1986 3300 2029 se
3360 1964 3884 2051 adstringere
3935 1974 4330 2036 tenentur

323 2095 611 2140 omnes
666 2072 1021 2139 studiosi
1077 2073 1455 2159 publicae
1507 2072 1828 2139 scholae
1894 2075 2399 2157 genevensis.
2497 2073 2731 2140 Altera
2785 2075 2985 2141 sectio
3042 2074 3287 2158 scripta
3338 2076 3655 2160 polemica
3710 2078 4004 2145 continet
4046 2100 4329 2163 quorum

330 2208 650 2253 numerus
720 2185 932 2251 multo
985 2191 1194 2254 maior
1248 2195 1350 2251 est
1401 2206 1521 2268 pro
1577 2192 1815 2249 natura
1864 2205 2087 2250 rerum
2132 2192 2198 2250 et
2253 2184 2507 2250 saeculi
2550 2186 2730 2251 illius
2786 2187 3072 2271 ingenie.
3159 2187 3346 2254 Haec
3387 2189 3567 2253 Beza
3617 2208 3756 2254 non
3809 2190 4213 2258 incommode
4255 2194 4328 2259 in

335 2305 594 2381 septem
648 2298 889 2364 classes
946 2293 1293 2363 distribuit.
1392 2295 1694 2379 Quarum
1744 2298 1958 2381 prima
2010 2317 2088 2361 ea
2141 2297 2341 2362 refert
2393 2317 2560 2381 quae
2615 2295 2930 2363 adversus
2982 2300 3285 2383 Papistas
3329 2300 3508 2366 edita
3549 2308 3731 2379 sunt,
3789 2301 3925 2368 scil.
3972 2301 4099 2367 ΠΙ.
4146 2324 4186 2367 a
4200 2303 4243 2368 d
4258 2327 4319 2370 v.

333 2408 834 2476 Sadoletum.
924 2408 1119 2474 VIII.
1167 2407 1338 2475 adv.
1375 2408 1771 2492 Pighium.
1860 2407 1985 2474 IX.
2048 2407 2214 2476 adv.
2258 2408 2600 2474 Paulum
2640 2410 2718 2475 P.
2763 2410 2845 2474 R.
2935 2407 3024 2474 X.
3080 2410 3253 2477 adv.
3310 2410 3732 2496 theologos
3773 2412 4319 2482 Parisienses.

328 2519 532 2588 XIII.
603 2521 694 2586 de
748 2520 1164 2604 Reliquiis
1218 2519 1721 2588 Sanctorum.
1831 2519 1983 2584 XV.
2052 2520 2217 2586 adv.
2276 2518 2692 2605 Synodum
2761 2519 3355 2588 Tridentinam.
3465 2522 3657 2589 XVI.
3715 2524 3885 2590 adv.
3944 2524 4318 2593 Interim.

316 2632 666 2700 XXXIII.
715 2632 879 2699 adv.
926 2633 1462 2717 versipellem
1502 2633 2037 2699 mediatorem.
2126 2632 2459 2699 XXXIV.
2505 2632 2998 2698 etXXXVIII.
3046 2633 3212 2701 adv.
3259 2633 3773 2701 Balduinum.
3838 2635 4105 2702 XXXI.
4144 2637 4320 2706 adv.

324 2744 413 2812 G.
461 2743 553 2809 de
596 2742 985 2830 Saconay.
1076 2745 1341 2811 XXIX.
1390 2744 1559 2810 adv.
1605 2746 1781 2810 Ant.
1829 2744 2386 2811 Oathalanum.
2476 2741 2787 2809 Secunda
2829 2752 2931 2809 est
2972 2745 3287 2812 adversus
3322 2747 3794 2830 Anabaptistas
3834 2753 3902 2812 et
3940 2747 4321 2816 Libertinos

321 2864 394 2923 et
439 2855 666 2923 habet:
733 2856 788 2921 I.
833 2856 1718 2942 Psychopannychiam
1760 2864 1827 2922 et
1864 2856 2024 2922 XII.
2082 2864 2215 2923 tres
2256 2855 2510 2922 libellos
2562 2856 2702 2922 eius
2755 2858 3126 2941 argumenti
3168 2879 3209 2922 a
3253 2857 3553 2925 Gallasio
3596 2857 3755 2928 olim
3796 2858 3867 2924 in
3911 2880 4120 2925 unum
4163 2881 4321 2926 con-

326 2970 535 3035 flatos.
627 2968 854 3034 Tertia
907 2967 1288 3035 inscribitur
1341 2968 1655 3053 adversus
1706 2946 2339 3037 Pseudonicodemos
2393 2975 2460 3034 et
2502 2967 2624 3034 sibi
2666 2968 2984 3035 vindicat:
3049 2968 3140 3034 Π.
3192 2969 3612 3054 Epistolas
3657 2969 3701 3036 d
3725 2992 3866 3038 uas
3907 2970 4001 3036 de
4046 2972 4319 3039 sacris

320 3082 775 3165 papisticis.
865 3080 1056 3146 XIV.
1100 3083 1219 3147 De
1264 3080 1631 3148 vitandis
1675 3081 2445 3165 superstitionibus,
2491 3101 2642 3146 cum
2686 3081 2823 3146 suis
2862 3080 3348 3165 appendicibus.
3415 3081 3614 3148 XXI.
3665 3082 4084 3149 Homilias
4124 3104 4319 3167 qua-

326 3203 532 3258 tuor.
621 3191 928 3259 XXXII.
984 3191 1661 3259 Ooniutationem
1715 3192 2137 3259 Hollandi.
2238 3192 2564 3276 Quartam
2614 3193 2870 3278 perficit
2922 3199 3239 3259 tractatus
3292 3215 3469 3260 unus
3516 3192 3744 3260 XVII.
3806 3193 3978 3261 adv.
4024 3195 4317 3261 Astro-

317 3304 398 3370 lo
409 3306 641 3389 giam.
733 3303 840 3370 Ad
884 3303 1183 3387 quintam
1225 3305 1558 3388 pertinent
1599 3305 1842 3387 scripta
1885 3304 2199 3371 adversus
2242 3304 2791 3383 Antitrinitarios‚
2839 3323 3105 3390 nempe:
3149 3303 3383 3370 XXII.
3431 3302 3866 3371 Servetum
3910 3313 3977 3370 et
4017 3305 4314 3373 XXXV.

326 3414 778 3494 Gentilem,
823 3422 967 3480 tum
1009 3423 1147 3482 tres
1189 3415 1394 3482 libelli
1435 3416 1770 3486 XXVIII.
1824 3415 2157 3482 XXXVI.
2204 3415 2573 3483 XXXVII.
2617 3415 2714 3480 ad
2754 3415 3099 3482 Polonos
3142 3415 3296 3495 dati,
3344 3417 3578 3500 quibus
3620 3416 3869 3484 accedit
3920 3416 4110 3483 XLI.
4156 3420 4319 3485 Re-

319 3527 657 3612 sponsio
702 3525 796 3592 ad
838 3528 1379 3612 quaestiones
1424 3528 1763 3614 Georgii
1807 3528 2335 3595 Blandratae.
2425 3525 2635 3594 Sexta
2688 3535 2943 3593 constat
2998 3526 3248 3595 duobus
3290 3528 3677 3595 tractatibus
3719 3529 3800 3594 de
3839 3527 4320 3596 Praedesti-

320 3639 657 3705 natione
698 3639 858 3705 XX.
906 3647 972 3705 et
1012 3640 1241 3707 XXX.
1333 3638 1631 3724 Septima
1671 3638 1949 3724 denique
1992 3638 2448 3723 complectitur
2499 3660 2668 3722 quae
2720 3660 2838 3722 pro
2888 3659 3046 3705 vera
3088 3639 3416 3705 sententia
3457 3639 3538 3705 de
3582 3639 3814 3706 Ooena‘
3848 3637 4119 3706 Domini
4163 3640 4319 3707 Cal-

318 3753 511 3817 vinus
573 3749 872 3816 ediderat
928 3751 1063 3818 scil.
1121 3751 1386 3818 XVIII.
1442 3751 1979 3832 consensum,
2046 3751 2315 3818 XXIII.
2375 3749 2668 3816 eiusdem
2723 3750 3346 3829 Defensionem3
3412 3751 3675 3816 XXIV.
3733 3759 3803 3817 et
3858 3751 4085 3817 XXV.
4143 3753 4316 3820 adv.

323 3861 931 3947 Westphalum3
984 3863 1247 3929 XXVI.
1295 3862 1466 3929 adv.
1512 3864 2031 3945 Heshusium;
2087 3863 2385 3931 XXVII.
2430 3861 2980 3929 Concordiam.

623 3974 734 4039 Ex
777 3974 902 4041 hac
944 3974 1287 4042 titulorum
1329 3977 1705 4042 recensione
1747 3982 1929 4061 patet
1969 3981 2287 4042 tractatus
2344 3974 2493 4041 illos
2533 3995 2657 4039 nec
2699 3973 2903 4039 latine
2944 3974 3129 4058 prius
3171 3995 3291 4040 nec
3334 3973 3567 4058 gallice
3611 3973 3837 4053 editos,
3886 3971 4119 4057 quibus
4162 3994 4315 4056 pro-

312 4086 589 4151 miserat
630 4086 760 4151 Vir
801 4086 1207 4154 clarissimus
1249 4088 1694 4155 collectionem
1737 4109 1807 4154 se
1848 4087 2414 4171 locupletaturum,
2459 4107 2532 4152 re
2579 4106 2736 4152 vera
2775 4086 3198 4169 paucissimos
3232 4106 3394 4174 esse,
3437 4092 3521 4165 et,
3569 4085 3707 4152 sive
3740 4085 4134 4169 paginarum
4176 4104 4316 4150 am-

315 4197 530 4263 bitum
576 4198 719 4262 sive
761 4200 1134 4283 argumenti
1178 4200 1569 4283 gravitatem
1611 4200 2004 4283 respexeris,
2048 4199 2164 4264 vix
2209 4198 2439 4283 dignos
2482 4218 2763 4281 quorum
2804 4196 3200 4280 peculiarem
3242 4197 3485 4262 faceret
3525 4196 3941 4261 mentionem.
4029 4194 4166 4262 Sed
4208 4197 4316 4263 his

312 4309 539 4375 missis
584 4308 663 4374 de
707 4309 833 4375 alio
875 4311 1090 4394 potius
1134 4308 1579 4377 additamento
1620 4312 1838 4377 Bezae
1881 4289 2274 4376 industriam
2316 4307 2751 4375 laudabimus.
2839 4307 3028 4375 Scias
3085 4330 3264 4388 eum,
3325 4329 3408 4373 ne
3452 4306 3607 4391 quid
3648 4307 3850 4372 lector
3893 4305 4313 4388 desideraret,

303 4421 381 4486 in
424 4423 568 4505 ipso
609 4427 1007 4488 tractatuum
1048 4421 1264 4488 indice
1308 4430 1657 4490 annotasse
1700 4446 1827 4508 quo
1870 4423 2143 4507 quisque
2188 4430 2479 4505 tempore
2522 4428 2593 4487 et
2634 4442 2764 4504 qua
2803 4421 3033 4508 lingua
3073 4422 3154 4488 ab
3197 4422 3338 4505 ipso
3378 4425 3603 4485 autore
3638 4418 3921 4504 scriptus
3963 4420 4066 4486 sit.
4135 4418 4315 4487 Sane

307 4533 440 4598 hoc
490 4532 720 4598 multis
779 4542 1038 4618 gratum
1081 4534 1262 4615 fecit,
1303 4535 1492 4601 nobis
1534 4535 1821 4600 maxime
1862 4536 2050 4601 novis
2095 4533 2452 4600 editoribus
2465 4585 2480 4612 ,
2524 4533 2641 4617 qui
2681 4533 2775 4598 sic
2818 4534 2984 4601 citra
3024 4553 3288 4633 omnem
3330 4532 3646 4610 laborem,
3691 4552 3856 4614 quae
3899 4531 4313 4615 potissimum

310 4645 561 4710 rescire
615 4653 841 4709 nostra
887 4647 1229 4726 intererat,
1281 4668 1321 4712 a
1373 4654 1510 4711 tam
1559 4645 1690 4712 fido
1744 4652 1912 4712 teste
1968 4646 2236 4711 definita
2274 4645 2465 4711 nobis
2519 4646 2744 4711 offerri
2788 4645 3185 4712 videbamus.
3271 4642 3527 4709 Verum
3569 4664 3757 4721 mox,
3814 4663 3889 4707 re
3931 4642 4310 4728 diligentius

302 4756 717 4835 examinata,
769 4779 900 4822 non
953 4759 1174 4823 omnia
1224 4757 1331 4824 hic
1385 4757 1584 4841 plana
1639 4763 1706 4822 et
1748 4756 2051 4840 expedita
2103 4776 2247 4822 esse
2301 4756 2487 4822 nobis
2539 4759 2999 4840 persuasimus.
3087 4754 3362 4820 Natales
3400 4754 3867 4821 nonnullorum
3913 4759 4310 4820 tractatuum

307 4868 456 4952 ipse
498 4869 681 4934 Beza
719 4869 1054 4953 ignorasse
1096 4869 1387 4949 videtur,
1444 4891 1649 4953 quum
1689 4869 1799 4935 vel
1841 4868 2096 4933 nullam
2139 4867 2509 4953 (XXXII.)
2563 4869 2671 4934 vel
2715 4870 2873 4934 satis
2913 4869 3342 4950 incongruam
3381 4866 3538 4929 anni
3575 4874 3796 4932 notam
3841 4864 4006 4949 (scil.
4051 4864 4144 4929 M.
4189 4861 4308 4942 D.)

300 4979 642 5046 adscribat
684 4979 910 5063 (XIII.
957 4981 1275 5065 XXIX.),
1321 4983 1452 5047 imo
1494 4981 1727 5048 falsam
1773 4979 1993 5066 (XVI.
2045 4980 2259 5065 1547.)
2304 4978 2537 5044 saltem
2576 4980 2861 5044 maxime
2897 4977 3158 5043 dubiam
3197 4977 3484 5061 (XXX.)
3530 4986 3645 5043 aut
3677 4978 3895 5042 minus
3937 4980 4308 5041 accuratam

306 5091 666 5176 (XVIIL).
755 5091 862 5158 De
908 5093 1132 5178 lingua
1174 5093 1373 5157 etiam
1416 5115 1490 5158 eo
1533 5095 1675 5177 ipso
1719 5095 1886 5173 loce,
1942 5112 2067 5176 quo
2119 5090 2304 5157 facile
2350 5089 2585 5156 dubius
2629 5088 2861 5172 aliquis
2901 5089 3172 5154 haerere
3210 5096 3461 5172 posset,
3523 5087 3992 5153 dubitationem
4043 5085 4305 5152 silentio

298 5224 439 5270 suo
478 5206 689 5288 magis
733 5212 949 5290 auget,
994 5211 1259 5269 tantum
1302 5204 1486 5269 abest
1522 5212 1601 5269 ut
1644 5207 1856 5271 solvat
1897 5204 2099 5290 (XIV
2103 5203 2167 5285 .).
2256 5203 2444 5286 Quae
2487 5202 2707 5268 omnia
2747 5220 2904 5265 suae
2946 5202 3210 5267 veritati
3266 5201 3541 5266 reddere
3589 5221 3722 5265 non
3765 5198 3961 5265 huius
4018 5198 4144 5264 loci
4188 5203 4303 5264 est.

625 5315 810 5382 Haec
852 5315 1066 5397 edific,
1113 5337 1236 5381 nec
1276 5337 1406 5381 non
1451 5324 1796 5399 sequentes
1840 5318 2142 5383 Bezanae
2186 5336 2412 5380 omnes
2454 5315 2523 5380 in
2565 5319 2796 5378 nostra
2838 5312 3230 5380 bibliotheca
3274 5312 3639 5378 calviniana
3682 5317 3964 5376 exstant.
