5100 6061
2048 396 2789 502 PROLEGOMENA.
4219 448 4429 514 Lvn

406 617 583 682 cium
626 616 887 683 Calvini
947 618 1027 683 de
1072 619 1175 683 his
1229 619 1661 685 convent-ibus
1718 628 1909 703 atque
1951 619 2286 702 colloquiis
2322 622 2454 686 iam
2499 630 2638 687 tum
2684 622 2855 688 idem
2903 633 3046 690 erat
3088 627 3262 708 quod
3307 635 3375 692 et
3417 630 3687 710 posthac
3723 631 3872 711 fuit,
3933 638 4320 715 praesertim
4366 637 4428 701 si

406 729 583 794 inter
623 730 1075 796 Romanenses
1121 740 1187 793 et
1230 732 1642 815 evangelicos
1688 731 2215 796 instituebantur.
2306 732 2584 796 Nullum
2629 737 2804 799 enim
2849 736 3052 801 alium
3106 738 3390 804 fructum
3432 742 3699 806 rebatur
3753 766 3835 807 ex
3875 743 4007 809 illis
4053 746 4424 813 redundare

405 841 479 905 in
522 840 829 907 ecclesias
873 842 1313 925 evangelicas,
1372 844 1499 908 nisi
1556 864 1750 926 quem
1802 844 1970 908 forte
2023 844 2309 909 adferret
2361 843 2648 909 solennis
2695 844 3028 913 doctrinae
3071 847 3424 915 declaratio
3470 859 3538 916 et
3581 854 3878 937 apologia
3921 876 4141 920 coram
4186 860 4265 923 iis
4310 861 4425 942 qui

406 952 753 1019 calumniis
791 953 1317 1019 adversariorum
1361 955 1792 1021 circumventi
1834 962 1900 1018 et
1942 955 2122 1021 falsis
2157 955 2568 1038 opinionibus
2610 956 2849 1021 imbuti
2891 979 3235 1042 perperam
3280 959 3361 1026 de
3406 962 3634 1027 eadem
3676 965 4053 1032 iudicabant
4095 976 4162 1033 et
4204 978 4423 1053 potes·

406 1071 540 1130 tate
576 1064 755 1131 civili
799 1073 1346 1149 persequutorum
1381 1067 1799 1150 tyrannidem
1845 1067 2140 1132 stabilire
2184 1068 2568 1151 gestiebant.
2657 1068 2878 1151 Atque
2923 1069 3084 1136 haec
3130 1071 3469 1139 hactenus,

717 1179 1038 1242 Actorum
1081 1179 1663 1261 Ratisponensium
1708 1178 1939 1262 gallice
1983 1177 2384 1243 edendorum
2439 1180 2789 1244 consilium
2847 1180 2983 1244 iam
3038 1182 3106 1245 in
3167 1184 3308 1264 ipso
3366 1196 3694 1250 conventu
3738 1188 4092 1254 Calvinum
4149 1195 4420 1275 cepisse,

406 1311 603 1373 porro
648 1290 1076 1373 Argentorati
1121 1291 1438 1355 versionis
1485 1297 1552 1353 et
1596 1292 2045 1366 commentarii
2088 1289 2379 1355 laborem
2424 1291 2810 1369 absolvisse,
2858 1302 2926 1355 et
2969 1312 3195 1358 mense
3238 1288 3616 1377 Septembri
3662 1298 4008 1365 Genavam
4051 1323 4272 1369 secum
4316 1326 4420 1371 as·

404 1410 705 1486 portasse
748 1402 1020 1467 minime
1064 1402 1137 1465 in
1177 1401 1483 1486 ambiguo
1527 1402 1801 1467 haerere
1844 1402 2031 1469 nobis
2074 1402 2357 1468 videtur.
2423 1403 2599 1469 Nam
2644 1403 2957 1469 Genevae
3001 1401 3308 1468 reducem
3351 1412 3574 1471 tantae
3615 1412 3840 1474 statim
3876 1418 4138 1497 tamque
4183 1436 4422 1499 graves

408 1536 559 1593 eum
600 1520 999 1597 exceperunt
1041 1535 1235 1579 curae
1280 1513 1360 1578 de
1404 1514 1628 1596 politia
1669 1513 2103 1580 ecclesiastiea
2145 1521 2211 1579 et
2255 1514 2431 1581 civili
2475 1513 2952 1593 constituenda,
2999 1522 3074 1579 ut
3116 1514 3270 1581 huic
3315 1519 3497 1601 operi
3539 1520 3747 1586 multo
3790 1525 4061 1592 minoris
4105 1530 4424 1594 momenti

406 1634 554 1692 tum
599 1626 863 1691 demum
904 1646 1173 1689 manum
1216 1620 1568 1690 admovere
1613 1647 1750 1690 non
1793 1628 2130 1709 potuisset.
2196 1628 2371 1693 Acta
2413 1634 2636 1690 autem
2679 1626 2842 1692 haec
2887 1626 3122 1709 gallica
3162 1627 3404 1709 publici
3446 1630 3606 1695 iuris
3641 1633 3815 1699 faeta
3848 1643 4005 1700 sunt
4038 1636 4160 1704 hoc
4198 1640 4426 1705 titulo:

717 1724 944 1808 [ΔΕΒ
1004 1723 1395 1807 AOTES
1452 1722 1463 1827 Ι
1518 1738 1646 1802 DE
1693 1740 1822 1803 LA
1864 1737 2287 1804 IOVRNEE
2331 1740 2339 1821 Ι
2375 1738 2746 1821 imperiale,
2792 1746 2990 1803 tenue
3036 1759 3118 1802 en
3161 1737 3228 1803 la
3274 1739 3404 1805 cite
3450 1740 3528 1805 de
3568 1743 3817 1826 Reges·
3843 1744 3852 1831 Ι
3878 1768 4113 1831 pourg,
4174 1751 4422 1816 aultre·

407 1859 594 1917 ment
637 1849 811 1914 dicte
854 1850 1234 1931 Ratispone,
1278 1849 1286 1932 Ι
1324 1848 1457 1912 l'an
1501 1850 1619 1913 mil
1662 1850 1812 1932 cinq
1855 1869 2009 1916 cens
2053 1858 2372 1934 quarante
2419 1858 2486 1915 et
2523 1873 2635 1929 vn,
2682 1873 2797 1915 sur
2836 1852 2846 1933 Ι
2883 1851 2980 1914 les
3021 1848 3331 1916 differens
3375 1854 3485 1935 qui
3530 1862 3682 1919 sont
3724 1858 4136 1943 auiourdhuy
4181 1883 4265 1926 en
4303 1864 4313 1944 Ι
4351 1863 4422 1929 la

409 1962 737 2047 Religion.
779 1964 789 2044 Ι
1093 1959 1424 2044 Desquelz
1470 1950 1885 2027 Pinventoire
1928 1982 2077 2026 sera
2118 1963 2319 2028 recite
2364 1983 2447 2026 en
2485 1965 2494 2042 Ι
2533 1962 2600 2027 la
2641 1963 2835 2046 paige
2882 1969 3225 2047 suyuante.
3270 1963 3292 2043 l
3320 1971 3750 2038 (Ornamentum
3795 1978 3918 2039 folii
3958 1979 4252 2033 minusculi
4270 1982 4417 2051 ᾑρη-

411 2099 530 2138 ram
564 2082 850 2150 referem.)
939 2082 1013 2136 M.
1050 2082 1117 2136 D.
1152 2082 1297 2136 XLI.

718 2185 965 2248 Forma
1023 2184 1354 2249 octonaria
1407 2185 1651 2265 minor,
1711 2186 2173 2266 quaterniones
2228 2186 2467 2269 viginti
2521 2208 2639 2251 sex
2696 2158 2933 2270 (a—z{
2993 2183 3258 2269 A—O)
3312 2188 3591 2271 paginae
3646 2192 3771 2252 416
3828 2212 3961 2255 non
4013 2201 4417 2260 numeratae.

415 2296 610 2379 Quod
654 2296 739 2361 ad
779 2296 996 2362 locum
1042 2297 1280 2361 attinet
1321 2318 1447 2378 quo
1490 2296 1612 2360 hoc
1656 2297 1962 2362 volumen
2016 2298 2086 2361 in
2138 2297 2352 2362 lucem
2407 2298 2656 2380 prodiit
2709 2319 2842 2362 non
2896 2295 3086 2360 modo
3134 2296 3479 2366 Genevam
3524 2322 3664 2365 esse
3710 2301 3982 2366 minime
4026 2302 4419 2386 dubitamus,

410 2410 525 2475 sed
567 2410 766 2473 etiam
810 2408 1077 2472 Ioannis
1122 2407 1405 2473 Gerardi
1450 2408 1746 2472 officinae
1790 2408 1954 2473 illud
1999 2408 2285 2474 tribuere
2339 2411 2650 2475 ausimuS.
2739 2412 2885 2481 Hoc
2941 2415 3159 2498 palam
3212 2415 3289 2478 fit
3347 2434 3430 2476 ex
3486 2412 3914 2477 similitudine
3968 2421 4306 2497 typorum,
4367 2420 4422 2482 si

410 2543 560 2586 oum
603 2520 751 2585 aliis
796 2519 1088 2587 eiusdem
1130 2521 1337 2584 ferme
1381 2521 1695 2603 temporis
1740 2519 1976 2585 libellis
2023 2521 2344 2599 conferas,
2400 2521 2636 2603 quibus
2681 2527 3134 2609 typographus
3179 2525 3290 2589 illc
3335 2545 3571 2588 nomen
3617 2544 3807 2588 suum
3849 2523 4126 2605 addidit,
4173 2529 4242 2591 in
4286 2531 4421 2612 pri-

408 2633 532 2696 mis
571 2653 727 2698 vero
773 2653 857 2696 ex
900 2640 1282 2696 ornamento
1327 2632 1440 2695 illo
1485 2632 1591 2696 vel
1637 2632 1971 2714 signaculo
2016 2631 2189 2696 tituli
2237 2633 2515 2714 paginae
2559 2634 2907 2717 impresso,
2967 2638 3138 2721 quod
3184 2637 3373 2699 etiam
3422 2635 3800 2699 invenimus
3844 2636 4146 2703 omnibus
4192 2662 4424 2707 nume-

412 2745 505 2810 ris
546 2744 954 2808 simillimum
995 2745 1065 2807 in
1112 2743 1304 2806 titulo
1348 2743 1551 2808 libelli
1592 2743 1765 2826 apud
1825 2742 2105 2807 eundem
2152 2743 2524 2808 Gerardum
2585 2749 2835 2824 excusi,
2891 2749 3003 2829 qui
3064 2747 3473 2812 inscribitur:
3540 2745 3739 2811 Ordre
3791 2751 3846 2810 et
3899 2751 4204 2830 mviiere,
4259 2753 4425 2819 d’en-

410 2859 654 2941 seiyner
691 2856 853 2921 dans
896 2855 960 2920 la
1000 2855 1145 2921 ville
1187 2857 1263 2921 de
1308 2856 1546 2920 Geneve
1588 2861 1691 2920 etc.
1781 2854 2088 2935 Imprime
2118 2876 2253 2937 par
2298 2854 2495 2920 Iehan
2548 2857 2814 2924 Gerard.
2887 2865 3085 2924 1538.

718 2967 980 3034 Calvini
1025 2977 1093 3032 et
1137 2968 1451 3034 Genevae
1495 2969 1762 3033 nomina
1806 2967 1885 3032 de
1926 2966 2253 3033 industria
2297 2987 2649 3051 suppressa
2691 2972 2890 3036 fuisse
2934 2971 3258 3049 videntur,
3304 2991 3429 3052 quo
3471 2967 3726 3034 facilius
3768 2966 4157 3051 opusculum
4200 2969 4422 3050 ipsum

410 3083 591 3146 viam
635 3082 758 3146 sibi
803 3083 874 3144 in
906 3080 1206 3167 Gallium
1250 3081 1536 3163 aperiret
1579 3081 1798 3162 ibique
1841 3101 2008 3161 quae
2052 3080 2118 3143 in
2163 3089 2347 3144 tanto
2394 3082 2558 3144 tanti
2608 3082 2863 3165 imperii
2922 3090 3249 3148 conventu
3307 3081 3663 3145 deliberata
3716 3087 3783 3144 et
3837 3101 3920 3144 ex
3974 3085 4163 3162 parte
4220 3079 4423 3143 etiam

410 3213 453 3256 a
494 3192 1371 3260 Romanensibus.concessa
1411 3193 1700 3270 fuerant,
1746 3191 2057 3257 libentius
2101 3191 2495 3274 legerentur.
2589 3192 2941 3259 Caeterum
2998 3194 3078 3259 de
3123 3193 3400 3259 Calvino
3459 3199 3688 3256 autore
3743 3213 3878 3256 non
3932 3198 4031 3256 est
4074 3188 4245 3272 quod
4299 3190 4422 3253 du·

409 3305 592 3370 bites.
682 3306 915 3389 Ipsum
959 3303 1207 3369 scilicet
1250 3325 1568 3388 agnoscas
1611 3326 1874 3369 necesse
1919 3311 2038 3382 est,
2085 3304 2140 3368 si
2186 3310 2435 3368 attente
2479 3305 2718 3389 legeris
2760 3327 2927 3389 quae
2981 3328 3180 3389 supra
3222 3305 3302 3371 de
3347 3304 3488 3369 eius
3533 3304 3602 3367 in
3645 3303 3791 3368 istis
3834 3303 4170 3385 colloquiis
4215 3301 4420 3385 parti-

411 3418 533 3482 bus
573 3417 936 3482 retulimus.
1028 3415 1251 3480 Alium
1295 3417 1542 3480 frustra
1584 3436 1875 3497 quaeres.
1967 3415 2331 3481 Cuiusnam
2387 3415 2559 3480 alius
2617 3416 2686 3481 in
2744 3419 3082 3494 manibus,
3138 3436 3372 3500 nempe
3418 3416 3600 3481 Galli
3657 3416 4045 3480 reformatae
4102 3413 4421 3478 formulae

408 3529 672 3608 addicti,
720 3517 881 3596 acta*
909 3530 1037 3593 ista
1077 3535 1144 3592 et
1183 3529 1425 3610 scripta
1468 3550 1611 3593 esse
1654 3534 2030 3611 potuerunt,
2077 3527 2204 3592 nisi
2250 3528 2445 3592 unius
2489 3527 2752 3594 Calvini
2796 3530 2910 3612 qui
2950 3528 3266 3611 colloquio
3323 3528 3403 3592 ab
3461 3528 3648 3592 initio
3708 3527 3792 3592 ad
3845 3528 4044 3590 finem
4097 3525 4418 3605 interfuit,

408 3663 688 3724 quocum
729 3641 859 3704 ista
903 3641 1122 3704 omnia
1166 3641 1639 3706 communicata
1681 3640 1883 3718 fuere,
1924 3641 2035 3722 qui
2080 3639 2452 3704 versionem
2496 3660 2700 3704 manu
2739 3640 3130 3722 scriptorum
3174 3660 3406 3722 parare
3442 3639 3653 3721 potuit
3686 3647 4038 3720 antequam
4076 3636 4423 3701 Genevam

408 3753 673 3831 rediret,
718 3753 815 3817 ita
860 3761 933 3817 ut
976 3753 1203 3817 eodem
1248 3772 1420 3816 anno
1464 3774 1599 3816 una
1639 3773 1787 3816 cum
1832 3750 2221 3816 editionibus
2264 3750 2488 3816 latinis
2531 3771 2572 3813 a
2613 3751 2880 3835 collegis
2921 3751 3168 3834 paratis
3212 3749 3725 3832 evulgarentur?
3813 3749 4208 3814 Melanthon
4244 3750 4422 3812 enim

409 3873 479 3931 et
519 3867 819 3930 Bucerus
862 3864 1055 3947 paulo
1106 3871 1256 3946 post
1310 3862 1598 3927 reditum
1653 3884 1843 3928 suum
1900 3863 2066 3927 nihil
2122 3862 2305 3945 prius
2363 3862 2739 3928 habuerunt
2795 3885 2990 3945 quam
3046 3870 3124 3926 ut
3166 3864 3486 3927 Actorum
3541 3859 3892 3925 editionem
3948 3866 4285 3938 curarent,
4343 3881 4422 3924 eo

411 3998 570 4043 sane
615 3976 886 4042 consilio
926 3975 1388 4040 maturandam
1433 3982 1510 4038 ut
1551 3973 2075 4039 adversariorum
2118 3973 2477 4039 calumnias
2522 3982 3030 4039 anteverterent.

718 4089 783 4152 A
826 4088 1086 4152 Bucero
1142 4087 1458 4154 habemus
1516 4087 1718 4152 edita:
1778 4086 1941 4152 Aeta
1991 4085 2282 4166 colloquii
2325 4086 2395 4149 iu
2436 4086 2706 4151 comitiis
2749 4086 3008 4166 imperii
3052 4083 3440 4164 Rati-§ponae
3483 4081 3680 4147 habiti
3721 4081 3778 4144 h.
3824 4102 3871 4145 e.
3918 4081 4174 4146 articuli
4213 4082 4288 4146 de
4329 4103 4424 4147 re-

411 4200 636 4285 liqione
679 4199 991 4265 conciliati
1036 4206 1093 4265 et
1134 4220 1259 4265 non
1301 4201 1617 4265 conciliati
1660 4219 1895 4276 omnes,
1947 4203 2019 4261 ut
2061 4197 2138 4261 ab
2167 4196 2575 4278 Imperatore
2614 4197 2940 4262 ordinibus
2986 4195 3238 4278 imperii
3281 4195 3366 4259 ad
3406 4195 3817 4258 iudicandum
3860 4197 3914 4255 et
3954 4192 4423 4258 deliberandum

400 4312 723 4394 propositi
766 4317 924 4376 sunt.
999 4309 1297 4376 Consulta
1339 4316 1395 4375 et
1438 4311 1772 4376 deliberata
1815 4311 1889 4375 de
1931 4310 2033 4374 his
2076 4310 2234 4373 actis
2280 4308 2713 4389 Imperatoris,
2759 4308 3154 4392 sinyulorum
3198 4307 3490 4371 ordinum
3535 4305 3788 4386 imperii
3831 4310 3887 4368 et-
3929 4304 4115 4387 leqati
4156 4306 4423 4370 romani.

411 4424 503 4488 Et
554 4423 862 4505 quaedam
918 4423 1052 4488 alia
1100 4444 1362 4504 quorum
1419 4425 1766 4505 eataloqum
1817 4422 2005 4486 habes
2061 4421 2341 4502 sequenti
2383 4422 2650 4504 paqina.
2745 4421 2871 4485 Per
2927 4419 3284 4484 Martinam
3340 4416 3675 4481 Buoevwn.
3764 4415 4165 4498 Aryentorati
4219 4411 4446 4481 mense‘

418 4534 764 4616 Septembri
808 4533 903 4598 M.
952 4534 1037 4598 D.
1090 4534 1280 4600 XLI.
1371 4536 1550 4599 Data
1607 4542 1709 4600 est
1762 4534 2080 4617 praefatio
2137 4530 2220 4597 ad
2268 4531 2683 4598 Ludovieum
2744 4531 2823 4597 de
2876 4530 3223 4608 Flandria,
3283 4529 3647 4593 Dominum
3688 4529 3906 4604 Prati,
3963 4528 4424 4609 imperatoriae

412 4647 770 4712 maiestatis
812 4667 1193 4730 supremum
1239 4647 1725 4726 cubicularium,
1772 4644 2200 4729 Argentorati
2243 4644 2364 4708 lv.
2408 4643 2578 4709 Non.
2628 4643 2809 4727 Sept.
2897 4643 3131 4707 Altera
3185 4639 3383 4705 editio
3438 4659 3664 4703 mense
3706 4637 4071 4703 Februario
4117 4639 4274 4704 anni
4320 4661 4423 4705 se-

411 4762 675 4842 quentis
720 4756 961 4841 prodiit
1016 4756 1264 4823 duobus
1320 4757 1645 4824 indicibus
1702 4766 1909 4823 aucta.
1999 4756 2187 4820 Idem
2229 4756 2534 4820 Bucerus
2592 4754 2816 4820 eodem
2870 4774 3040 4818 anno
3092 4757 3250 4816 1541
3301 4752 3469 4816 Aeta
3527 4753 3902 4834 germanice
3955 4748 4158 4814 edidit-
4210 4750 4422 4816 multo

412 4871 734 4937 auctiora:
781 4869 931 4935 Aue
976 4870 1401 4953 Handlunqeu
1449 4870 1785 4951 Schrifften
1826 4890 1946 4933 zur
1987 4867 2411 4950 verqleiehunq
2454 4868 2567 4932 der
2612 4867 2902 4949 Reliyion
2943 4863 3137 4929 durch
3179 4865 3281 4929 die
3316 4863 3519 4947 KayS.
3557 4861 3720 4944 Maj.
3771 4861 4203 4944 Cleurfiirsten‚
4252 4861 4422 4927 Fur-

409 4989 547 5048 sten
588 4983 715 5047 ond
757 4981 983 5047 Stende
1027 4983 1182 5046 aller
1225 4983 1463 5065 theylen
1504 4982 1664 5046 auch
1707 4983 1827 5047 den
1858 4980 2089 5061 pc'ibstl.
2136 4980 2438 5062 Leqaten,
2498 4979 2623 5060 auf
2644 4980 2868 5059 jilnqst
2907 4976 3288 5059 qehaltenem
3335 4975 3667 5058 Reichstaq
3707 4995 3790 5037 zu
3838 4973 4248 5056 Reyenspury
4291 4995 4428 5038 ver-

412 5094 663 5158 namnet
716 5094 841 5157 ond
896 5092 1210 5158 einim-aoht
1262 5114 1427 5158 anno
1474 5092 1565 5157 M.
1611 5093 1696 5158 D.
1750 5092 1938 5156 XLI.
2033 5093 2335 5156 Getrewes
2385 5089 2455 5153 F
2459 5090 2613 5155 leisc
2665 5087 3012 5152 beschriben
3063 5108 3361 5153 zusamen
3413 5092 3705 5170 yetrayen
3760 5086 3884 5149 ond
3935 5084 4168 5149 erkldrt
4224 5085 4429 5150 durch

418 5204 778 5269 Martinam
813 5203 1146 5270 Bucerum.
1236 5205 1317 5269 In
1361 5207 1522 5269 fine:
1576 5205 1847 5270 Geendet
1885 5227 2012 5269 eun
2058 5203 2267 5268 Eeren
2312 5203 2421 5267 des
2468 5199 2924 5282 Allma'ehtiqen
2974 5201 3098 5264 ond
3139 5200 3384 5281 wolfart
3428 5200 3633 5263 seiner
3678 5195 3954 5260 Kirehen
3997 5201 4102 5259 17.
4139 5191 4426 5262 Decemb.

415 5316 511 5382 Μ’.
549 5317 633 5382 D.
678 5316 868 5381 XLI.
955 5318 1286 5382 Praefatio
1330 5314 1414 5380 ad
1456 5315 1802 5381 electorem
1843 5315 2456 5399 Brandeburgicum
2502 5312 2657 5377 data
2696 5317 2798 5376 est
2841 5313 3267 5396 Argentorati
3311 5309 3369 5374 d.
3420 5313 3519 5373 22.
3565 5309 3725 5373 Dec.
3782 5312 3961 5371 1541.

623 5421 843 5474 Caluini
866 5437 1050 5489 opera.
1131 5421 1242 5474 Vol.
1294 5421 1352 5473 V.
3949 5410 4004 5464 H
