5100 6061
737 434 862 494 359

735 619 820 684 de
888 616 1313 683 sacramentis
1378 625 1630 698 septem
1697 614 1765 676 in
1830 632 2035 694 regno
2102 630 2308 692 papae
2361 614 2699 691 receptum

735 710 860 784 est,
903 722 1022 786 pro
1065 701 1287 767 fabula
1330 722 1405 766 ac
1448 699 1792 765 mendacio
1837 697 2172 762 habemus.

1386 905 1513 969 DE
1561 901 2058 970 BAPTISMO.

913 1045 1294 1128 Baptismus
1339 1050 1685 1107 externum
1729 1047 1831 1105 est
1873 1040 2156 1123 signum,
2204 1058 2331 1120 quo
2373 1035 2702 1101 Dominus

739 1137 1042 1210 testatur,
1081 1154 1150 1196 se
1185 1129 1355 1195 velle
1388 1149 1508 1193 nos
1543 1129 1617 1191 in
1651 1126 1935 1191 filiorum
1970 1125 2185 1190 locum
2219 1133 2536 1204 cooptare,
2584 1143 2703 1187 eeu

742 1219 994 1286 Christi
1051 1217 1170 1281 filii
1227 1215 1330 1279 sui
1394 1212 1705 1278 membra.
1805 1212 2035 1294 Itaque
2096 1210 2284 1274 nobis
2327 1211 2398 1271 in
2462 1229 2538 1274 eo
2599 1230 2700 1272 re-

741 1310 1197 1388 praesentatur
1239 1308 1655 1383 peceatorum
1677 1306 2077 1363 ‚nostrorum
2123 1296 2459 1378 purgatio,
2503 1315 2701 1376 quam

742 1392 813 1454 in
861 1388 1112 1458 Christi
1170 1387 1491 1469 sanguine
1546 1385 1944 1450 obtinemus:
2014 1381 2431 1445 mortificatio
2485 1380 2702 1445 carnis

744 1483 1039 1551 nostrae,
1098 1495 1292 1555 quam
1332 1473 1798 1552 consequimur
1842 1491 1925 1532 ex
1971 1468 2110 1532 eius
2165 1476 2407 1543 morte,
2454 1473 2531 1530 ut
2558 1464 2703 1548 ipsi

742 1563 816 1625 in
877 1568 1213 1643 posterum
1268 1580 1384 1640 per
1440 1557 1744 1639 spiritum
1800 1575 1996 1635 quem
2053 1552 2234 1616 dedit
2286 1551 2473 1616 nobis
2516 1553 2701 1616 viva-

743 1669 909 1711 mus.
1013 1644 1293 1726 Quando
1349 1664 1503 1707 vero
1572 1644 1640 1705 in
1698 1638 2015 1705 eiusmodi
2061 1639 2348 1714 foedere,
2407 1643 2554 1716 [pag.
2597 1640 2701 1714 58]

745 1732 917 1816 quod
971 1731 1313 1795 nobiscum
1368 1729 1689 1810 percussit
1741 1725 2099 1803 Dominus,
2158 1724 2398 1788 liberos
2448 1744 2701 1805 quoque

745 1827 1024 1894 0001100,
1072 1816 1287 1880 adhuc
1332 1815 1635 1889 infantes,
1683 1810 2060 1893 complexus
2106 1823 2231 1887 est,
2281 1811 2544 1892 signum
2589 1831 2702 1873 ex-

746 1911 1009 1968 ternum
1053 1903 1196 1965 iure
1241 1899 1372 1964 illis
1418 1898 1888 1963 communicari
1933 1919 2067 1961 non
2104 1895 2493 1960 dubitamus.

1270 2105 1396 2168 DE
1444 2102 1805 2168 SANCTA
1849 2101 2177 2167 COENA.

918 2241 1143 2307 Coena
1193 2241 1464 2305 Domini
1523 2240 1783 2321 signum
1842 2250 1967 2314 est,
2046 2258 2173 2320 quo
2240 2239 2361 2303 sub
2415 2259 2585 2321 pane
2638 2245 2705 2301 et

746 2332 901 2395 vino
939 2348 1185 2404 veram,
1224 2324 1337 2390 sed
1364 2324 1772 2407 spiritualem
1794 2325 2470 2403 communicationem,
2503 2345 2703 2406 quam

745 2417 817 2479 in
863 2415 1003 2479 eius
1048 2433 1315 2494 corpore
1359 2422 1425 2475 01
1468 2412 1789 2493 sanguine
1832 2410 2169 2487 habemus,
2216 2411 2405 2475 nobis
2440 2431 2701 2493 reprae-

748 2507 979 2566 sentat.
1068 2500 1275 2564 Porro
1322 2494 1681 2561 secundum
1717 2497 1857 2560 eius
1893 2496 2288 2574 institutum,
2331 2498 2508 2561 inter
2541 2495 2701 2559 fide-

747 2587 844 2651 les
890 2583 1406 2649 distribuendam
1453 2595 1777 2664 putamus,
1822 2592 1896 2646 ut
1929 2582 2297 2664 quicunque
2321 2581 2587 2648 Christo
2632 2583 2704 2644 in

745 2673 953 2737 vitam
989 2691 1173 2738 suam
1209 2670 1338 2733 frui
1374 2669 1628 2745 volunt,
1665 2687 1820 2740 00111,
1846 2667 2044 2732 010101
2077 2669 2488 2751 participent.
2557 2667 2703 2732 Iam

747 2779 903 2823 vero
947 2777 1152 2839 quum
1195 2756 1396 2819 missa
1446 2753 1698 2837 papalis
1742 2753 2162 2819 maledictum
2203 2761 2271 2818 et
2313 2754 2704 2819 diabolicum

747 2845 1094 2909 inventum
1161 2843 1384 2918 fuerit,
1461 2842 1532 2904 in
1599 2840 2008 2905 eversionem
2070 2840 2372 2923 mysterii
2441 2852 2702 2905 sanctae

747 2950 990 2995 coenae
1034 2929 1413 3004 confictum,
1475 2927 1664 2991 nobis
1710 2925 2178 2991 exsecrabilem
2225 2948 2366 2991 esse
2410 2946 2703 3009 pronun-

747 3016 1015 3094 ciamus,
1061 3036 1195 3079 non
1239 3034 1425 3079 secus
1470 3035 1544 3077 ac
1580 3011 2013 3077 idololatriam
2049 3033 2089 3076 a
2123 3012 2266 3077 Deo
2304 3011 2700 3077 damnatam.

746 3101 952 3184 quue
1007 3101 1232 3165 multis
1290 3099 1687 3164 rationibus:
1747 3120 2011 3181 nempe,
2069 3106 2393 3180 quatenus
2436 3120 2556 3182 pro
2598 3120 2702 3164 sa-

744 3188 990 3252 crificio
1030 3189 1104 3251 in
1147 3186 1659 3268 redemptionem
1701 3186 2072 3249 animarum
2108 3186 2506 3261 aestimatur,
2545 3204 2703 3267 qua-

746 3286 939 3339 tenus
998 3273 1199 3338 etiam
1251 3271 1440 3354 panis
1498 3271 1629 3336 illic
1674 3269 1804 3335 Dei
1860 3271 1998 3335 loco
2058 3269 2386 3335 adoratur.
2477 3271 2703 3335 Etiam

746 3368 823 3422 111
863 3367 1354 3440 praetereamus
1394 3356 1754 3420 horrendas
1798 3356 1959 3420 alias
2001 3355 2438 3437 blasphemias
2481 3365 2550 3422 et
2594 3379 2702 3421 su-

745 3445 1194 3526 perstitiones,
1242 3463 1316 3507 ac
1362 3464 1639 3525 pravum
1685 3442 1894 3506 divini
1938 3441 2120 3506 verbi
2167 3443 2474 3520 abusum,
2533 3441 2703 3523 quod

747 3530 883 3595 illic
929 3531 1192 3607 frustra,
1238 3529 1420 3593 nullo
1455 3549 1607 3593 cum
1641 3529 1874 3604 fructu,
1910 3528 2219 3609 nullaque
2255 3528 2703 3593 aedificatione

747 3624 1125 3699 usurpatur.

1029 3818 1157 3883 DE
1199 3817 1631 3883 HUMANIS
1677 3818 2430 3886 TRADITIONIBUS.

926 3955 1112 4037 Quae
1170 3955 1553 4019 retinendae
1609 3967 1923 4019 externae
1974 3956 2395 4021 ecclesiarum
2437 3956 2705 4039 politiae

750 4043 1154 4109 necessariae
1211 4049 1367 4106 sunt
1410 4038 1617 4123 leges,
1679 4061 1754 4105 ac
1800 4041 2120 4105 duntaxat
2163 4042 2245 4105 ad
2289 4064 2546 4124 pacem,
2595 4041 2705 4106 de-
2791 4104 2801 4125 ,

751 4150 981 4194 corum
1030 4138 1222 4210 atque
1269 4126 1565 4191 ordinem
1621 4127 1689 4189 in
1735 4126 2263 4191 Christianorum
2310 4136 2499 4192 coetu
2552 4130 2706 4193 reti-

748 4215 1040 4279 nendum
1096 4214 1455 4296 pertinent,
1512 4233 1631 4295 pro
1689 4212 1994 4277 humanis
2059 4213 2515 4278 traditionibus
2574 4234 2706 4277 non

751 4300 1084 4366 ducimus:
1123 4320 1323 4382 quum
1359 4298 1480 4362 sub
1516 4298 1806 4382 generali
1843 4299 2119 4381 apostoli
2155 4307 2497 4382 praecepto
2531 4320 2707 4365 0001-

749 4384 1271 4469 prehendantur,
1310 4405 1436 4465 quo
1476 4385 1781 4448 decenter
1817 4393 1882 4448 et
1919 4384 2148 4448 ordine
2185 4387 2324 4467 geri
2353 4386 2574 4450 omnia
2609 4387 2709 4449 in-

749 4482 852 4537 ter
894 4491 1013 4535 nos
1057 4471 1254 4534 iubet.
1345 4471 1594 4539 Verum
1631 4492 1797 4552 quae
1841 4472 1911 4535 in
1948 4470 2071 4535 hoc
2112 4472 2414 4535 feruntur
2456 4493 2531 4536 ac
2577 4481 2708 4536 sta-

751 4568 1066 4631 tuuntur,
1115 4566 1191 4619 ut
1235 4557 1663 4620 conscientias
1707 4557 2091 4639 illaqueent,
2137 4568 2213 4620 ut
2256 4558 2709 4622 necessitatem

752 4666 978 4708 earum
1023 4662 1248 4705 rerum
1293 4642 1614 4719 iniiciant,
1662 4663 1829 4724 quae
1875 4665 2003 4706 non
2051 4653 2208 4706 sunt
2252 4665 2291 4706 a
2335 4643 2477 4706 Deo
2520 4664 2709 4724 prae-

753 4739 1005 4812 ceptae,
1076 4738 1153 4791 ut
1209 4726 1458 4792 cultum
1512 4728 1639 4793 Dei
1696 4729 1954 4810 erigant
2005 4728 2208 4792 alium
2265 4749 2457 4809 quam
2515 4749 2710 4810 quem

753 4816 892 4897 ipse
934 4814 1252 4897 postulat:
1309 4814 1461 4894 quia
1516 4817 1663 4891 [pag.
1705 4820 1809 4893 59]
1870 4813 2294 4878 christianam
2339 4813 2708 4878 libertatem

755 4901 1159 4964 imminuunt
1202 4910 1268 4963 et
1313 4898 1594 4975 violant,
1653 4920 1771 4962 ceu
1831 4898 2122 4964 Satanae
2176 4920 2492 4982 perversa
2549 4898 2712 4983 dog-

755 4994 962 5063 mata,
1021 4986 1428 5049 damnamus.
1530 4983 1756 5065 Quum
1815 4986 2140 5049 Dominus
2188 4985 2363 5051 clare
2418 5007 2708 5068 pronun-

756 5072 911 5148 ciet,
958 5072 1204 5135 frustra
1246 5092 1315 5135 se
1359 5070 1481 5136 coli
1525 5069 1840 5134 doctrinis
1883 5070 1964 5134 ab
2008 5071 2381 5135 hominibus
2425 5071 2705 5135 traditis.

759 5157 909 5235 Quo
946 5178 1218 5220 numero
1255 5158 1627 5239 reponimus
1664 5156 1918 5220 votivas
1954 5158 2529 5239 peregrinationes,
2569 5178 2708 5220 mo-

755 5241 1094 5319 nachatus,
1131 5243 1422 5307 ciborum
1461 5241 2285 5317 discrimina,·matrimonii
2320 5243 2709 5326 prohibitio-

755 5348 928 5406 nem,
975 5327 1406 5393 auricularem
1452 5329 1939 5404 confessionem,
1986 5338 2053 5391 et
2084 5328 2150 5391 id
2189 5350 2400 5411 genus
2435 5329 2705 5411 reliqua.

2403 399 3084 486 cA'rEefflthss

4627 410 4743 472 360

3455 604 3583 668 DE
3626 600 4104 668 ECCLESIA.

2978 741 3268 807 Tametsi
3312 742 3503 805 unica
3547 749 3648 805 est
3690 738 3943 804 Christi
3985 738 4284 816 eeclesia,
4344 735 4487 801 fieri
4532 743 4751 798 tamen

2806 850 2937 893 non
2981 827 3170 892 aliter
3211 848 3400 909 posse
3529 826 3889 902 noscimus,
3936 825 4095 908 quin
4139 823 4430 888 fidelium
4468 841 4752 886 conven-

2806 924 2912 980 tus
2954 915 3025 978 in
3068 913 3255 978 varia
3299 913 3437 977 loca
3526 910 3989 987 istribuantur,
4036 930 4313 993 quorum
4357 906 4600 990 singuli
4643 926 4751 971 vo·

2805 1008 3037 1066 cantur
3080 998 3406 1064 ecclesiae.
3496 999 3588 1062 Et
3630 1018 3785 1063 vero
3828 1018 4033 1080 quum
4067 1018 4200 1061 non
4243 1015 4467 1060 omnes
4511 993 4755 1075 pariter

2805 1094 3027 1152 coetus
3085 1085 3154 1149 in
3209 1085 3477 1148 nomine
3523 1082 3795 1148 Domini
3850 1083 4275 1159 conveniant,
4330 1081 4489 1163 quin
4543 1079 4754 1160 potius

2808 1172 3102 1256 plerique
3160 1169 3243 1234 ad
3296 1171 3511 1253 ipsum
3572 1170 3707 1234 suis
3764 1168 4119 1250 sacrilegiis
4178 1165 4607 1250 polluendum
4651 1184 4754 1229 eo-

2808 1266 3086 1341 guntur,
3143 1257 3574 1321 certissimam
3596 1259 3606 1269 '
3632 1254 4098 1319 discernendae
4143 1252 4396 1319 Christi
4450 1250 4754 1316 eeclesiae

2807 1352 3033 1408 notam
3077 1350 3145 1406 et
3182 1345 3499 1407 tesseram
3543 1362 3686 1406 esse
3721 1341 3893 1405 hanc
3929 1348 4335 1421 reputamus:
4374 1347 4450 1401 01
4483 1336 4617 1401 11110
4657 1336 4754 1399 iu-

2808 1430 3096 1494 dicemus
3140 1449 3283 1493 esse
3319 1427 3676 1504 ecclesiam,
3713 1428 3827 1491 ubi
3860 1447 4025 1509 pure
4060 1447 4134 1491 ac
4169 1424 4451 1490 fideliter
4483 1421 4755 1487 verbum

2805 1516 3077 1581 Domini
3118 1514 3570 1591 adnunciatur,
3618 1513 3881 1577 auditur
3915 1522 3982 1577 et
4015 1520 4347 1578 servatur:
4393 1509 4508 1575 ubi
4543 1528 4753 1573 sacra—

2806 1608 3031 1666 menta
3094 1601 3383 1683 legitime
3449 1599 4023 1676 administrantur,
4089 1606 4420 1679 utcunque
4475 1594 4752 1660 multum

2809 1687 3020 1752 adhuc
3063 1687 3629 1768 imperfectionum
3675 1694 3741 1750 et
3774 1685 4079 1767 lapsuum
4117 1683 4433 1767 supersit,
4479 1689 4557 1745 ut
4600 1682 4752 1744 vitia

2807 1795 3144 1855 nunquam
3201 1774 3269 1835 in
3316 1772 3437 1837 hac
3488 1773 3622 1836 vita
3690 1773 3865 1835 inter
3924 1770 4222 1834 homines
4281 1768 4749 1849 abstergentur.

2807 1859 3074 1935 Contra,
3121 1859 3232 1923 ubi
3276 1857 3693 1940 evangelium
3736 1879 3856 1922 nee
3902 1856 4306 1930 adnunciari,
4363 1875 4483 1918 nec
4527 1852 4748 1930 audiri,

2806 1966 2926 2009 nec
2982 1945 3183 2027 recipi
3239 1943 3571 2019 videmus,
3627 1943 3760 2009 11110
3804 1942 4056 2007 nullam
4100 1941 4514 2026 agnoscimus
4556 1937 4749 2003 ecele-

2805 2033 2940 2095 siae
2982 2030 3234 2096 faciem.

3191 2180 3319 2283 00
3363 2217 4366 2284 ΕΧΟΟΜΜΠΝἹΟΑΉΟΝΕ.

2981 2336 3309 2419 Quoniam
3364 2359 3522 2403 vero
3596 2360 3931 2421 nunquam
3988 2338 4223 2403 desunt
4274 2338 4403 2402 Dei
4459 2356 4535 2402 ac
4592 2336 4750 2401 sacri

2807 2425 2945 2489 eius
2990 2425 3174 2489 verbi
3219 2431 3727 2506 contemptores,
3787 2424 3959 2507 apud
4002 2446 4161 2507 quos
4205 2424 4372 2487 nihil
4416 2421 4748 2500 menende,

2807 2510 3235 2588 exhortando,
3274 2510 3815 2593 reprehendendo
3850 2512 4237 2592 proficitur:
4262 2508 4577 2592 asperiori
4612 2529 4752 2572 cum

2807 2596 2936 2660 illis
2979 2597 3408 2680 castigatione
3455 2597 3783 2680 agendum
3818 2595 4133 2662 ducimus.
4222 2596 4305 2660 In
4350 2596 4527 2660 hune
4566 2613 4752 2659 usum

2805 2682 3490 2747 excommunicationis
3531 2682 3961 2765 disciplinam,
4008 2704 4147 2746 rem
4184 2691 4475 2748 sanctam
4502 2701 4578 2746 ac
4599 2679 4752 2768 fide-

2807 2769 2977 2833 libus
3023 2768 3351 2833 salubrem
3387 2776 3733 2834 testamur:
3781 2775 3854 2833 ut
3889 2789 4121 2834 revera
4156 2788 4289 2831 non
4326 2774 4468 2834 sine
4502 2767 4752 2831 ratione

2810 2876 2849 2919 a
2900 2855 3188 2919 Domino
3248 2856 3551 2918 instituta
3604 2856 3744 2919 fuit„
3845 2855 3977 2920 Hic
4036 2863 4257 2919 autem
4313 2855 4465 2919 finis
4510 2863 4638 2932 est,
4674 2873 4751 2915 00

2734 2995 2741 3004 ,
2808 2940 3069 3023 impura
3127 2962 3246 3005 sua
3289 2940 3788 3019 consuetudine,
3842 2941 4146 3024 flagitiosi
4202 2939 4404 3004 bonos
4462 2944 4609 3020 [pag.
4648 2940 4749 3015 60]

2808 3026 3183 3110 inquinent:
3229 3048 3314 3092 ne
3359 3026 3658 3092 dedecori
3694 3028 3830 3092 sint
3863 3028 4006 3092 Deo
4051 3034 4119 3091 et
4153 3026 4476 3104 ecclesiae,
4524 3035 4599 3091 ut
4640 3047 4751 3108 pu-

2809 3114 2964 3178 dore
3009 3114 3244 3178 suffusi
3288 3113 3635 3195 aliquando
3679 3116 4081 3197 resipiscant.
4175 3112 4594 3196 Quapropter
4644 3134 4751 3197 011-1

2807 3200 3030 3282 pedire
3106 3199 3536 3278 arbitramur,
3604 3208 3681 3264 ut
3740 3200 4102 3285 secundum
4165 3201 4295 3264 Dei
4359 3200 4751 3275 institutum,

2808 3306 3037 3351 omnes
3078 3285 3507 3351 manifestarii
3550 3285 3957 3364 idololatrae,
4003 3286 4333 3369 sacrilegi,
4378 3282 4752 3359 homicidae,

2808 3372 3012 3449 fures,
3074 3380 3494 3449 scortatores,
3554 3371 3701 3435 falsi
3754 3382 3981 3448 testes,
4038 3371 4359 3449 seditiosi,
4421 3373 4751 3446 1111010100,

2808 3459 3291 3534 obtrectatores
3338 3479 3772 3539 percussores,
3812 3457 4067 3533 ebriosi,
4106 3459 4489 3535 decoctores,
4530 3467 4598 3519 et
4618 3458 4751 3520 eius

2808 3545 3057 3607 formae
3102 3544 3358 3619 caeteri,
3407 3544 3536 3608 nisi
3577 3546 3645 3607 in
3674 3545 3852 3608 viam
3897 3566 3966 3607 se
4010 3544 4392 3626 receperint,
4439 3542 4553 3606 ubi
4596 3541 4752 3624 legi-

2812 3630 2970 3694 time
3014 3630 3258 3693 fuerint
3314 3629 3666 3706 admoniti,
3726 3651 3761 3693 e
3816 3629 4109 3694 fidelium
4168 3630 4490 3694 consortio
4544 3642 4752 3692 exter-

2810 3716 3164 3792 minentur,
3213 3713 3416 3780 donee
3463 3715 3947 3798 resipiscentiae
3992 3717 4184 3799 signa
4227 3715 4543 3780 dederint.

3277 3920 3405 3985 DE
3452 3919 3933 3986 MJNIS'PRIS
3979 3921 4289 3986 VERBI.

2981 4042 3130 4104 Non
3182 4040 3341 4105 alios
3402 4050 3780 4124 reputamus
3824 4041 4131 4106 ecclesiae
4188 4051 4509 4123 pastoreS,
4567 4062 4759 4123 quam

2809 4127 2973 4192 fidos
3016 4128 3199 4192 verbi
3243 4128 3371 4191 Dei
3414 4128 3768 4205 ministros,
3816 4135 3883 4190 et
3926 4128 4037 4209 qui
4080 4126 4330 4192 Christi
4376 4148 4641 4211 gregem
4684 4148 4760 4191 eo

2809 4221 3109 4296 pascant,
3185 4212 3501 4290 docende,
3572 4213 4010 4290 admonendo,
4066 4213 4474 4291 consolando,
4523 4213 4760 4278 exhor-

2814 4298 3041 4375 tandO,
3101 4298 3669 4381 reprehendendO,
3732 4306 3927 4381 prout
3996 4300 4347 4364 necessitas
4401 4299 4757 4382 postularit.

2814 4385 3141 4461 Rursum,
3189 4384 3416 4449 eodem
3461 4384 3689 4462 verbo,
3749 4384 3931 4449 falsis
3989 4385 4300 4450 doctrinis
4344 4385 4644 4450 omnibus
4687 4406 4760 4452 ac

2812 4469 3097 4534 Satanae
3170 4471 3551 4551 imposturis
3623 4482 3889 4534 strenue
3950 4472 4292 4548 resistant,
4350 4471 4515 4535 011111
4561 4473 4759 4555 scrip-

2814 4564 2999 4619 turae
3043 4555 3319 4636 puritati
3362 4555 3442 4619 de
3490 4576 3609 4620 sua
3652 4554 4113 4633 admiscentes,
4174 4579 4293 4622 nee
4337 4580 4458 4622 sua
4510 4559 4761 4623 somnia

2814 4650 2932 4704 aut
2973 4640 3310 4706 mendacia
3354 4642 3752 4723 ingerentes
3853 4644 3991 4706 Nec
4044 4642 4222 4706 aliud
4266 4644 4597 4726 quidpiam
4641 4646 4759 4708 im·-

2814 4727 2982 4808 perii
3036 4727 3144 4791 vel
3198 4728 3569 4792 autoritatis
3623 4728 3756 4791 illis
3810 4728 4191 4805 deferimus,
4257 4750 4452 4810 quam
4505 4739 4583 4793 ut
4636 4730 4760 4794 Dei

2814 4813 3126 4895 populum
3181 4814 3304 4878 sibi
3364 4814 3683 4878 creditum
3739 4814 3966 4878 eodem
4021 4817 4220 4880 verbo
4265 4814 4620 4892 deducant,
4661 4837 4759 4879 re-

2814 4909 2975 4983 gant
3019 4907 3086 4961 01
3130 4899 3565 4963 01οά0100101.
3657 4899 3864 4964 Cuius
3899 4901 4339 4965 ministerium
4375 4901 4533 4966 dum
4576 4924 4760 4966 exer-

2814 4994 2979 5063 cent,
3026 4986 3129 5048 ius
3177 4985 3421 5050 habent
3466 5004 3540 5049 ac
3584 4993 3969 5067 potestatem
4015 4987 4305 5063 iubendi,
4352 4987 4759 5068 prohibendi,

2812 5070 3235 5153 promittendi
3285 5070 3724 5158 et‘minandi:
3785 5081 3862 5135 ut
3905 5073 4045 5136 sine
4090 5072 4230 5155 ipso
4275 5073 4443 5136 nihil
4489 5084 4758 5152 tentare,

2812 5177 3026 5239 neque
3072 5157 3339 5239 aggredi
3385 5170 3676 5239 possunt,
3731 5166 3848 5222 aut
3892 5157 4146 5223 debent.
4234 5160 4442 5224 Porro
4484 5171 4562 5223 ut
4603 5160 4759 5225 fide-

2812 5242 2908 5307 les
2951 5241 3134 5307 verbi
3169 5244 3522 5323 ministros,
3561 5265 3690 5307 non
3729 5265 3913 5309 secus
3958 5254 4151 5327 atque
4187 5245 4391 5327 ipsius
4426 5244 4554 5309 Dei
4593 5268 4758 5310 nun-

2813 5329 2945 5393 cios
3001 5350 3076 5393 ac
3126 5327 3377 5412 legatos
3435 5331 3851 5412 suscipimuS,
3897 5352 4058 5412 quos
4104 5330 4374 5413 perinde
4421 5354 4495 5397 ac
4540 5331 4760 5398 Deum
