5100 6061
683 445 831 515 XX
1860 385 2407 506 TRAdTATUS
2454 430 3040 502 momGIOI
3081 431 3523 500 MINORES.

1000 633 1305 716 Quatuor
1352 638 1616 696 tantum
1656 629 1811 695 sunt
1863 628 2017 693 folia
2057 614 2547 712 praeliminaria
2563 676 2579 703 ,
2611 598 2896 707 'praetor
2945 622 3234 700 titulum,
3280 620 3493 687 Bezae
3535 619 3874 703 epistolam
3916 617 4379 687 dedicatoriam
4420 621 4503 687 ad
4547 624 4690 690 Gu-

684 744 987 811 lielmum
1029 745 1391 829 principem
1436 743 1867 808 Arausiacum
1912 738 2226 822 scriptam
2283 744 2350 802 et
2403 734 2688 802 indicem
2728 734 3145 800 continentia.
3236 732 3623 817 Sequuntur
3661 732 3991 797 terniones
4032 732 4393 815 nonaginta
4434 756 4689 815 novem,

692 857 954 937 A—Z;
1017 856 1351 933 Aa--Zz;
1398 853 1771 932 AA—ZZ;
1815 851 2265 929 AAa-zz23
2309 846 2845 931 AAA—GGG)
2901 845 3013 930 qui
3053 866 3404 911 numerum
3444 843 3837 927 paginarum
3880 843 4126 908 faciunt
4157 864 4300 910 esse
4348 842 4512 903 1188
4554 859 4692 903 non

697 972 727 1031 1
742 971 863 1031 168
908 975 984 1032 ut
1024 968 1187 1032 vitio
1232 985 1579 1050 operarum
1623 963 1938 1046 seriptum
1982 969 2097 1028 est.
2184 960 2313 1025 His
2356 956 3003 1041 comprehenduntur
3042 963 3360 1022 tractatus
3403 954 3750 1038 theologici
3792 956 4054 1037 proprie
4095 955 4188 1020 sic
4223 955 4397 1021 dicti.
4487 953 4693 1017 Acce-

691 1078 807 1159 dit,
851 1100 1046 1162 quem
1087 1079 1218 1144 iam
1265 1077 1497 1142 titulus
1538 1073 1976 1158 promittebat,
2025 1071 2314 1138 Senecae
2351 1070 2521 1138 liber
2563 1069 2644 1134 de
2684 1068 3077 1148 Clementia,
3125 1066 3241 1134 sed
3285 1067 3658 1151 appendicis
3701 1067 3841 1131 loco
3884 1086 3925 1130 a
3964 1068 4210 1132 maiore
4251 1086 4518 1150 corpore
4561 1064 4694 1128 dis-

696 1191 886 1256 tincti
933 1198 1001 1255 et
1041 1190 1347 1256 facillime
1386 1186 1759 1271 separandi:

1003 1285 1508 1372 IOANNIS
1573 1282 2079 1367 OALVJNI
2145 1279 2155 1384 1
2210 1293 2311 1357 IN
2355 1294 2435 1358 L
2483 1291 2841 1357 ANNAEI
2885 1262 3707 1374 sENEoAE,1Roum
3750 1298 4155 1354 smiroms
4201 1290 4344 1374 AC!
4382 1315 4693 1351 mmm

694 1439 1002 1489 onmem,
1035 1439 1213 1474 mnes
1258 1419 1269 1483 Ι
1310 1409 1472 1475 duos
1531 1408 1609 1473 de
1662 1406 2039 1483 clementia,
2092 1405 2175 1470 ad
2226 1405 2564 1469 Neronem
2609 1401 2623 1491 Ι
2671 1402 3042 1479 Caesarem,
3099 1402 3110 1487 Ι
3178 1399 3882 1467 ΟΟΜΛῑΕΝΤΑΒΙΙ.
3971 1408 4329 1474 (Emblema.)
4402 1399 4690 1465 GENE-

708 1547 914 1629 VAE,
965 1534 1279 1647 lApud
1325 1535 1689 1616 Petrum
1731 1530 2488 1637 Santandreanum,
2546 1536 2556 1639 Ι
2627 1542 2720 1606 Μ.
2745 1540 2830 1605 D.
2856 1538 3183 1605 LXXVI„

1004 1657 1181 1724 Sunt
1223 1658 1420 1722 huius
1466 1653 1843 1739 appendicis
1885 1655 2217 1719 terniones
2262 1660 2511 1736 septem
2558 1652 2835 1738 (A—G)
2881 1673 3031 1717 cum
3071 1649 3226 1716 folio
3270 1673 3399 1716 uno
3443 1672 3791 1715 numerum
3837 1649 4211 1728 excedente,
4256 1650 4297 1713 1
4342 1671 4396 1714 e.
4443 1650 4510 1713 in
4557 1657 4694 1713 toto

693 1770 851 1836 folia
889 1770 1343 1836 Romanorum
1386 1788 1570 1832 more
1613 1767 1873 1851 signata
1914 1764 2179 1830 XLIII.

1004 1881 1219 1944 Bezae
1263 1878 1535 1962 epistola
1576 1877 1779 1961 priori
1822 1877 1938 1966 illi,
1986 1876 2255 1962 gallicae
2300 1875 2571 1940 editioni
2612 1876 2963 1958 praefixae,
3010 1873 3341 1940 simillima
3384 1882 3510 1952 est,
3568 1846 3728 1938 adeo
3781 1882 3858 1938 ut
3900 1894 3985 1939 ex
4027 1880 4213 1956 parte
4257 1874 4455 1939 verbo
4501 1881 4693 1938 tenus

690 1992 877 2056 illam
918 1990 1188 2069 referat3
1246 1996 1537 2054 attamen
1591 1990 1744 2073 quia
1783 1960 2048 2055 Calvini
2103 1987 2366 2052 laudem
2413 1993 2479 2051 et
2534 1986 2903 2071 apologiam
2961 1985 3229 2052 exhibet
3272 1984 3522 2050 acriore
3565 1964 3783 2050 animo
3829 1984 4146 2052 adversus
4190 1987 4327 2050 eius
4372 1986 4694 2052 obtrecta-

691 2110 869 2169 tores
914 2100 1241 2183 scriptam,
1288 2101 1412 2166 hoc
1458 2100 1598 2166 loco
1643 2099 1904 2166 silentio
1948 2120 2098 2164 eam
2141 2097 2504 2182 praeterire
2548 2096 2874 2163 nolumus.

694 2273 1144 2345 Illustrissimo
1197 2277 1253 2336 et
1291 2272 1725 2353 potentissimo
1783 2269 2078 2352 Principi
2134 2290 2210 2335 ac
2262 2271 2536 2350 domino,
2597 2268 2684 2333 D.
2745 2269 3086 2347 Gulielmo,
3146 2267 3440 2347 Principi
3493 2268 3807 2349 Auraico,
3868 2268 4091 2335 Comiti
4146 2268 4532 2348 Nassaensi,
4591 2274 4694 2359 etc.

692 2382 1032 2467 Evanyelii
1085 2382 1322 2449 Christi
1374 2384 1445 2447 in
1500 2382 1881 2448 Hollandiae
1942 2385 1999 2445 et
2055 2379 2399 2447 Zelandiae
2448 2381 2683 2446 insulis
2739 2381 3036 2446 assertori
3091 2380 3440 2461 vinda-ique
3493 2379 3867 2461 fortissimo,
3933 2379 4228 2445 Gratiam
4280 2385 4336 2445 et
4378 2400 4599 2461 pacem
4650 2401 4696 2445 a

2371 2499 2379 2514 '
2545 2492 2836 2559 Domino.

1006 2630 1146 2695 Aut
1178 2651 1283 2714 eqo
1325 2628 1703 2694 vehementer
1755 2629 1978 2712 fallor,
2028 2629 2077 2693 I
2080 2629 2479 2694 llustmssime
2524 2627 2850 2709 Princeps,
2897 2633 3011 2692 aut
3043 2633 3294 2711 yratmn
3348 2629 3544 2693 simul
3577 2635 3632 2694 et
3678 2629 3828 2694 utile
3881 2629 3948 2692 T.
3997 2628 4074 2693 Ε.
4116 2628 4409 2710 futwrum
4461 2650 4694 2695 munus

695 2743 940 2826 adfero,
992 2743 1100 2806 secl
1142 2743 1220 2806 ab
1264 2741 1390 2806 alio
1431 2742 1853 2822 desumptum,
1910 2761 1988 2805 ne
2031 2742 2369 2822 quisquam
2410 2740 2482 2804 id
2523 2761 2565 2805 a
2606 2760 2704 2804 me
2735 2759 2976 2819 parum
3007 2740 3321 2819 pudenter
3364 2721 3809 2819 commendari,
3856 2746 3967 2804 aut
4006 2761 4051 2804 a
4091 2761 4189 2804 me
4222 2740 4582 2823 quidquem,
4625 2747 4698 2805 ut

696 2852 1015 2920 ambitiosi
1054 2852 1333 2918 homines
1372 2852 1579 2931 solent,
1604 2858 1861 2932 praeter
1901 2857 2078 2917 tuum
2121 2857 2180 2917 et
2222 2870 2538 2917 commune
2580 2851 2959 2916 commodum
3001 2852 3247 2933 captari
3279 2851 3583 2931 opinetur.
3673 2850 3840 2915 Eius
3883 2851 4157 2917 auctoris
4196 2857 4302 2931 est,
4347 2855 4459 2933 qui
4500 2874 4694 2934 quan-

694 2970 798 3030 tus
840 2965 940 3028 vir
975 2964 1191 3047 fuerit,
1234 2969 1359 3029 tres
1410 2964 1919 3045 locupletissimos
1962 2969 2140 3029 testes
2180 2963 2489 3028 habemus.
2578 2962 2679 3028 Ac
2705 2962 2993 3044 primum
3034 2963 3285 3045 quidem
3327 2962 3822 3044 copiosissimam
3855 2963 4065 3046 ipsius
4098 2963 4380 3029 laborum
4419 2985 4695 3047 messevn,

694 3078 768 3142 id
820 3082 909 3142 est
958 3076 1440 3141 innumerabiles
1492 3097 1699 3157 paene
1739 3078 2028 3143 ecclesias
2072 3097 2193 3160 per
2236 3076 2595 3141 universam
2638 3076 3021 3156 praesertim
3069 3075 3357 3142 Galliam
3412 3076 3740 3155 dispersas
3753 3126 3768 3154 ,
3831 3095 3990 3156 quae
4031 3075 4110 3139 ab
4151 3077 4271 3141 isto
4284 3127 4299 3156 ,
4358 3079 4696 3144 seeundum

694 3188 924 3268 Deum,
956 3193 1217 3268 parente
1256 3208 1324 3253 se
1353 3193 1703 3271 proqnatas
1744 3209 1873 3254 esse
1912 3190 2132 3253 merito
2164 3186 2570 3268 profitentur:
2612 3187 2832 3252 deinde
2871 3207 3013 3252 vero
3055 3188 3135 3251 ab
3180 3206 3248 3252 eo
3288 3192 3419 3251 tam
3460 3186 3677 3266 multa,
3720 3192 3852 3251 tam
3894 3187 4134 3252 erudite
4148 3238 4163 3267 ,
4205 3193 4337 3252 tam
4377 3189 4695 3270 iudiciose,

695 3303 827 3364 tam
862 3301 1051 3364 etiam
1084 3300 1447 3380 eloquenter,
1490 3304 1620 3364 tam
1653 3300 1915 3380 denique
1949 3299 2408 3365 admirabiliter
2440 3300 2695 3379 scripta,
2731 3302 2816 3378 ut,
2852 3300 3014 3380 quod
3046 3298 3209 3363 citra
3242 3299 3551 3365 invidiam
3584 3299 3671 3362 sit
3702 3299 3949 3377 dictum,
3986 3319 4145 3380 quae
4175 3300 4242 3363 in
4279 3301 4534 3365 caeteris
4566 3302 4697 3366 sin-

693 3410 960 3495 yularia
1002 3411 1250 3504 elucent,
1291 3411 1364 3475 in
1405 3409 1519 3514 hoe
1562 3413 1773 3476 omnia
1813 3410 2009 3476 simul
2050 3412 2377 3478 coniuncta
2418 3411 2688 3476 eminere
2717 3411 2915 3492 plane
2954 3411 3303 3475 videantur.
3384 3410 3545 3476 Istis
3589 3410 3866 3494 adiunyo
3909 3411 4323 3476 certissimum
4364 3410 4528 3480 illud
4568 3414 4696 3478 vir-

698 3523 854 3586 tutis
895 3542 1024 3585 non
1061 3522 1349 3604 vul9aris
1391 3523 1821 3602 testimonium,
1864 3524 2029 3605 quod
2068 3524 2374 3587 neminem
2421 3519 2626 3588 Satan
2669 3523 2882 3588 acrius
2922 3541 3115 3603 quam
3154 3542 3352 3586 unum
3399 3521 3732 3588 Calvinum
3772 3522 4103 3603 lacessivit,
4148 3543 4191 3587 a
4225 3541 4347 3604 quo
4390 3524 4699 3588 nimbum

699 3653 835 3698 sese
877 3634 949 3698 in
978 3633 1219 3715 primis
1262 3633 1349 3698 acl
1384 3634 1597 3698 vivum
1645 3654 1841 3716 usque
1884 3633 2084 3719 (quod
2133 3634 2340 3716 aiunt)
2377 3636 2637 3715 penitus
2688 3634 2977 3700 sauciari
3029 3634 3238 3699 sensit.
3327 3633 3419 3699 Et
3464 3633 3628 3701 hunc
3681 3635 3937 3717 quidem
3978 3635 4212 3698 mirum
4267 3655 4396 3701 non
4431 3640 4524 3700 est
4551 3656 4700 3717 per·

689 3749 952 3828 petuam
995 3745 1224 3809 salutis
1264 3744 1583 3809 hominum
1626 3744 1872 3825 hostem,
1916 3751 2030 3810 aut
2071 3765 2175 3809 eos
2217 3746 2330 3827 qui
2369 3751 2659 3829 apertum
2698 3746 2946 3810 veritati
2998 3744 3221 3810 bellum
3253 3746 3636 3826 indixerunt,
3680 3745 4062 3811 Antichristi
4100 3746 4403 3810 nimirum
4443 3747 4702 3812 romani

701 3857 1041 3939 mancipia,
1085 3876 1225 3920 eum
1268 3877 1311 3920 a
1352 3877 1473 3937 quo
1515 3861 1947 3940 oppuynentwr
1988 3857 2269 3922 vicissim
2300 3858 2614 3939 persequi.
2704 3856 2891 3922 Illud
2942 3861 3151 3922 autem
3185 3857 3377 3938 plane
3419 3859 3594 3923 triste
3637 3863 3743 3936 est,
3790 3862 4030 3922 tantam
4069 3876 4201 3923 esse
4230 3877 4422 3938 posse
4449 3857 4700 3939 partim

702 3968 940 4033 erroris
981 3967 1352 4049 efficaciam,
1395 3968 1637 4048 partim
1679 3968 2077 4050 quorundam
2130 3968 2200 4032 in
2241 3969 2454 4049 ipsam
2511 3968 2702 4032 etiam
2740 3968 3176 4033 conscientiam
3225 3968 3390 4032 ultro
3424 3970 3813 4049 peccantium
3856 3967 4336 4048 improbitatem,
4392 3972 4465 4031 ut
4485 3988 4701 4050 paene

701 4100 780 4145 ex
839 4080 977 4144 eius
1029 4079 1228 4143 unius
1280 4079 1738 4163 oppuqnatione
1781 4080 2068 4161 palmam
2106 4085 2358 4161 petant,
2413 4101 2456 4144 a
2510 4099 2632 4162 quo
2687 4080 2961 4144 maxime
3004 4079 3250 4144 erudiri
3294 4084 3646 4161 potuerunt.
3739 4078 3864 4146 Sed
3905 4078 4018 4144 hoc
4061 4084 4264 4144 tamen
4305 4099 4503 4161 usque
4545 4080 4702 4147 adeo

701 4210 932 4256 novum
981 4211 1108 4254 non
1151 4196 1240 4255 est
1255 4241 1270 4270 ,
1326 4195 1395 4254 ut
1435 4197 1648 4257 contra
1691 4211 1812 4256 non
1854 4191 1991 4257 alia
2033 4212 2316 4274 unquam
2369 4210 2762 4256 summorum
2810 4192 3096 4256 virorum
3152 4190 3421 4257 conditio
3472 4191 3695 4273 fuem't:
3754 4191 3934 4257 euius
3993 4192 4086 4256 rei
4129 4190 4473 4273 praecipue
4514 4190 4700 4257 nobis

698 4301 1051 4381 exemplum
1092 4301 1492 4366 Athanasius
1545 4306 1602 4366 et
1645 4299 2117 4385 Chrysostomus
2153 4303 2466 4385 praebent.
2562 4302 2891 4386 Oriqenem
2944 4304 3111 4370 enim
3161 4322 3238 4366 ne
3279 4303 3333 4366 ii
3375 4302 3627 4384 quidem
3670 4304 3832 4368 satis
3872 4322 4170 4367 excusare
4201 4307 4546 4384 potuerunt
4585 4304 4700 4385 qui

696 4418 851 4479 sunt
890 4413 968 4476 ab
1011 4432 1076 4476 eo
1115 4413 1431 4494 fascinati.
1522 4411 1844 4479 Caeterum
1893 4407 2033 4479 iure
2074 4434 2159 4481 an
2203 4414 2451 4479 iniuria
2506 4419 2593 4478 tot
2634 4415 2703 4478 in
2746 4435 2886 4479 eum
2934 4415 3213 4495 undique
3253 4413 3451 4479 hostes
3501 4414 3819 4496 ferantur,
3870 4432 4096 4494 operae
4136 4413 4420 4492 pretium
4461 4433 4700 4496 quoque

695 4524 923 4606 fuerit,
978 4523 1330 4604 expendere.
1418 4524 1635 4590 Monet
1675 4525 1992 4590 Dominus
2042 4530 2113 4590 ut
2166 4546 2241 4589 ese
2291 4525 2599 4607 fructibus
2640 4524 3225 4607 pseudoprophetas
3279 4526 3733 4608 diynoscamus.
3824 4525 3967 4590 Hos
4003 4524 4251 4606 fruetus
4305 4544 4437 4590 esse
4477 4530 4698 4606 statuo,

699 4638 895 4701 vitam
927 4639 985 4699 et
1023 4633 1384 4716 doctrinam.
1473 4635 1559 4700 In
1596 4635 1845 4702 Calvini
1885 4637 2018 4701 vita
2048 4636 2204 4718 quid
2243 4637 2356 4701 isti
2397 4639 2646 4703 tandem
2677 4637 3131 4721 reprehendent,
3173 4637 3304 4702 nisi
3336 4636 3445 4702 hoc
3486 4637 3621 4703 illis
3661 4637 3958 4702 vitiosum
3994 4635 4240 4701 videtur
4277 4636 4445 4720 quocl
4485 4656 4700 4701 eorum

701 4747 963 4813 niinime
1014 4743 1249 4809 similis
1286 4744 1413 4826 fuit
1426 4746 1463 4811 ‚9
1520 4747 1694 4814 homo
1749 4748 1992 4830 alioqui
2033 4752 2322 4829 peccator
2372 4751 2473 4833 (ne
2514 4752 2662 4831 quis
2717 4751 2811 4814 ita
2849 4749 3135 4814 insaniat
3180 4753 3251 4813 ut
3291 4748 3456 4815 hunc
3508 4770 3551 4813 a
3602 4770 3699 4814 me
3754 4749 3917 4814 velut
3961 4748 4032 4812 in
4084 4748 4235 4815 cleos
4285 4747 4514 4831 referri
4555 4767 4700 4813 eum

700 4855 1202 4924 antichristianis
1239 4857 1376 4923 illis
1418 4860 1757 4940 mancipiis
1797 4859 2093 4944 clamitet)
2136 4859 2264 4938 secl,
2296 4864 2380 4922 *ut
2418 4862 2634 4926 omnia
2663 4863 2895 4944 paucis
2936 4861 3157 4942 ἅίοαηι,
3198 4862 3345 4926 istis
3376 4880 3652 4941 prorsus
3692 4861 4060 4944 dissimilis,
4103 4862 4215 4943 qui
4257 4880 4448 4941 neque
4487 4860 4701 4923 cuius-

703 4990 896 5053 quam
946 4990 1227 5052 unquam
1274 4971 1552 5054 qratiam
1602 4975 1909 5052 captasse,
1962 4973 2073 5052 qui
2114 4970 2320 5038 nullos
2353 4992 2636 5053 unquam
2679 4972 2943 5038 honores
2985 4972 3318 5038 ambivisse
3332 5022 3347 5050 ‚
3403 4972 3515 5053 qui
3558 4971 3773 5038 nullas
3815 4992 4099 5055 unquam
4140 4991 4282 5051 opes
4323 4969 4455 5036 clici
4485 4970 4703 5051 possit

711 5081 1095 5162 quaesivisse
1108 5131 1124 5162 ,
1182 5082 1285 5146 cui
1327 5085 1528 5147 tamen
1570 5080 1733 5145 nihil
1786 5101 2001 5147 eorum
2042 5084 2243 5165 defuit
2283 5081 2512 5164 quibus
2554 5084 2640 5148 ad
2682 5104 2789 5148 eas
2832 5104 2932 5148 res
2972 5084 3145 5149 abuti
3186 5083 3462 5148 homines
3515 5083 3786 5148 nimium
3837 5084 4022 5148 multi
4073 5087 4523 5147 consueverunt.
4612 5079 4701 5146 Ia

701 5211 846 5258 vero
889 5211 975 5256 an
1014 5193 1157 5256 istis
1200 5193 1412 5273 ipsius
1462 5193 1875 5277 antayonistis
1928 5195 2258 5275 conveniat,
2301 5214 2509 5260 omnes
2565 5195 2635 5258 in
2690 5214 2960 5276 quorum
3016 5194 3212 5260 oeulis
3261 5200 3596 5266 versantur
3647 5196 3983 5261 iudicanto.
4072 5190 4156 5256 In
4214 5193 4500 5258 doctrina
4553 5211 4698 5257 vero

639 5350 645 5362 ,
704 5303 863 5386 quid
917 5303 1028 5368 isti
1078 5303 1529 5385 reprehendunt
1545 5302 1582 5368 s?
1670 5303 2006 5369 Arrodunt
2057 5305 2349 5373 nonnulli
2403 5305 2567 5371 hunc
2620 5305 2718 5371 vel
2767 5306 2953 5372 illum
3003 5306 3207 5372 locum
3276 5327 3353 5371 ex
3405 5308 3614 5389 ipsius
3666 5304 3921 5387 seriptis
3974 5308 4351 5386 excerptum,
4419 5304 4703 5369 homines
