5100 6061
335 437 462 499 485
1845 435 2366 504 CONSILHJM
2405 440 2698 506 PAULI
2740 442 2867 508 111.
4217 401 4368 515 iss

334 622 533 688 bendi
578 623 776 687 sunt?
869 622 1004 690 Sed
1050 623 1302 702 dicunt,
1348 625 1687 709 repudiato
1732 646 2040 709 supremo
2083 627 2291 710 impe-
2487 661 2490 664 1
2575 635 2692 710 [fol.
2741 637 2845 708 25]
2890 631 2984 698 Ut
3028 632 3374 697 falsissime
3412 633 3572 698 haec
3616 633 3685 696 in
3724 641 4161 715 protestantes
4205 659 4364 703 con-

335 709 575 774 ratoris
629 709 899 787 iudicio,
970 711 1144 793 quod
1199 719 1642 793 protestantes
1699 714 2091 792 moliuntur,
2151 735 2292 777 ma·
2398 716 2774 798 finguntur,
2821 719 2913 782 ita
2950 718 3194 783 nemini
3239 720 3616 796 manifesta,
3665 719 3780 783 sed
3823 720 4048 786 multis
4088 744 4209 806 per
4252 744 4362 788 ca-

334 796 533 860 iestas
578 796 1002 877 imperatoria
1037 797 1384 862 intercidat
1419 806 1693 880 oportet.
1765 800 1857 863 At
1896 797 2296 881 respondent
2398 799 2683 866 lumnias
2729 824 3045 885 persuasa
3090 824 3233 869 esse
3276 811 3569 886 possunt.

333 888 776 964 protestantes
841 882 1012 963 quod
1076 882 1387 966 improbis
1456 885 1883 968 absurdisque
1950 885 2292 950 sententiis

332 965 777 1043 intercedunt,
841 989 911 1033 se
964 969 1033 1031 in
1090 989 1166 1033 eo
1219 992 1353 1034 non
1408 990 1712 1035 eversum
1768 992 2066 1036 camerae
2121 970 2292 1035 iudi-

2575 971 2795 1036 Restat
2850 995 3014 1041 nunc
3057 976 3456 1040 tractandum
3508 997 3634 1056 qua
3689 977 3797 1040 via
3841 983 3894 1040 et
3937 979 4177 1043 ratione
4211 1001 4363 1061 pro-

333 1056 525 1130 eium,
553 1053 667 1118 sed
704 1054 867 1118 iuris
894 1054 1245 1137 legumque
1265 1056 1680 1122 observantia
1701 1059 2037 1123 firmatum
2071 1057 2292 1121 bonis-

2398 1058 2735 1121 videndum
2788 1061 2872 1123 sit
2912 1062 3197 1139 periculo
3251 1063 3480 1127 turcico
3534 1063 3730 1126 salvis
3782 1063 3964 1127 rebus
4018 1064 4362 1147 reliyionis.

334 1161 460 1223 que
511 1148 580 1203 et
622 1141 846 1222 aequis
887 1141 1052 1206 viris
1099 1142 1543 1206 instauratum
1591 1143 1777 1208 velle.
1847 1143 2018 1208 Nam
2056 1143 2136 1208 de
2173 1147 2291 1222 [sol.
2404 1142 2694 1207 Periculo
2738 1147 2967 1211 turcico
3013 1148 3448 1227 provideretur
3476 1199 3490 1225 ‚
3535 1149 3596 1212 si
3631 1147 3709 1212 ab
3753 1151 4036 1229 utrisque
4050 1201 4063 1227 ,
4106 1151 4363 1216 catholi-

337 1232 446 1305 24]
493 1226 804 1309 religione
850 1227 1071 1291 subire
1126 1227 1434 1292 iudicium
1481 1229 1657 1312 apud
1702 1249 1812 1294 eos
1867 1229 2133 1307 iudices,
2181 1229 2289 1313 qui
2397 1230 2488 1294 cis
2528 1228 2757 1295 scilicet
2784 1235 2838 1294 et
2867 1233 3367 1312 protestantibus,
3404 1234 3724 1298 auxilium
3758 1236 4190 1300 maiestatibus
4223 1239 4365 1303 suis

333 1333 529 1377 verae
572 1312 906 1396 religionis
951 1333 1035 1377 ex
1077 1314 1364 1395 professo
1410 1324 1476 1379 et
1526 1316 1828 1380 acerrimi
1869 1314 2093 1380 hostes
2139 1323 2294 1378 sunt
2397 1314 2785 1394 tribueretur,
2830 1317 2941 1382 sed
2974 1317 3308 1398 dubitatur,
3354 1339 3476 1382 uon
3506 1339 3692 1401 posse
3732 1321 3805 1385 id
3846 1321 4195 1402 impetrari,
4228 1324 4364 1388 uisi

332 1407 404 1462 et
444 1398 717 1462 violenti
761 1405 1125 1477 vexatores,
1183 1399 1479 1482 nihilque
1525 1400 1699 1482 quod
1745 1403 1814 1465 in
1858 1402 2019 1485 ipsis
2064 1411 2162 1465 est
2207 1399 2290 1464 ad
2384 1401 2584 1480 prius
2627 1402 2702 1464 de
2746 1402 3040 1484 reliyione
3083 1405 3245 1468 inter
3289 1426 3389 1469 eos
3428 1408 3794 1471 convenerit.

331 1482 653 1548 tollendos
698 1504 733 1546 e
779 1484 992 1548 medio
1036 1506 1263 1549 omnes
1308 1485 1421 1568 qui
1465 1508 1688 1551 veram
1729 1487 2118 1571 religionem*
2152 1507 2290 1551 sec-

333 1577 562 1634 tantur
607 1581 671 1634 et
716 1570 838 1652 ipsi
882 1571 1133 1634 faciunt
1173 1570 1407 1662 reliqui
1448 1580 1514 1636 et
1559 1574 1705 1637 aliis
1748 1571 2123 1638 faciendum
2167 1572 2290 1635 im-

332 1666 606 1737 ponunt,
654 1656 840 1720 cuius
876 1655 982 1720 vel
1017 1657 1292 1721 inertiae
1330 1658 1434 1722 vel
1471 1659 1800 1724 socordiae
1837 1660 2052 1724 esset?
2101 1678 2289 1742 prae-

335 1743 560 1806 sertim
608 1763 810 1824 quum
858 1742 1219 1810 detrectare
1263 1744 1405 1807 iure
1448 1744 1657 1810 liceat.

2568 1538 2687 1602 Er
2710 1537 2868 1620 quid
2924 1539 3217 1604 facerent
3268 1547 3478 1605 status
3522 1543 3814 1626 imperii,
3874 1543 4033 1607 dum
4085 1565 4209 1627 per
4254 1566 4358 1609 ro-

2393 1644 2659 1688 manam
2694 1626 2872 1689 Aten
2916 1630 2985 1689 et
3022 1625 3225 1689 furias
3270 1626 3349 1690 ab
3396 1647 3472 1690 ea
3509 1629 3898 1694 subornatas
3944 1630 4157 1695 civilis
4202 1629 4358 1695 belli

2393 1711 2569 1775 faces
2607 1718 2921 1792 perpetuo
2965 1711 3391 1775 iniioiantur?

2569 1880 2782 1962 Iqitur
2823 1902 3016 1962 quum
3044 1883 3308 1961 publica
3343 1903 3445 1947 res
3476 1885 3796 1966 reliyionis
3838 1886 4187 1950 universali
4220 1905 4361 1951 con-

2393 1968 2539 2032 cilio
2554 2018 2569 2047 ‚
2624 1988 2745 2031 non
2803 1973 3010 2032 autem
3063 1969 3132 2031 in
3197 1970 3427 2034 diaetis
3470 1971 3975 2050 particularibus
4029 1973 4360 2037 tractanda

2394 2055 2509 2132 sit,
2564 2074 2877 2136 quumque
2929 2054 3214 2118 catholici
3256 2076 3495 2136 semper
3551 2058 3825 2136 optarint
3878 2058 4233 2136 concilium,
4291 2062 4362 2122 ut

435 2251 438 2254 .
504 2179 762 2246 Graves
807 2201 964 2244 sane
1010 2189 1076 2244 et
1118 2180 1477 2246 truculenti
1515 2191 1917 2265 grassatores
1953 2190 2109 2247 sunt
2141 2203 2291 2265 pro·
2340 2153 2346 2298 ἰ
2383 2145 2732 2290 Ροὲἔήεξῑῇἵθ
2754 2140 3241 2289 ’ἶαῗίῗῬῗὶΜηδθΜ
3285 2161 3594 2206 recessum
3627 2147 3685 2206 εἰ
3713 2162 3838 2222 Pssr
3872 2143 4155 2223 capitula
4196 2144 4362 2226 liyass

331 2275 650 2332 testantes
691 2267 801 2348 qui
847 2267 1094 2331 civium
1141 2266 1279 2331 loco
1326 2289 1434 2332 eos
1479 2268 1791 2346 tolerant,
1839 2268 1970 2332 imo
2016 2269 2289 2351 amplio-

330 2373 470 2416 rem
514 2374 709 2434 quam
748 2351 904 2417 ullis
948 2353 1196 2418 civibus
1239 2352 1611 2419 libertatem
1655 2354 1759 2418 vel
1801 2353 2130 2418 licentiam
2176 2375 2290 2436 po·
2566 2363 2747 2446 Ergo
2774 2361 3277 2445 particularibus
3300 2362 3525 2445 regnis
3559 2363 3814 2428 nullam
3851 2363 3931 2429 de
3968 2363 4217 2429 Christi
4254 2387 4359 2429 re-

333 2439 462 2503 tius
508 2439 588 2502 118
616 2437 790 2519 apud
830 2459 899 2502 80
938 2438 1318 2515 (mumdum,
1365 2461 1524 2521 quos
1561 2448 1814 2503 certum
1854 2450 1956 2504 est
1989 2460 2138 2505 cum
2184 2461 2291 2505 ca·
2342 2503 2346 2518 ,
2396 2450 2640 2532 lig-ione
2687 2448 2860 2531 apud
2906 2468 2975 2512 se
3019 2447 3425 2513 restituenda
3469 2469 3694 2513 curam
3731 2450 4061 2532 suscipere
4098 2451 4196 2515 fas
4240 2458 4356 2517 est.

330 2524 641 2608 pitalibus
685 2526 820 2587 suis
865 2523 1160 2590 hostibus
1206 2525 1595 2607 conspirare.
1687 2526 1778 2589 Et
1819 2547 1966 2590 cum
2011 2525 2106 2600 iis,
2139 2526 2290 2591 hos·
2340 2543 2345 2564 ¹
2395 2536 2485 2599 Et,
2522 2533 2930 2617 pereundum
2965 2534 3268 2599 omnibus
3293 2540 3411 2611 est,
3457 2532 3710 2598 Christi
3755 2535 4097 2600 vocatione
4144 2545 4211 2601 et,
4255 2557 4361 2601 ga.

331 2611 510 2675 15111118
563 2631 722 2693 QUOS
776 2632 969 2675 1101110
1023 2613 1285 2694 ignorat
1330 2611 1618 2694 quotidie
1665 2612 1940 2675 elifium
1997 2612 2288 2694 ipsorum
2394 2620 2594 2684 lutari
2640 2620 3014 2685 visitatione
3058 2640 3263 2703 usque
3309 2620 3576 2698 reiecta,
3626 2618 3783 2683 dum
3829 2621 4140 2702 pontificii
4188 2621 4360 2705 quod

331 2697 568 2760 moliri.
677 2696 814 2760 Nec
880 2698 1060 2760 enim
1132 2696 1547 2761 dissimulant
1612 2699 1798 2762 ouius
1864 2697 1998 2762 sint
2064 2699 2287 2778 animi,
2393 2707 2565 2771 ferre
2608 2727 2740 2770 non
2784 2712 3055 2788 possunt
3076 2705 3402 2790 'generale
3446 2705 3824 2781 concilium,
3870 2711 4013 2769 tum
4057 2708 4257 2772 variis
4293 2715 4364 2773 et,

330 2802 534 2865 quum
577 2782 866 2864 ipsorum
912 2783 982 2846 in
1028 2783 1345 2868 religione
1390 2792 1740 2861 consortes,
1787 2782 1899 2848 Ubi
1939 2785 2289 2866 imperium
2395 2790 2673 2857 subinde
2710 2793 2898 2856 novis
2919 2792 3097 2855 inter
3131 2790 3524 2856 monarchas
3561 2790 3847 2856 dissidiis
3872 2793 4176 2871 accensiS,
4217 2803 4363 2858 tum

328 2867 610 2944 habent,
676 2867 865 2932 novis
931 2878 996 2931 et
1039 2868 1349 2935 inauditis
1404 2870 1747 2934 tormentis
1804 2871 2182 2935 excrucient
2226 2876 2291 2933 et
2395 2879 2696 2943 excitatis
2761 2877 3013 2942 bellicis
3079 2877 3502 2955 tumultibus,
3575 2884 3718 2941 tum
3772 2877 4136 2942 innumeris
4192 2876 4360 2954 aliie,

329 2953 679 3019 trucident·
2397 2964 2632 3048 quibus
2666 2963 2915 3047 pollent
2959 2963 3229 3043 artibus,
3276 2963 3640 3028 extrahunt
3681 2969 3746 3026 et
3782 2961 4086 3027 eludunt!
4178 2961 4361 3042 Quid

2394 3071 2556 3116 vero
2600 3052 2809 3134 magis
2864 3049 3442 3115 antichristianum
3490 3047 3619 3115 dici
3663 3051 3869 3133 possit
3910 3069 4106 3131 quam
4150 3069 4362 3132 regna

491 3143 712 3208 ·Nulla
768 3145 967 3226 iyitur
1019 3165 1160 3225 spes
1210 3145 1435 3226 firmae
1491 3151 1546 3209 et
1595 3146 1930 3211 diuturnae
1981 3145 2161 3227 pacis
2216 3166 2289 3209 ex
2397 3136 2662 3202 Christo
2706 3136 3072 3202 consociata
3116 3158 3251 3200 non
3297 3133 3531 3200 debere
3573 3143 3860 3201 tractare
3916 3135 3996 3200 de
4044 3135 4360 3218 religione

332 3231 558 3294 amicis
595 3231 1075 3295 tractationibus
1117 3230 1332 3297 haberi
1365 3236 1577 3312 potest,
1622 3232 1754 3295 nisi
1777 3252 1914 3296 eam
1938 3251 2158 3313 pacem
2194 3253 2290 3295 ve-
2398 3222 2685 3301 Christi,
2732 3245 2865 3288 non
2906 3222 3302 3301 consultare,
3360 3229 3436 3285 ut
3479 3243 3612 3288 non
3657 3221 3937 3303 diruptis
3977 3222 4362 3303 perniciosis

505 1930 592 1994 Et
646 1932 778 2010 ipsi
822 1931 1076 2010 impune
1131 1933 1202 1995 in
1244 1933 1521 1996 omnium
1575 1933 1729 1998 bona
1774 1940 1831 1999 et
1873 1935 2066 1998 vitam
2104 1955 2292 2017 yras-

332 2018 470 2082 sari
502 2018 773 2098 possint.

333 3317 545 3395 limus,
591 3336 751 3397 quae
796 3322 850 3381 et
892 3337 1130 3381 omnem
1172 3317 1539 3398 diqnitatem
1586 3318 1756 3382 sedis
1810 3316 2176 3396 apostolicae
2219 3318 2289 3381 in
2397 3309 2797 3374 Antichristi
2839 3308 3118 3373 vinculis
3152 3310 3307 3393 iugo
3343 3328 3485 3372 sese
3519 3328 3749 3372 rursus
3795 3306 4046 3372 Christi
4084 3307 4361 3373 submit-

323 3404 564 3484 primis
605 3403 920 3484 opprimat
967 3408 1022 3467 et
1062 3403 1427 3467 catholicam
1481 3402 1837 3485 xeliyionem
1879 3403 2175 3468 conculcet
2217 3424 2290 3469 ac
2397 3400 2544 3458 tant
2588 3392 2926 3460 commodo
2971 3400 3037 3458 et
3080 3393 3395 3459 salutari?
3808 3410 3812 3414 *

337 3508 576 3552 omnem
622 3488 907 3553 ecclesiae
951 3488 1234 3553 ordinem
1299 3489 1636 3569 confundat
1687 3509 1762 3553 ac
1803 3488 2096 3553 destruat.

2571 3581 2953 3663 Repropouit
2998 3583 3430 3648 maiestatibus
3484 3584 3624 3648 suis
3668 3582 4226 3648 reverendissimus
4271 3582 4355 3646 le-

2388 3673 2576 3753 yatus
2616 3674 2686 3732 ut
2728 3669 2914 3732 velint
2955 3669 3061 3733 hoc
3102 3670 3430 3736 concilium
3466 3671 3923 3735 oecumenicum
3957 3666 4359 3749 statim‘pro-

2392 3755 2570 3834 sequi
2613 3760 2665 3818 et
2706 3752 3019 3819 celebrari.
3109 3755 3244 3820 Hoc
3289 3756 3455 3819 enim
3498 3756 3674 3819 modo
3718 3754 4062 3835 satisfactis
4104 3752 4361 3817 catholi-

505 3633 578 3699 Si
619 3634 902 3717 dignitas
939 3632 1107 3698 sedis
1144 3635 1530 3717 apostolicae
1568 3643 1666 3700 est
1702 3635 2119 3719 apostolicam
2157 3634 2289 3699 dis-

333 3721 642 3802 ciplinam
685 3730 1036 3803 praestare,
1084 3722 1138 3784 si
1185 3720 1411 3804 religio
1456 3729 1558 3787 est
1593 3743 1787 3805 quam
1826 3720 2133 3786 Christus
2168 3741 2288 3784 no-

331 3805 430 3869 bis
477 3805 776 3883 tradidit,
836 3806 892 3870 si
934 3806 1244 3871 ecclesiae
1289 3807 1446 3872 ordo
1493 3829 1696 3890 quem
1739 3806 1914 3872 idem
1958 3808 2287 3871 Dominus

333 3901 398 3955 et
454 3892 725 3974 Spiritus
781 3900 1043 3957 sanctus
1100 3915 1218 3976 per
1264 3895 1586 3975 apostolos
1632 3894 1949 3970 instituit,
1998 3893 2143 3975 quis
2188 3900 2289 3958 est
2393 3860 2486 3905 cis
2529 3860 2649 3904 non
2683 3845 2974 3920 poterunt
3018 3841 3271 3905 auxilia
3314 3841 3617 3924 deneyare
3661 3847 3717 3904 et
3757 3861 3860 3905 res
3901 3839 4222 3921 reliyioms
4265 3859 4363 3902 re-

2392 3927 2718 3990 mittantur
2758 3925 3012 3990 concilio
3054 3932 3126 3990 ut
3166 3927 3342 3991 decet.

2561 4068 2679 4142 [fol.
2707 4068 2811 4139 26]
2837 4062 3043 4143 Quasi
3089 4085 3243 4129 vero
3270 4071 3336 4128 et
3362 4062 3607 4128 Caesar
3650 4070 3716 4125 et
3756 4082 3877 4125 rex
3919 4080 4053 4125 non
4096 4081 4359 4143 semper

2389 4157 2529 4214 toto
2553 4158 2812 4231 pectore
2835 4150 3138 4232 prosequi
3160 4150 3591 4213 christianum
3617 4147 3961 4213 concilium
3985 4147 4360 4229 optaverint

331 3979 442 4059 qui
470 3978 860 4061 dignitatem
907 3979 1233 4061 opprimat
1280 3978 1451 4044 sedis
1488 3979 1894 4063 apostolicae,
1933 3981 2041 4061 qui
2065 3978 2288 4043 catho-

329 4062 522 4127 licam
568 4063 950 4147 religionem
987 4065 1337 4141 conculcet‚
1383 4067 1495 4148 qui
1530 4086 1794 4130 omnem
1829 4064 2138 4131 ecclesiae
2182 4085 2286 4128 or-

332 4149 554 4213 dinem
590 4150 951 4215 confundat
985 4166 1048 4214 et
1098 4149 1412 4230 destruat,
1447 4152 1574 4216 nisi
1610 4152 1905 4234 pontifex
1951 4153 2090 4235 ipse
2137 4172 2287 4215 cum

331 4236 649 4300 creaturis
704 4236 883 4300 suis?
974 4237 1172 4319 Apud
1229 4237 1351 4301 hos
1405 4237 1580 4302 enim
1632 4237 1787 4320 quid
1832 4258 1968 4301 non
2013 4258 2096 4300 ex
2147 4237 2286 4301 diae
2390 4244 2586 4317 atque
2631 4237 2701 4299 in
2745 4235 2812 4299 id
2858 4235 3145 4301 studium
3181 4233 3461 4300 fideliter
3508 4233 3956 4299 incubuerint:
4006 4232 4189 4314 quasi
4240 4253 4359 4295 ne-

329 4330 544 4386 metro
588 4343 737 4386 cum
782 4321 1127 4407 disciplina
1161 4323 1517 4407 apostolica
1549 4324 1995 4405 institutisque
2033 4322 2283 4386 Christi
2390 4324 2654 4398 sciatur,
2698 4342 2817 4404 per
2857 4323 3229 4404 pontificem
3274 4321 3486 4384 solum
3530 4326 3597 4384 et
3639 4320 3780 4384 eius
3821 4326 4156 4384 creaturas
4201 4318 4360 4382 hac-

332 4406 629 4492 pugnat?
731 4410 1185 4475 Protestantes
1252 4430 1328 4474 ea
1393 4431 1557 4493 quae
1609 4408 1917 4476 Christus
1985 4409 2282 4487 sancivit,
2390 4415 2584 4472 tenus
2627 4409 2874 4472 factum
2919 4429 3061 4472 esse
3116 4429 3241 4490 quo
3299 4408 3517 4470 minus
3557 4405 3653 4489 pii
3695 4405 4024 4488 principes
4070 4403 4208 4468 voti
4253 4404 4357 4467 sui

330 4515 496 4577 quae
543 4514 658 4576 per
700 4515 934 4561 manus
977 4493 1387 4561 tradiderunt
1422 4495 1714 4579 apostoli,
1753 4517 1920 4579 quae
1960 4505 2287 4580 martyres
2392 4493 2514 4559 hac
2558 4495 2629 4557 in
2673 4516 2745 4558 re
2782 4503 3108 4576 compotes
3151 4494 3295 4557 fieri
3332 4494 3684 4575 potuerint.
3761 4490 3897 4556 Sed
3934 4511 4009 4556 eo
4046 4489 4359 4573 nequiore

331 4589 399 4645 et
454 4581 853 4645 sanctissimi
910 4590 1130 4665 patres
1173 4583 1607 4648 observarunt
1648 4584 1954 4648 restituta
1988 4582 2283 4664 cupiunt.
2391 4590 2459 4644 et
2502 4577 2955 4662 desperatione
3016 4589 3082 4644 et
3124 4579 3535 4663 impudentia
3591 4588 3692 4642 est
3746 4580 4045 4660 impurus
4089 4575 4198 4641 hic
4240 4596 4357 4639 ne-

330 4665 520 4731 Nihil
554 4687 710 4730 vero
744 4667 1093 4747 sublatum,
1119 4668 1250 4732 nisi
1272 4667 1442 4751 quod
1466 4669 1570 4733 his
1594 4668 1995 4734 adversatur.
2059 4666 2283 4746 Quare
2390 4687 2534 4748 pos,
2579 4666 2753 4748 quod
2797 4664 2968 4748 apud
3012 4685 3121 4730 eos
3166 4667 3260 4730 sic
3303 4665 3611 4748 loquitur,
3653 4666 3764 4746 qui
3807 4686 3946 4728 rem
3992 4669 4195 4725 totam
4244 4682 4359 4743 op-

333 4773 525 4818 nemo
547 4752 856 4817 cumillis
901 4774 1128 4835 pacem
1148 4754 1362 4819 facere
1393 4753 1782 4819 detrectabit
1817 4754 1941 4818 nisi
1988 4754 2103 4834 qui
2141 4754 2283 4817 An·
2389 4752 2552 4816 time
2596 4752 2893 4815 omnium
2947 4760 3291 4816 noverunt.
3385 4751 3570 4816 Haec
3614 4752 3820 4834 igitur
3864 4769 3996 4813 una
4040 4748 4207 4812 ratio
4258 4754 4361 4811 est

332 4837 616 4905 tichristi
651 4839 889 4920 spiritu
914 4848 1261 4922 occupatus
1317 4862 1598 4925 regnum
1642 4840 1891 4906 Christi
1936 4839 2106 4903 ferre
2149 4860 2284 4903 non
2389 4837 2786 4903 convocandi
2840 4838 3126 4915 concilii,
3183 4836 3504 4902 inducant
3544 4836 3841 4918 pontifex
3883 4843 3947 4899 et
3992 4836 4131 4898 eius
4176 4852 4359 4897 crea-

332 4935 561 5008 potest.
1185 4938 1186 4945 ’
1537 4962 1544 4969 ,
2388 4932 2576 4988 turae
2620 4924 2688 4987 in
2730 4924 3038 5000 animum,
3084 4930 3161 4988 ut
3203 4943 3397 5006 quam
3440 4924 3638 5005 impie
3683 4921 4122 5001 scelerateque
4166 4938 4359 4982 exer-

2392 5018 2543 5075 cent
2600 5008 3052 5092 tyrannidem,
3104 5019 3171 5073 et
3218 5018 3429 5073 totum
3479 5009 3603 5074 hoc
3661 5005 4161 5071 abominationis
4206 5025 4356 5088 reg-

509 5101 683 5165 Haec
726 5098 938 5165 omnia
971 5097 1527 5162 reverendissimus
1561 5098 1851 5162 dominus
1891 5097 2126 5179 leqatus
2164 5116 2285 5160 non
2390 5117 2569 5172 num,
2617 5116 2767 5161 cum
2811 5095 3111 5160 omnibus
3147 5096 3417 5179 flagitiis
3454 5093 3849 5159 Antichristi
3885 5091 4151 5156 tandem
4192 5091 4358 5155 abii-

333 5187 587 5269 iynorat
619 5204 948 5251 caesareae
982 5188 1038 5248 et
1067 5183 1738 5265 reqiae'maiestatibus
1770 5203 1901 5248 esse
1934 5181 2284 5263 manifesta,
2392 5179 2695 5247 ciendum
2764 5188 3015 5263 putent.
3106 5182 3213 5246 Ita
3265 5184 3380 5246 fiet
3442 5188 3517 5245 ut
3586 5201 3625 5243 a
3682 5179 3956 5244 concilio
3997 5178 4357 5243 christiano
4446 5220 4453 5229 -

335 5292 410 5338 ac
465 5273 657 5337 multo
699 5271 901 5354 plura
956 5271 1026 5333 in
1080 5268 1239 5333 hanc
1295 5269 1685 5347 sententiani,
1736 5289 1895 5350 quae
1937 5268 2037 5332 hic
2079 5268 2288 5352 colliyi
2393 5268 2801 5333 eversionem
2856 5275 3070 5333 status
3108 5270 3211 5333 sui
3257 5267 3424 5332 nihil
3468 5272 3790 5330 metuant.
3882 5265 4055 5329 Tum
4096 5266 4172 5328 in
4212 5284 4356 5327 ma·-

337 5356 670 5423 brevitotis
711 5357 991 5421 studium
1032 5376 1154 5420 non
1184 5354 1507 5436 pemittit.
2392 5354 2625 5417 iestate
2659 5354 3072 5437 imperatoris
3108 5364 3175 5419 et
3209 5354 3385 5437 regis
3405 5374 3593 5417 mora
3626 5351 3754 5416 erit
3788 5350 3970 5416 nulla
4003 5351 4164 5434 quin
4198 5370 4363 5416 con-

3829 5452 3933 5508 31*
