5100 6061
746 438 827 499 19
1294 463 1304 476 ·
2202 465 2214 487 ·
2382 426 2510 493 DE
2555 424 3103 494 CLEMENTIA
4657 429 4738 491 20

746 622 1155 707 epexegesin.
1246 620 1442 702 Quod
1486 620 1569 685 ad
1614 641 1938 703 praesens,
1985 618 2219 700 inquit,
2267 626 2584 699 tanquam
2622 616 2693 679 in

743 730 946 774 manu
990 708 1203 785 datur,
1250 706 1600 774 iucundius
1644 716 1758 771 est.
1849 706 2022 769 Rem
2065 724 2223 787 ergo
2267 712 2511 768 certam
2560 701 2692 766 ele-

749 803 983 879 ganter
1026 794 1301 859 dicimus
1346 795 1412 857 in
1458 812 1658 856 manu
1700 792 1998 875 positam,
2044 790 2232 873 quasi
2275 809 2476 871 mann
2516 808 2693 853 com-

748 878 1160 965 prehensam.
1252 880 1511 946 Dicitur
1566 887 1634 943 et
1672 879 1740 941 in
1783 875 2112 953 manibus,
2168 881 2237 939 et
2279 874 2363 939 ad
2401 893 2691 952 manum,

750 976 816 1031 et
858 986 1014 1049 prae
1035 966 1355 1045 manibus,
1402 974 1468 1030 et
1488 965 1611 1029 sub
1646 982 1866 1040 manu,
1912 971 1980 1027 et
2013 963 2188 1026 inter
2217 981 2472 1025 manus.
2540 958 2695 1024 Duo

749 1063 1082 1136 postrema
1123 1053 1370 1116 rariora
1413 1057 1582 1124 sunt,
1628 1049 1774 1114 ideo
1818 1047 2120 1131 exempla
2153 1046 2510 1112 subiiciam.
2573 1044 2694 1135 Se-

750 1160 913 1204 neca
963 1138 1045 1203 ad
1088 1138 1446 1203 Lucilium:
1506 1135 1870 1201 Consilium
1925 1135 2103 1200 nasci
2159 1132 2279 1197 sub
2324 1131 2429 1196 die
2474 1130 2694 1197 debet:

751 1223 876 1290 hoc
933 1245 1184 1306 quoque
1239 1222 1498 1287 tardum
1545 1229 1670 1286 est:
1729 1219 1851 1286 sub
1894 1240 2122 1297 manu,
2168 1227 2243 1283 ut
2285 1218 2495 1296 aiunt,
2540 1238 2696 1283 con·
2803 1287 2830 1291 -

753 1307 971 1374 silium
1016 1318 1336 1374 nascatur.
1428 1310 1519 1372 Et
1563 1307 1986 1389 Tranquillus
2040 1308 2108 1369 in
2154 1307 2489 1402 Augusto:
2546 1302 2697 1384 Quo

752 1396 1053 1473 celerius,
1107 1404 1175 1459 et
1227 1396 1346 1459 sub
1391 1416 1593 1458 manu
1639 1393 2027 1457 annunciari
2083 1409 2509 1475 cognoscique
2547 1410 2696 1472 pos-
2746 1412 2751 1439 ι

755 1492 856 1547 set
910 1479 1080 1564 quod
1136 1482 1207 1544 in
1272 1480 1612 1564 provincia
1667 1482 1941 1561 quaque·
1986 1488 2349 1561 gereretur,
2420 1478 2697 1541 invenes

752 1569 965 1651 primo
1007 1567 1280 1633 modicis
1323 1566 1690 1630 intervallis
1733 1583 1850 1647 per
1891 1564 2208 1628 militares
2252 1564 2412 1640 vias,
2458 1561 2698 1627 dehinc

752 1654 1054 1719 vehicula
1098 1653 1431 1736 disposuit.
1522 1650 1859 1734 Vergilius
1904 1650 2233 1714 Aeneidos
2279 1648 2436 1714 XL:

959 1759 1188 1810 Caetera
1223 1772 1329 1823 qua
1365 1771 1540 1807 rerum
1577 1754 1789 1807 iaceant
1822 1753 2074 1821 perculsa
2108 1754 2277 1816 ruina,

854 1840 857 1843 ’
957 1828 1099 1879 Ante
1138 1825 1341 1890 ocuIOS,
1379 1826 1621 1889 interque
1658 1838 1846 1875 manus
1884 1832 2009 1875 sunt
2044 1822 2219 1875 omnia
2252 1830 2479 1875 vestras.

750 1913 934 1977 Dicit
978 1932 1133 1995 ergo
1177 1910 1368 1985 Nem,
1415 1908 1487 1971 in
1527 1908 1701 1972 facili
1735 1905 1857 1971 sibi
1891 1928 2031 1972 esse
2078 1905 2474 1990 locupletare
2510 1926 2704 1988 quos-

672 2044 682 2059 „
750 1999 938 2074 libet,
994 2006 1059 2060 et
1112 1994 1431 2077 quoslibet
1488 1996 1688 2058 etiam
1739 1994 2019 2059 fortunis
2072 1993 2369 2075 spoliare.
2448 1993 2704 2057 Possu-

752 2107 901 2148 mus
945 2083 1145 2145 etiam
1189 2080 1610 2163 interpretari
1655 2101 1924 2143 manum
1968 2100 2086 2161 pro
2130 2080 2402 2162 imperio
2447 2087 2564 2143 aut
2600 2100 2704 2142 ar-

754 2170 980 2243 bitrie,
1040 2167 1321 2249 qualiter
1376 2166 1533 2230 illud
1603 2188 1641 2230 a
1701 2166 2084 2247 Tranquillo
2145 2165 2392 2229 dictum
2444 2166 2516 2229 in
2571 2164 2704 2229 Ne-

754 2275 940 2318 rone:
1000 2252 1243 2317 Omnia
1306 2273 1376 2316 se
1432 2252 1731 2317 facienda
1784 2252 2046 2329 fecisse,
2104 2251 2217 2317 sed
2262 2264 2573 2316 eventum
2631 2251 2703 2313 in

754 2362 958 2404 manu
1006 2361 1149 2403 esse
1191 2339 1505 2403 fortunae.
1599 2330 1783 2402 Idem
1831 2348 2055 2401 tamen
2097 2339 2225 2403 erit
2266 2358 2518 2402 sensus,

934 2427 1099 2505 Quid
1122 2426 1340 2505 meique
1384 2424 1739 2488 mortalium
1774 2422 2057 2509 fortuma]
2106 2424 2236 2489 Hic
2281 2425 2705 2488 manifestum

755 2515 832 2576 fit
875 2512 1236 2593 prinoipem
1283 2511 1441 2573 nihil
1500 2508 1679 2573 aliud
1735 2530 1878 2574 esse
1921 2530 2119 2591 quam
2173 2511 2472 2575 fortunae
2516 2529 2704 2591 orga-

756 2618 945 2662 num:
993 2597 1180 2661 cuius
1216 2607 1417 2659 'manu
1455 2608 1520 2659 et
1556 2596 1922 2659 ministerio
1957 2616 2217 2660 sursum
2242 2596 2545 2661 deorsum
2568 2616 2706 2659 om-

755 2685 864 2748 nia
911 2695 1142 2747 versat.
1234 2683 1567 2746 Fortunae
1613 2702 1853 2745 nomen
1895 2703 2013 2764 pro
2060 2681 2178 2745 deo
2221 2684 2453 2765 posuit,
2501 2683 2707 2747 usita-

2797 616 3173 697 expressius
3230 616 3386 693 fuit,
3446 615 3717 698 perinde
3761 635 3837 680 ac
3887 617 3947 681 si
3987 619 4205 681 omnia
4259 637 4484 683 secum
4527 614 4748 680 trahat

2797 703 3116 785 princepe,
3161 722 3237 767 ac
3281 709 3446 765 nutu
3473 704 3521 785 ¹)
3567 722 3687 767 suo
3731 704 4073 793 concutiat.
4165 703 4529 786 Vergilius:

3035 804 3255 871 Annuit,
3291 810 3348 857 et
3379 819 3628 871 magnum
3663 813 3796 859 nutu
3830 805 4134 860 tremefecit
4165 804 4462 874 Olympum.

2799 889 3068 955 Curtius
3108 889 3215 953 lib.
3262 888 3418 954 HL:
3478 891 3738 974 Agmen
3783 889 4220 956 Macedonum
4278 892 4606 955 intentum
4664 890 4746 955 ad

2800 973 2982 1041 ducis
3025 996 3158 1039 non
3203 974 3466 1058 signum
3510 973 3727 1053 modo,
3773 976 3888 1041 sed
3934 976 4130 1041 etiam
4177 986 4431 1041 nutum.
4519 976 4745 1042 Cicero

2799 1061 2909 1127 lib.
2964 1061 3017 1125 Ι.
3065 1059 3277 1144 Epist.
3346 1060 3430 1124 ad
3496 1058 3822 1141 Quintum
3887 1061 4184 1127 fratrem:
4257 1064 4384 1128 Tot
4447 1063 4744 1129 civitates

2801 1147 2998 1211 unius
3043 1146 3328 1211 hominis
3367 1154 3603 1211 nutum
3646 1148 4005 1213 intuentur.

2981 1233 3154 1314 Quas
3217 1231 3663 1320 transportari]
3734 1233 3896 1298 Fuit
3963 1232 4138 1298 enim
4213 1236 4414 1300 moris
4479 1236 4746 1318 antiqui,

2801 1327 3034 1403 gentes
3080 1318 3248 1383 bello
3293 1319 3597 1395 devictas,
3644 1340 3808 1403 quae
3850 1320 3975 1385 loci
4020 1316 4510 1403 opportunitate
4544 1342 4749 1388 novos

2803 1405 3070 1488 spiritus
3121 1404 3349 1469 tollere
3407 1414 3674 1487 possent
3693 1457 3706 1483 ,
3771 1405 3896 1470 alio
3940 1407 4320 1472 transferre.
4405 1407 4491 1472 In
4533 1407 4749 1473 Pane-
4863 1428 4880 1439 “

4160 1494 4262 1557 Tu
4318 1493 4750 1559 ferocissimos
4825 1544 4834 1550 .

2894 1492 3027 1556 rico
3081 1490 3467 1555 Maximiani
3524 1498 3591 1556 et
3615 1522 3618 1525 ¹
3644 1490 4090 1557 Constantini:

2882 1577 3241 1641 auritaniae
3294 1576 3567 1659 populos
3622 1578 3968 1643 inaccessis
4039 1581 4359 1643 montium
4416 1581 4615 1663 iugis,
4682 1588 4751 1645 et

2805 1662 3094 1727 naturali
3150 1664 3511 1727 munitione
3578 1661 3855 1729 fidentes
3923 1666 4349 1748 expugnasti,
4429 1666 4750 1749 recepisti,

2807 1748 3218 1815 transtulisti.
3311 1748 3546 1813 Livius
3588 1748 3698 1814 lib.
3747 1748 3972 1814 VEL:
4019 1750 4104 1814 In
4149 1750 4528 1816 Veliternos
4570 1760 4753 1817 vete-

2808 1856 2913 1900 res
2968 1836 3144 1901 cives
3197 1856 3528 1913 romanos,
3585 1835 3758 1919 quod
3803 1837 3995 1901 toties
4039 1835 4492 1918 rebellassent,
4537 1839 4753 1922 gravi-

2808 1929 2909 1985 ter
2954 1922 3308 1998 saevitum,
3367 1929 3432 1985 et
3475 1920 3648 1985 muri
3693 1920 3959 2000 deiecti,
4017 1931 4084 1986 et
4135 1932 4400 1988 senatus
4445 1924 4597 1989 inde
4640 1925 4752 1989 ab·

2810 2006 3072 2086 ductuS,
3135 2008 3424 2090 iussique
3487 2018 3669 2072 trans
3726 2008 4014 2073 Tiberim
4082 2009 4405 2075 habitare:
4493 2020 4564 2075 ut
4616 2012 4756 2076 eius

2809 2094 2920 2177 qui
2967 2093 3059 2158 cis
3103 2092 3391 2157 Tiberim
3449 2093 3895 2175 deprehensus
3949 2106 4146 2171 esset,
4205 2117 4412 2178 usque
4451 2094 4534 2161 ad
4576 2096 4758 2161 mille

2810 2201 3137 2262 passuum,
3183 2178 3397 2261 pondo
3444 2180 3781 2262 clarigatio
3838 2189 4024 2245 esset.
4117 2181 4315 2246 Item:
4375 2182 4478 2246 De
4523 2190 4755 2247 senatu

2810 2267 3200 2331 Privernate
3258 2266 3350 2329 ita
3410 2265 3771 2343 decretum,
3841 2277 3915 2330 ut
3970 2267 4081 2349 qui
4134 2277 4393 2332 senator
4446 2269 4756 2333 Priverni

2809 2362 2956 2434 post
3000 2350 3427 2417 defectionem
3471 2352 3551 2415 ab
3595 2352 3913 2417 Romanis
3955 2352 4307 2418 mansisset
4340 2364 4526 2420 trans
4561 2355 4753 2419 Tibe-

2810 2439 2964 2514 rim,
3024 2457 3227 2520 eaque
3283 2437 3425 2535 lege
3516 2459 3598 2500 ua
3652 2437 4005 2512 Veliterni,
4068 2438 4438 2503 habitaret(
4501 2439 4754 2505 Tradu-

2810 2545 2955 2590 cere
3002 2523 3172 2587 dixit
3214 2523 3389 2588 alibi.
3459 2459 3651 2604 &uod
3687 2524 3949 2601 bonum,
3987 2519 4163 2603 felix,
4208 2528 4623 2609 faustumque
4670 2528 4756 2591 sit

2809 2609 3048 2693 populo
3092 2629 3362 2673 romano
3406 2631 3479 2674 ac
3522 2609 3713 2687 mihi,
3761 2610 4070 2693 vobisque
4116 2611 4383 2687 Albani,
4439 2612 4756 2695 populum

2812 2716 3097 2777 omnem,
3127 2695 3459 2760 Albanum
3516 2696 3796 2759 Romam
3855 2695 4194 2761 traducere
4247 2697 4319 2761 in
4375 2700 4593 2763 animo
4635 2707 4754 2764 est.

755 2780 895 2833 tum
943 2770 1152 2850 magis
1210 2789 1404 2849 ‘luam
1462 2769 1816 2851 Proprium·
1909 2768 2095 2835 Nihil
2140 2770 2313 2832 enim
2364 2770 2704 2832 fortuitum
2756 2766 2760 2803 ²
2811 2782 2994 2846 Post:
3065 2781 3252 2845 Inter
3309 2781 3467 2845 haec
3511 2783 3643 2845 iam
3688 2781 4026 2864 praemissi
4072 2785 4318 2865 equites
4363 2794 4577 2861 erant,
4645 2788 4756 2867 qui

753 2856 836 2920 iis
880 2855 988 2937 qui
1036 2855 1406 2919 necessitati
1458 2856 1677 2917 omnia
1722 2854 2088 2919 subiiciunt.
2183 2856 2273 2918 At
2318 2854 2514 2919 verbo
2560 2875 2706 2936 pro-

755 2939 1105 3006 nunciandi
1164 2941 1453 3023 apposite
1513 2962 1669 3005 usus
1724 2949 1849 3018 est,
1908 2939 2076 3024 quod
2135 2950 2421 3005 statuere
2474 2950 2539 3003 ct
2598 2940 2707 3002 de-

756 3049 1024 3094 cernere
1069 3026 1394 3110 significat
1437 3048 1584 3091 eum
1623 3027 1733 3110 qui
1778 3027 1975 3092 habet
2016 3022 2549 3092 iurisdictionem.

2812 2867 3302 2931 multitudinem
3387 2868 3671 2933 Romam
3735 2867 4167 2932 traducerent.
4279 2870 4636 2953 Reperitur
4690 2880 4759 2934 et

2815 2955 2934 3018 hoc
2992 2953 3264 3019 verbum
3304 2974 3438 3053 ‘pro
3498 2954 3866 3037 deportare,
3925 2954 4037 3018 sed
4091 2977 4268 3030 rare,
4329 2957 4529 3021 semel
4587 2957 4756 3020 dun—

2758 3043 2762 3108 ἷ
2813 3053 2999 3105 taxat
3049 3040 3320 3104 memini
3375 3062 3480 3105 me
3547 3041 3761 3123 legere
3818 3040 3990 3122 apud
4054 3040 4446 3107 Suetonium
4498 3046 4569 3107 in
4617 3045 4756 3107 Au·

929 3131 1013 3194 Et
1068 3136 1273 3196 nostro
1326 3152 1616 3212 responso
1668 3131 1939 3195 laetitiae
1982 3151 2209 3195 causas
2255 3127 2510 3216 popula]
2561 3129 2707 3196 Hoc
2758 3125 2763 3202 ξ
2813 3137 3031 3211 gusto:
3092 3126 3456 3209 Agrippam
3499 3126 3708 3190 nihilo
3750 3127 4283 3206 tractabiliorem,
4330 3131 4458 3193 imo
4504 3129 4572 3193 in
4618 3128 4757 3194 dies
4831 3159 4846 3170 ·

757 3217 1176 3282 referendum
1223 3215 1305 3279 ad
1350 3218 1643 3299 gentium
1686 3218 1954 3300 legatos,
2005 3218 2454 3281 internuncios
2498 3227 2566 3280 et
2610 3219 2709 3281 in·
2758 3225 2763 3280 ἓ
2812 3213 3253 3289 amentiorem,
3298 3213 3369 3275 in
3414 3212 3698 3276 insulam
3738 3217 4223 3296 transportavit.

756 3313 1076 3385 terpretes
1146 3302 1476 3366 societatis
1533 3302 1864 3367 coeundae
1924 3322 2071 3366 cnm
2131 3301 2365 3385 populo
2418 3324 2704 3367 romane.
2757 3285 2763 3386 Ι

755 3389 915 3454 Fuit
958 3391 1135 3452 enim
1180 3410 1493 3470 magnum
1542 3388 1705 3452 illud
1749 3390 2098 3471 imperium
2146 3410 2507 3460 romanum,
2553 3411 2708 3453 vere

754 3497 1068 3559 magnum
1145 3474 1589 3540 latrocinium:
1674 3475 1777 3540 cui
1857 3474 2257 3557 stipendium
2328 3474 2709 3557 pendebant

756 3560 979 3643 populi
1027 3560 1195 3624 bello
1239 3560 1429 3624 subiu
1517 3561 1596 3624 ti:
1648 3567 1715 3625 et
1757 3561 1870 3643 qui
1913 3561 2138 3625 foedus
2182 3560 2515 3625 malebant
2557 3582 2707 3643 per-

759 3655 1007 3723 cutere,
1062 3666 1301 3729 magno
1345 3667 1414 3710 re
1461 3639 1755 3711 imebant
1810 3646 2218 3712 ambitiosam
2273 3647 2452 3710 illam
2506 3648 2707 3712 socie-

760 3741 980 3807 tatem,
1028 3752 1164 3795 non
1210 3731 1399 3816 longe
1446 3753 1483 3794 a
1529 3735 1847 3797 servitute
1892 3735 2186 3815 positam.

920 3835 1106 3900 'Haec
1169 3840 1249 3899 tot
1313 3833 1547 3920 millia]
1620 3834 1812 3915 Quod
1870 3844 1968 3900 est
2032 3835 2206 3919 apud
2265 3835 2579 3900 Plautum
2637 3838 2706 3899 in

760 3923 953 3987 aliam
1000 3921 1425 3996 sententiam,
1475 3922 1811 3986 verissime
1857 3921 1936 3988 de
1990 3922 2383 4003 imperatore
2438 3942 2707 3986 romano

759 4007 1118 4090 praedicari
1175 4007 1441 4089 poterit:
1482 4009 1527 4090 ¹)
1582 4007 1746 4071 Esse
1803 4008 2047 4073 scilicet
2099 4007 2326 4071 Iovem
2383 4007 2706 4089 quendam

761 4107 1115 4170 terrenum,
1162 4094 1274 4175 qui
1318 4102 1484 4156 nutu
1529 4115 1647 4158 suo
1685 4094 2004 4159 orientem
2040 4105 2105 4158 et
2140 4093 2539 4159 occidentem
2577 4102 2705 4157 tre-

758 4180 1121 4244 mefaceret.
1212 4179 1386 4242 Nam
1431 4191 1505 4242 ut
1551 4180 1639 4242 ait
1685 4178 1962 4245 Ovidius
2005 4179 2355 4244 Fastorum
2399 4178 2517 4243 II.:

1021 4281 1139 4333 Hoc
1178 4281 1311 4334 duce
1350 4298 1625 4334 romanum
1664 4293 1747 4335 est
1783 4283 1913 4337 solis
1949 4290 2231 4349 utrumque
2269 4282 2427 4350 latuS‚

760 4381 827 4435 et·
871 4368 1051 4431 alibi:

926 4462 933 4472 ’
1066 4469 1339 4524 Romanae
1378 4472 1611 4537 ssriatium
1647 4481 1732 4524 est
1767 4471 1913 4524 urbis
1948 4478 2004 4523 et
2040 4470 2182 4523 erbis
2212 4469 2372 4526 idem.

756 4555 1189 4623 Observanda
1244 4565 1345 4620 est
1401 4554 1751 4639 dispositio,
1852 4554 2156 4619 Primum
2212 4555 2334 4620 sibi
2373 4575 2522 4618 arro
2610 4557 2708 4621 vit

754 4645 857 4708 ius
891 4643 962 4706 in
1000 4645 1290 4724 privatas
1335 4643 1631 4705 omnium
1667 4641 2025 4718 facultates,
2069 4645 2216 4718 [pag.
2257 4644 2322 4718 8]
2361 4639 2514 4704 dein
2561 4662 2596 4705 e
2636 4641 2707 4704 in

755 4730 1052 4796 civitates
1109 4737 1176 4791 et
1208 4727 1533 4809 ·populos;
1604 4750 1777 4792 nunc
1836 4725 2172 4792 descendit
2224 4724 2307 4789 ad
2366 4746 2706 4790 enumera?

754 4817 996 4881 tionem
1055 4813 1449 4895 specierum,
1509 4813 1830 4895 quomodo
1889 4834 2005 4878 suo
2060 4832 2369 4894 responso
2424 4810 2707 4876 laetitiae

757 4922 987 4966 causas
1031 4898 1253 4981 populi
1300 4899 1619 4981 urbesque
1661 4899 2041 4980 concipiant.
2501 4928 2505 4931 ·

930 5002 1040 5067 Ad
1081 5008 1305 5066 nutum
1351 5023 1553 5066 „teum
1597 4999 2004 5086 Strinyentur]
2052 5000 2440 5082 Ἐμφατικῶς
2483 5001 2703 5082 posuit

650 5167 653 5170 .
756 5097 1021 5163 nutum,
1079 5108 1283 5170 quum
1337 5089 1495 5152 satis
1550 5097 1720 5152 esset
1776 5087 2030 5151 iussum
2080 5085 2311 5150 dicere.
2404 5084 2539 5151 Sed
2583 5086 2706 5150 hoc

759 5254 1164 5262 ἐμμὶ-,-

899 5361 956 5424 1)
998 5360 1147 5416 Εάᾱ.
1182 5366 1534 5417 recentiores.-
1570 5369 1801 5429 poterat.

2992 3300 3156 3379 Quos
3207 3319 3380 3381 reyes
3431 3300 3750 3380 mancipia
3800 3297 3971 3385 fieri]
4030 3300 4439 3383 Mancipium
4497 3299 4578 3364 ad
4622 3301 4756 3383 epi-

2814 3386 3018 3461 tasin;
3064 3383 3211 3466 plus
3256 3384 3431 3448 enim
3475 3385 3786 3466 exprimit
3829 3405 4023 3466 quan.
4070 3388 4124 3450 si
4170 3384 4456 3460 dixisset,
4506 3408 4542 3451 e
4580 3407 4756 3451 snm-

2812 3493 2919 3535 mo
2978 3470 3236 3553 fastigio
3293 3469 3638 3535 deturbare
3683 3469 3765 3534 ad
3816 3470 4253 3535 humillimam
4299 3472 4754 3538 conditionem.

2813 3555 2988 3622 Sunt
3031 3556 3207 3620 enim
3252 3557 3437 3638 quasi
3481 3579 3564 3620 ex
3610 3556 3923 3621 diametro
3960 3559 4271 3640 opposita,
4318 3579 4438 3622 rex
4474 3569 4540 3623 et
4573 3580 4760 3622 man-

2812 3644 3081 3725 cipium:
3131 3642 3295 3706 alter
3338 3642 3637 3708 omnibus
3682 3643 3976 3726 imperat,
4024 3644 4191 3708 alter
4233 3646 4304 3708 in
4345 3644 4576 3709 infima
4619 3666 4759 3709 ser-

2811 3729 3021 3792 vitute
3066 3729 3314 3809 positus
3362 3737 3475 3793 cst.

2992 3815 3292 3896 Quorum·
3325 3815 3517 3896 capiti
3565 3815 3806 3897 reyium
3858 3816 4237 3880 circunulari
4293 3815 4506 3902 demas]
4571 3817 4761 3882 Peri-

2810 3900 3068 3983 phrasis
3117 3909 3217 3964 est
3260 3900 3672 3978 diadematis,
3734 3922 3862 3982 qua
3906 3922 4066 3966 usus
4111 3909 4209 3965 est
4261 3903 4457 3966 etiam
4505 3901 4762 3968 Seneca

2811 3987 2882 4050 in
2927 3985 3216 4051 Hercule
3261 3988 3551 4051 furente:

3427 4087 3548 4141 Vidi
3584 4091 3785 4158 regium
3823 4089 3986 4156 capiti
4022 4089 4186 4143 decus

3223 4156 3352 4211 Cum
3390 4159 3564 4225 capite
3601 4165 3831 4226 raptum.

2811 4243 3000 4312 Idem
3043 4244 3113 4307 in
3157 4243 3482 4327 Thyeste:

3461 4344 3682 4413 Regium
3721 4347 3881 4413 capiti
3917 4342 4108 4401 deeus'

3224 4414 3314 4468 Bis
3352 4422 3538 4482 terque
3576 4415 3784 4482 lapsum
3821 4424 3919 4468 est.

2810 4498 3135 4567 Diadema
3200 4501 3374 4565 enim
3454 4521 3683 4584 regum
3748 4501 4008 4584 insigne
4073 4503 4273 4567 fuisse
4343 4513 4568 4572 notum
4637 4513 4756 4571 est.

2812 4588 3044 4652 Fascia
3084 4597 3226 4651 erat
3268 4587 3622 4670 variegata,
3669 4607 3708 4669 a
3753 4585 3946 4650 verbo
3983 4608 4211 4670 graeco
4258 4587 4474 4651 διαδέω
4519 4610 4761 4655 nomen

2814 4672 3192 4750 deductum,
3264 4670 3434 4753 quod
3506 4671 3837 4755 significat
3900 4674 4292 4758 circumligo.
4396 4676 4762 4750 Diversum

2811 4760 3012 4824 fuisse
3072 4780 3111 4822 a
3168 4779 3404 4823 corona
3457 4756 3740 4822 ostendit
3783 4756 4011 4823 Cicero
4048 4758 4335 4843 Philipp.
4386 4761 4496 4840 Π.,
4553 4783 4764 4845 quum

2813 4843 3037 4910 scribit
3079 4845 3441 4909 Antonium
3485 4843 3819 4910 consulem
3867 4843 4164 4910 diadema
4206 4857 4271 4910 et
4314 4868 4593 4931 regnum
4644 4845 4763 4912 ob·

2810 4932 3039 4996 tulisse
3098 4929 3365 4996 Caesari
3425 4939 3751 4995 coronate.
3843 4930 3934 4994 Et
3978 4931 4287 5016 Valerius
4341 4932 4450 4998 lib.
4499 4933 4615 4998 VI.
4676 4933 4763 4998 de

2811 5017 3152 5100 Pompeio:
3200 5014 3324 5080 Oui
3357 5013 3633 5080 candida
3667 5016 3862 5084 fascia
3898 5038 4047 5082 crus
4082 5018 4420 5102 alligatum
4471 5019 4760 5099 habenti,

2815 5186 2914 5190 -‘.7
3023 5183 3216 5190 770.—

2813 5375 2902 5413 Μ
2949 5291 3006 5357 1)
3047 5287 3157 5344 Ea.
3201 5291 3458 5359 princeps
3501 5292 3683 5346 habet.-
3740 5299 3918 5359 motu,
3976 5306 4042 5346 ex
4089 5281 4380 5359 miniscere
4427 5294 4766 5363 typoyraphi

2903 5376 3010 5414 ore.
3645 5387 3652 5392 ·
