5100 6061
367 399 485 458 357

2034 396 2640 467 CATECHISMU
2643 398 2712 467 S.

4257 420 4384 481 358

361 584 557 650 deest.
593 672 604 684 ⁸
662 583 997 667 Quidquid
1055 593 1275 650 autem
1330 588 1480 685 fecit
1540 595 1606 651 et
1659 607 1890 669 passus
1937 594 2037 651 est
2085 587 2156 649 in
2191 607 2318 683 tre·
2370 623 2376 648 ι
2427 593 2573 688 [pag.
2598 594 2708 688 66]
2736 589 3305 674 misericordiaque
3326 593 3596 657 Domini
3625 599 3992 679 provenire,
4029 601 4212 667 nulla
4237 604 4383 688 dig-

363 670 804 753 demptlonem
849 681 1143 736 nostram
1188 670 1524 750 Christus,
1572 683 1761 738 extra
1803 681 2318 738 controversiam
2425 683 2649 739 nitatis
2694 684 2956 741 nostrae
2988 678 3242 742 ratione
3287 677 3528 759 habita,
3574 681 3887 765 nulloque
3932 707 4204 768 operum
4238 711 4381 756 me-

361 779 593 824 verum
648 778 791 821 esse
857 757 1183 822 ducimus:
1265 757 1810 840 quemadmodum
1885 758 1955 822 in
2022 757 2318 841 symbolo
2424 759 2550 823 rito
2596 761 2665 824 in
2712 751 3038 827 calculum
3077 765 3411 841 veniente,
3458 767 3691 848 quibus
3729 791 3859 834 non
3894 771 4028 835 alia
4074 796 4379 840 remune-

361 843 799 927 perscriptum
833 842 1174 908 habemus:
1216 843 1429 909 Credo
1466 847 1532 909 in
1558 845 1780 908 Deum
1814 853 2070 926 patrem
2107 844 2316 908 omni-

362 937 716 1013 potentem,
762 937 881 994 etc.

825 1131 1236 1201 IUSTITIA
1281 1135 1381 1200 IN
1431 1136 1862 1201 CHRISTO.

537 1272 759 1354 Quare
825 1272 985 1337 haec
1045 1293 1085 1335 a
1138 1274 1282 1336 Deo
1351 1283 1539 1355 patre
1600 1275 1918 1340 beneficia
1999 1273 2186 1338 nobis
2241 1274 2310 1338 in

364 1360 630 1426 Christo
675 1359 911 1423 collata
965 1380 1107 1423 esse
1161 1361 1703 1442 recognoscimus.
1793 1360 2096 1424 Primum
2141 1359 2312 1441 quod

364 1465 568 1530 quum
609 1457 844 1508 natura
881 1445 1128 1509 inimici
1165 1447 1309 1510 Deo
1357 1467 1676 1522 essemus,
1725 1444 1960 1510 iudicio
2001 1447 2208 1527 ipsius
2248 1454 2314 1508 et

363 1535 497 1598 irae
541 1533 836 1604 obnoxii,
896 1532 1292 1595 reconciliati
1347 1531 1441 1594 illi
1503 1553 1758 1609 sumus,
1807 1544 1998 1613 atque
2046 1533 2115 1594 in
2161 1551 2310 1614 gra-

364 1621 520 1683 tiam
577 1619 820 1700 recepti
878 1617 1320 1682 intercedente
1379 1617 1629 1681 Christi
1685 1618 2062 1682 innocentia
2117 1626 2313 1699 atque

367 1706 643 1781 iustitia,
703 1726 819 1785 per
863 1725 1058 1786 quam
1105 1703 1553 1768 remissionem
1598 1713 2014 1785 peccatorum
2059 1704 2312 1768 obtine-

364 1813 536 1855 mus:
588 1813 662 1855 ac
719 1791 1056 1872 sauguinis
1112 1790 1249 1852 eins
1304 1791 1650 1865 effusione,
1709 1810 1826 1871 per
1875 1811 2072 1871 quam
2110 1788 2312 1853 abluti

366 1899 590 1943 sumus
635 1889 700 1939 et
741 1877 1015 1940 maculis
1058 1877 1358 1940 omnibus
1401 1877 1682 1957 purgati.

686 2080 1359 2146 REGENERA'PIO
1404 2081 1504 2145 IN
1548 2079 1972 2145 CHRISTO.

535 2219 796 2284 Deinde
852 2219 1023 2300 quod
1089 2241 1207 2300 per
1260 2219 1563 2301 spiritum
1620 2221 1756 2283 eius
1814 2219 1882 2281 in
1940 2237 2181 2281 novam
2240 2237 2314 2280 ac

365 2305 772 2389 spiritualem
807 2313 1115 2370 naturam
1159 2326 1644 2386 regeneramur,
1693 2303 1850 2367 dum
1886 2304 2131 2370 scilicet
2167 2307 2312 2381 [pag.

369 2398 469 2469 56]
530 2412 771 2473 pravae
839 2401 1102 2467 nostrae
1157 2392 1375 2455 carnis
1440 2390 1824 2473 cupiditates
1891 2388 2033 2453 eius
2100 2389 2314 2471 gratia

362 2479 869 2554 mortificantur,
928 2499 1010 2540 nc
1061 2477 1332 2560 posthac
1387 2478 1455 2539 in
1515 2476 1702 2540 nobis
1748 2484 2044 2559 regnent.
2135 2475 2312 2538 Rur-

361 2586 507 2630 sum
554 2563 814 2628 divinae
857 2562 1179 2626 voluntati
1219 2571 1447 2626 nostra
1489 2563 1948 2639 conformatur,
1999 2582 2127 2642 quo
2172 2560 2312 2643 pla-

362 2671 508 2716 cere
553 2670 672 2732 per
711 2651 929 2712 omnia
978 2647 1123 2712 Deo
1168 2669 1242 2714 ac
1287 2650 1552 2730 obsequi
1596 2647 1871 2711 studeat.
1940 2647 2156 2729 Atque
2201 2647 2311 2724 ita,

363 2735 537 2819 quod
593 2756 710 2817 per
757 2735 978 2817 ipsum
1028 2757 1066 2798 a
1109 2735 1358 2817 pcccati
1403 2733 1722 2799 servitute
1765 2733 2197 2811 vindicamur,
2244 2733 2313 2795 in

362 2843 495 2905 qua
553 2820 951 2898 detinemur,
1011 2829 1324 2903 quantum
1379 2819 1462 2884 ad
1516 2827 1818 2884 naturam
1877 2826 2173 2883 nostram
2215 2826 2314 2882 at-

361 2910 547 2985 tinet,
595 2908 866 2989 captivi:
915 2908 1095 2970 cuins
1137 2906 1540 2972 liberationis
1574 2906 1886 2970 beneficio
1922 2906 2313 2983 obtinemuS,

361 3003 437 3059 ut
473 2993 557 3059 ad
600 2995 771 3060 bona
813 3014 1010 3076 opera
1046 2994 1250 3059 simus
1294 2992 1525 3059 idonei.

614 3198 1222 3287 OONDQNATIO
1278 3198 2076 3266 IMPERFECTIONIS

1086 3303 1601 3369 PERPETUA.

536 3426 746 3490 Porro
787 3425 939 3488 talis
984 3433 1085 3489 est
1127 3425 1289 3488 haec
1333 3425 1767 3507 regeneratio,
1816 3430 1890 3486 ut
1931 3422 2133 3487 donec
2176 3444 2316 3488 cor-

360 3533 519 3595 pore
605 3512 733 3574 isto
809 3512 1066 3574 mortali
1144 3511 1479 3575 exonerati
1547 3510 1891 3587 fuerimus,
1959 3508 2316 3590 plurimum

361 3619 624 3680 semper
658 3596 1222 3677 imperfectionum
1268 3604 1333 3659 et
1376 3596 1833 3660 infirmitatum
1868 3595 1939 3658 in
1982 3594 2170 3658 nobis
2205 3615 2316 3658 su-

360 3684 589 3768 persit.
687 3681 883 3747 Unde
942 3682 1396 3765 intelligimus,
1450 3702 1570 3746 nos
1620 3681 1982 3745 etiamnum
2041 3682 2314 3744 miseros

360 3790 507 3835 6666
545 3776 930 3851 peccatores,
979 3790 1052 3833 ac
1097 3769 1357 3833 tametsi
1398 3788 1600 3832 novos
1642 3770 1712 3831 in
1757 3766 1894 3832 dies
1929 3786 2314 3849 progressus

358 3857 430 3919 in
478 3855 730 3919 iustitia
764 3855 1034 3918 Domini
1075 3855 1286 3920 facere
1322 3876 1441 3918 nos
1478 3853 1676 3931 decet,
1722 3874 2054 3935 nunquam
2091 3862 2314 3916 tamen

360 3943 445 4006 ad
490 3940 956 4023 perfectionem
1000 3947 1115 4005 aut
1157 3939 1631 4024 plenitudinem
1677 3941 1957 4015 venitur,
2003 3936 2317 4019 quamdiu

359 4028 430 4091 in
477 4047 737 4093 carcere
782 4028 999 4091 carnis
1041 4036 1304 4091 nostrae
1347 4026 1736 4090 habitamus.
1815 4024 2103 4089 Proinde
2146 4045 2315 4087 sem-

357 4134 481 4197 per
525 4113 895 4177 necessaria
929 4121 1029 4177 est
1063 4114 1249 4178 nobis
1293 4110 1736 4178 misericordia
1771 4110 2040 4175 Domini
2079 4108 2161 4173 ad
2201 4110 2314 4173 ob-

360 4197 708 4263 tinendam
752 4197 1135 4262 delictorum
1179 4207 1245 4261 et
1286 4200 1588 4281 lapsuum
1634 4198 1910 4261 veniam.
1977 4194 2172 4261 Unde
2216 4216 2316 4260 66-

361 4286 614 4368 quitur,
674 4284 1118 4366 quaerendam
1178 4306 1436 4366 semper
1489 4282 1676 4348 nobis
1733 4304 1874 4347 esse
1929 4282 2001 4345 in
2047 4281 2314 4346 Christo

359 4371 687 4436 iustitiam
730 4381 1039 4449 nostram,
1087 4392 1220 4435 non
1255 4370 1426 4455 apud
1471 4390 1607 4441 nos.
1646 4378 1842 4452 atque
1878 4369 2130 4433 abiecta
2164 4388 2315 4450 ope-

362 4478 513 4521 rum
569 4454 835 4535 fiducia,
898 4459 1312 4521 securitatem
1368 4458 1439 4520 in
1496 4457 1636 4538 ipso
1681 4466 1974 4521 nostram
2020 4462 2315 4537 oportere

361 4563 792 4626 acquiescere.
1359 4562 1365 4568 ·

453 4747 920 4828 QUIDQUID
967 4747 1194 4812 ΒΟΝῙ
1238 4746 1712 4827 HABEMUS‚
1757 4749 1820 4812 A
1867 4746 2223 4811 GRATIA

1109 4851 1274 4915 DEI
1318 4850 1568 4917 ESSE.

461 5046 468 5050 ,
538 4973 721 5057 Ergo
757 4993 883 5054 quo
939 4971 1083 5034 laus
1127 4970 1338 5035 omnis
1387 4979 1453 5035 et
1506 4973 1714 5055 gloria
1751 4970 1834 5034 ad
1879 4962 2095 5034 Deum
2147 4970 2315 5034 refe-

365 5069 587 5138 ratur,
643 5055 1192 5142 quemadmodum
1254 5056 1354 5120 illi
1433 5058 1575 5122 iure
1637 5055 1857 5121 deberi
1924 5054 2141 5138 palam
2197 5064 2315 5135 est,

365 5168 494 5231 quo
554 5146 750 5209 etiam
817 5165 1045 5208 veram
1110 5163 1338 5226 pacem
1407 5152 1474 5206 et
1539 5144 1824 5225 quietem
1888 5141 2317 5207 conscientiae

366 5240 633 5298 nostrae
678 5236 1172 5312 consequantur,
1219 5249 1383 5311 quae
1428 5250 1628 5312 supra
1662 5228 2318 5293 commemoravimus

365 5317 713 5395 beneficia,
801 5316 1230 5400 intelligimus
1308 5314 1493 5379 nobis
1570 5334 1655 5379 ex
1721 5334 1904 5378 mera
1974 5312 2319 5380 clementia

2424 846 2591 909 ratio
2617 845 2906 924 debetur,
2941 869 3139 930 quam
3167 857 3475 915 aeternae
3498 856 3913 920 confusionis.
3981 856 4377 942 Quanquam

2421 930 2777 1011 Dominus,
2836 934 2950 999 ubi
3007 956 3126 1000 nos
3182 957 3300 1019 pro
3347 958 3468 1002 sua
3525 937 3928 1022 benignitate
3980 944 4052 1007 in
4110 945 4230 1009 filii
4274 950 4375 1012 sui

2422 1019 2945 1083 communionem
2993 1022 3197 1085 semel
3240 1023 3504 1105 recepit,
3549 1046 3745 1106 opera
3784 1036 4010 1093 nostra
4046 1041 4236 1113 grata
4271 1054 4379 1098 ac-

2423 1111 2738 1185 ceptaque
2760 1103 2983 1169 habet:
3029 1107 3160 1171 non
3196 1109 3366 1190 quod
3390 1111 3481 1172 ita
3517 1122 4027 1193 promereantur,
4075 1117 4189 1181 sed
4224 1120 4380 1200 quia

2420 1188 2789 1253 condonata
2830 1191 3121 1272 ipsorum
3166 1194 3681 1277 imperfectione,
3729 1197 3826 1261 nil
3868 1201 3934 1263 in
3983 1201 4116 1266 illis
4159 1205 4376 1268 intue-

2420 1282 2559 1352 tur,
2577 1276 2742 1425 ¹”pisi
2800 1276 2971 1424 ᾳὲιοά
3023 1298 3062 1341 a
3116 1280 3351 1360 spiritu
3393 1282 3532 1346 eius
3575 1283 3971 1364 profectum,
4017 1309 4258 1369 purum
4301 1312 4377 1356 ac

2419 1380 2574 1424 sanc
2650 1383 2718 1423 m
2763 1383 2833 1426 es
2866 1411 2881 1426 .

3250 1569 3549 1635 FIDES.

2591 1705 2735 1768 Iam
2780 1704 2907 1769 fide
2953 1705 3203 1769 aditum
3247 1708 3435 1771 nobis
3477 1711 3770 1789 patefieri
3815 1713 4245 1797 intelligimus
4290 1717 4373 1781 ad

2420 1798 2640 1854 tantas
2694 1791 2820 1854 Dei
2878 1790 3169 1869 divitias,
3238 1813 3402 1874 quae
3457 1792 3814 1860 liberaliter
3864 1799 3934 1860 in
3993 1821 4111 1865 nos
4158 1803 4373 1866 offun-

2420 1874 2696 1953 duntur,
2755 1875 2913 1940 dum
2971 1877 3218 1943 scilicet
3263 1889 3439 1942 certa
3484 1880 3721 1945 fiducia
3764 1891 3831 1945 et
3873 1883 4083 1949 cordis
4128 1888 4372 1952 securi-

2418 1969 2553 2026 tate
2588 1962 2911 2044 evangelii
2948 1964 3415 2043 promissiones
3463 1966 3875 2048 suscipimus,
3928 1990 4001 2034 ac
4031 1970 4373 2037 Christum

2420 2047 2892 2129 amplectimur,
2939 2050 3135 2113 talem
3177 2051 3387 2131 qualis
3432 2052 3710 2115 offertur
3744 2054 3929 2119 nobis
3974 2077 4013 2118 a
4055 2067 4258 2138 patre,
4298 2079 4415 2123 acae

2420 2133 2487 2196 in
2533 2134 2861 2217 scriptura
2906 2133 3411 2200 demonstratur.

2522 2337 3037 2405 INVOCATIO
3073 2339 3239 2405 DEI
3285 2340 3620 2408 SOLIUS
3663 2345 3852 2409 PER
3896 2345 4279 2413 CHRISTI

2974 2443 3815 2511 INTERCESSIONEM.

2593 2560 3166 2642 Quemadmodum
3213 2587 3414 2646 supra
3456 2568 3677 2630 testati
3718 2589 3979 2644 sumus,
4036 2591 4170 2634 non
4216 2571 4371 2636 alibi

2417 2668 2612 2730 quam
2667 2648 2736 2711 in
2783 2650 2930 2713 Deo
2976 2658 3161 2731 patre
3215 2672 3331 2733 per
3376 2651 3746 2730 Christum,
3807 2653 4096 2723 recidere
4140 2658 4374 2722 salutis

2420 2742 2616 2816 atque
2661 2736 2871 2798 omnis
2926 2734 3255 2800 felicitatis
3301 2737 3607 2803 fiduciam
3652 2746 3979 2819 oportere,
4026 2740 4121 2804 ita
4164 2763 4373 2807 unum

2417 2819 2636 2901 ipsum
2678 2821 2749 2882 in
2794 2820 2971 2883 omni
3015 2822 3402 2887 necessitate
3447 2823 3887 2887 invocandum
3924 2824 4225 2891 dicimus:
4273 2828 4374 2892 id-

2419 2921 2544 2987 que
2589 2925 2708 2987 per
2744 2903 2990 2970 Christi
3029 2928 3285 2986 nomen,
3324 2909 3501 2974 unici
3538 2908 3915 2973 mediatoris
3951 2919 4019 2973 et
4054 2911 4373 2988 advocati,

2419 3012 2536 3074 per
2579 3012 2772 3074 quem
2817 3012 3113 3059 accessus
3168 2991 3253 3058 ad
3300 2994 3615 3060 thronum
3651 2995 3996 3061 coelestem
4034 2997 4221 3063 nobis
4257 3020 4376 3082 pa-

2421 3090 2531 3142 tet.
2603 3076 2818 3143 Simul
2856 3080 2924 3142 in
2961 3079 3140 3143 omni
3173 3083 3607 3163 prosperitate
3642 3082 4049 3147 referendam
4087 3084 4187 3151 illi
4222 3107 4376 3170 gra-

2421 3166 2661 3228 tiarum
2708 3166 3049 3230 actionem.
3118 3165 3367 3231 Contra
3408 3190 3583 3244 vere,
3620 3168 3918 3246 fictitiam
3962 3169 4143 3234 illam
4188 3194 4375 3237 sanc-

2423 3258 2641 3314 torum
2697 3252 2810 3334 qui
2853 3273 2933 3315 ex
2971 3253 3108 3316 vita
3149 3253 3273 3318 hac
3329 3252 3783 3337 demigrarunt
3841 3255 4375 3321 intercessionem

2421 3357 2539 3418 pro
2597 3338 3094 3420 superstitione,
3153 3350 3412 3421 praeter
3451 3341 3843 3423 scripturam
3879 3342 4216 3407 inventam
4261 3365 4377 3409 ex-

2419 3422 2768 3504 plodimus.
2874 3424 3275 3489 Praesertim
3330 3431 3477 3504 [pag.
3519 3432 3625 3505 57]
3684 3448 3891 3510 quum
3934 3449 4067 3491 non
4112 3429 4378 3494 aliunde

2421 3518 2577 3571 nata
2603 3509 2818 3588 fuerit,
2848 3531 3044 3592 quam
3081 3532 3164 3574 cx
3203 3511 3565 3577 diffidentia
3597 3514 4081 3577 intercessionis
4106 3514 4378 3581 Christi.

2576 3714 2701 3778 NE
2746 3713 3319 3782 PRECATIONI
3364 3716 3642 3783 DESIT
3689 3716 4041 3784 SENSUS
4088 3720 4206 3784 ET

3017 3818 3777 3885 INTELLIGEN'PIA.

2593 3938 2948 4002 Praeterea
2992 3959 3194 4020 quum
3238 3941 3443 4003 oratio
3479 3941 3644 4004 nihil
3692 3961 3892 4022 quam
3936 3961 4247 4022 perversa
4291 3944 4381 4006 si-

2422 4022 2691 4087 mulatio
2736 4023 2853 4100 sit,
2911 4024 3039 4089 nisi
3086 4024 3165 4087 ab
3211 4025 3505 4089 interiori
3551 4026 3764 4090 cordis
3826 4026 4062 4091 affectu
4110 4028 4381 4109 oriatur,

2422 4108 2878 4192 concipiendas
2914 4131 3055 4175 esse
3100 4120 3281 4174 certa
3323 4111 3759 4194 intelligentia
3797 4112 4128 4176 orationes
4174 4114 4382 4178 credi-

2421 4217 2600 4275 mus,
2661 4216 2787 4278 quo
2832 4216 2989 4261 vero
3034 4196 3480 4279 intelligamus
3524 4195 3682 4280 quid
3738 4197 3826 4260 sit
3881 4219 3919 4261 a
3963 4199 4108 4261 Deo
4152 4207 4382 4281 postu-

2422 4281 2710 4357 landum,
2755 4282 3117 4346 orationem
3162 4282 3522 4347 ediscemus
3568 4282 3817 4347 Christi
3858 4304 3970 4347 ore
4014 4284 4200 4349 nobis
4245 4296 4380 4350 trae

2422 4365 2647 4445 ditam,
2694 4368 2933 4433 Matth.
2974 4372 3031 4445 6,
3068 4373 3106 4431 9
3151 4392 3235 4433 ss.
3308 4368 3510 4432 Pater
3565 4376 3791 4433 noster
3837 4370 3945 4452 qui
3993 4391 4063 4434 es
4116 4371 4186 4433 in
4232 4392 4380 4435 coe-

2421 4454 2520 4533 lis,
2568 4460 2688 4519 etc.

2962 4659 3088 4723 DE
3137 4658 3812 4727 SACRAMENTIS.

2598 4796 3042 4875 Sacramenta,
3090 4819 3255 4879 quae
3292 4797 3619 4862 Dominus
3665 4798 3973 4863 ecclesiae
4008 4820 4166 4864 suae
4201 4819 4377 4865 com-

2423 4884 2779 4961 mendavit,
2825 4903 2968 4948 esse
3004 4882 3156 4947 fidei
3204 4884 3712 4948 exercitamenta
3746 4885 4164 4949 confitemur:
4211 4906 4378 4967 quae

2422 4978 2568 5034 tum
2613 4967 2696 5033 ad
2739 4970 2948 5051 ipsam
2993 4970 3062 5032 in
3104 4970 3232 5034 Dei
3278 4970 3817 5052 promissionibus
3860 4971 4373 5036 confirmandam

2423 5064 2490 5121 et
2530 5054 3105 5134 corroborandam,
3151 5066 3290 5119 tum
3337 5056 3509 5139 apud
3556 5056 3855 5121 homines
3899 5054 4376 5122 testificandam

2423 5141 2644 5208 valere
2698 5140 2992 5205 debeant.
3095 5140 3252 5206 Duo
3320 5152 3542 5207 autem
3606 5141 3931 5206 duntaxat
3983 5143 4377 5210 christianae

2423 5227 2757 5305 ecclesiae,
2805 5225 2933 5291 Dei
2978 5230 3358 5306 autoritate,
3417 5229 3721 5292 instituta
3764 5249 3905 5292 esse
3950 5227 4374 5308 admittimus,

2422 5314 2841 5396 Baptismum
2884 5321 2951 5377 et
2985 5312 3279 5379 Coenam
3316 5312 3604 5378 Domini.
3663 5310 3878 5392 Quam
3919 5313 4000 5378 ob
4027 5336 4167 5380 rem
4202 5315 4381 5398 quod

3867 5415 3968 5469 23*
