5100 6061
714 462 833 525 151

713 666 1026 730 percussa
1069 647 1221 725 sint.
1310 646 1518 728 quue
1563 646 1742 728 quia,
1790 649 1868 708 ut
1911 642 2006 707 ait
2048 613 2300 706 Paulus
2343 638 2674 705 Iuriscon-

718 733 935 798 sultus
980 733 1022 797 l.
1056 732 1110 797 Ι.
1149 733 1214 796 ff.
1261 731 1341 795 de
1388 729 1807 831 contrahend.
1857 738 2086 810 empt.:
2133 727 2382 791 Forma
2415 725 2678 825 publica

716 821 1238 969 {wggffi
1271 838 1630 967 iimiiiz‘iss’a
1646 816 1808 964 fam*
1842 821 2231 899 mmm
2277 817 2674 876 mmm

926 1007 1098 1074 Quam
1134 1007 1273 1060 levia
1309 1005 1522 1073 fuerint,
1559 1021 1823 1072 quamque
1860 1003 2096 1071 vulgaris
2132 1007 2312 1067 notae,

928 1077 1078 1144 Quae
1118 1074 1453 1129 commodavi
1490 1073 1715 1129 scelera.

721 1161 980 1228 Seneca
1015 1161 1182 1226 libro
1206 1157 1401 1222 XIX.
1428 1158 1736 1241 Epistol:
1781 1157 2151 1239 Unicuique
2186 1161 2487 1219 nostrum
2520 1173 2675 1237 pae-

720 1247 1046 1332 dagogum
1092 1246 1231 1310 dari
1278 1242 1490 1323 deum,
1540 1250 1687 1324 [pag.
1737 1249 1881 1321 145]
1928 1264 2061 1307 non
2106 1238 2366 1323 quidem
2414 1238 2675 1304 ordina-
2725 1278 2728 1299 .

721 1335 915 1411 rium,
963 1331 1078 1399 sed
1122 1331 1299 1395 hunc
1345 1330 1677 1394 inferioris
1725 1338 1937 1393 notae.

909 1419 987 1485 Ut
1030 1437 1198 1495 raro,
1244 1414 1510 1502 invitus]
1561 1416 1762 1479 Hunc
1807 1414 2021 1478 locum
2067 1412 2260 1478 aliter
2290 1413 2421 1497 legi
2464 1412 2536 1476 in
2563 1432 2674 1475 ve-

720 1506 1080 1570 tustissimo
1117 1501 1332 1567 codiee
1369 1501 1706 1565 adnotavit
1726 1500 2065 1575 Erasmus,
2103 1520 2236 1562 non
2273 1507 2495 1563 tamen
2531 1498 2675 1561 sine

719 1591 976 1670 mend0,
1033 1597 1108 1653 ut
1146 1589 1285 1670 ipse
1330 1587 1700 1663 arbitratur,
1759 1593 1826 1648 et
1881 1606 2001 1669 ego
2047 1606 2300 1668 quoque
2346 1584 2671 1649 existim0.

720 1676 936 1744 Debet
980 1675 1159 1740 enim
1200 1695 1340 1738 esse
1386 1674 1592 1737 oratio
1638 1672 1987 1751 defectiva,
2033 1671 2106 1733 in
2149 1692 2277 1753 qua
2322 1669 2675 1735 subaudia-

720 1771 829 1826 tur
876 1762 1151 1826 verbum
1190 1759 1580 1843 principale:
1628 1758 1749 1822 hoc
1794 1778 2017 1835 sensu,
2064 1765 2141 1820 ut
2182 1778 2360 1834 raro,
2407 1756 2673 1833 invitus,

721 1870 872 1914 cum
930 1866 1171 1930 magna
1230 1843 1673 1921 cunctatione,
1735 1865 1884 1908 cum
1939 1844 2195 1926 magnis
2250 1840 2675 1907 dilationibus

723 1934 1093 1999 subscribas
1138 1932 1208 1994 in
1252 1951 1495 2013 poenas
1538 1940 1602 1994 et
1646 1929 1983 2013 supplicia.
2055 1927 2167 1994 Sic
2209 1929 2387 1993 enim
2422 1930 2538 1993 fiet
2575 1929 2673 1991 iu-

722 2020 983 2096 dicium,
1030 2015 1201 2099 quod
1246 2038 1421 2081 nunc
1467 2028 1566 2080 est
1611 2025 1847 2079 natura
1892 2025 1958 2079 et
1999 2016 2298 2097 impetus.

1461 2307 1765 2374 CAPUT
1811 2307 1938 2371 III.

895 2445 981 2509 Et
1023 2466 1099 2509 ne
1136 2446 1298 2528 forte
1342 2446 1609 2526 decipiat
1652 2465 1764 2508 nos
1805 2444 2148 2525 speciosum
2183 2444 2535 2508 clementiae
2569 2463 2674 2508 no-

723 2554 863 2597 men
903 2532 1273 2612 aliquando,
1333 2537 1387 2595 et
1441 2531 1507 2594 in
1566 2531 1949 2595 contrarium
1991 2530 2332 2611 aliquando
2386 2528 2669 2607 abducat,

724 2620 1043 2684 videamus
1077 2618 1229 2699 quid
1262 2619 1348 2681 sit
1380 2618 1714 2691 clementia,
1750 2617 2076 2697 qualisque
2108 2617 2206 2695 sit,
2244 2622 2298 2680 et
2332 2637 2482 2696 quos
2512 2614 2673 2695 sines

720 2704 951 2769 habeat.
1046 2701 1384 2768 Clementia
1433 2708 1519 2768 est
1576 2703 1983 2786 temperantia
2028 2703 2231 2766 animi
2271 2702 2341 2766 in
2372 2706 2673 2781 potestate

718 2789 1078 2855 ulciscendi:
1134 2790 1227 2853 vel
1280 2790 1502 2853 lenitas
1545 2789 1894 2869 superioris
1936 2789 2239 2853 adversus
2291 2788 2669 2868 interiment,

724 2878 793 2941 in
838 2876 1275 2940 constituendis
1320 2876 1561 2957 poenis.
1656 2873 1872 2938 Plura
1910 2894 2258 2956 proponere
2312 2878 2402 2939 est
2452 2875 2669 2951 tutius,

721 2983 796 3026 ne
841 2983 968 3025 una
1012 2961 1291 3042 definitio
1323 2980 1566 3045 parum
1609 2980 1740 3024 rem
1783 2960 2278 3043 comprehendat,
2314 2965 2420 3038 ,et,
2467 2964 2535 3023 ut
2577 2960 2671 3025 ita

720 3050 944 3126 dicam,
986 3048 1265 3130 formula
1307 3049 1565 3114 excidat.
1640 3046 1863 3127 Itaque
1905 3048 2033 3112 dici
2063 3051 2266 3128 potest
2308 3051 2361 3110 et
2402 3046 2671 3110 inclina-

720 3136 806 3200 tio
852 3135 1055 3199 animi
1099 3135 1184 3199 ad
1227 3134 1532 3199 lenitatem
1573 3134 1646 3197 in
1679 3153 1886 3213 poena
1928 3133 2246 3216 exigenda.
2338 3131 2473 3196 Illa
2524 3131 2672 3212 fini-

717 3222 801 3284 tio
837 3221 1343 3284 contradictiones
1376 3220 1656 3295 inveniet,
1702 3220 1993 3298 quamvis
2027 3221 2303 3282 maxime
2337 3220 2422 3283 ad
2455 3239 2670 3282 verum

2359 450 2487 515 DE
2532 448 3079 517 CLEMENTIA

4610 450 4732 513 152

2778 636 3068 724 speciosa
3092 640 3360 705 nomina
3385 636 3884 722 praetexuntur:
3923 658 4045 703 nec
4071 639 4413 722 quisquam
4439 638 4736 704 alienum

2780 726 3121 805 servitium
3165 731 3316 805 [pag.
3363 730 3507 804 146]
3555 736 3623 789 et
3666 726 4174 790 dominationem
4216 726 4609 808 concupivit,
4658 733 4736 788 ut

2780 834 2912 877 non
2966 812 3196 877 eadem
3256 815 3380 875 ista
3423 812 3741 877 vocabula
3782 819 4149 894 usurparet.
4240 808 4510 875 Curtius
4564 809 4733 875 libro

2779 898 2971 962 VII.:
3021 897 3282 962 Titulus
3327 898 3630 962 facinoris
3669 898 3996 979 speciosus
4035 897 4542 979 praeferebatur,
4581 896 4731 961 vin-

2780 983 2953 1049 dicta
3008 984 3214 1048 Darii.
3305 981 3787 1062 Quintilianus:
3845 983 3936 1046 Et
3987 982 4143 1046 dum
4209 990 4538 1047 ostentare
4597 982 4731 1047 dis-

2781 1069 3027 1154 cipulos
3052 1071 3221 1134 circa
3243 1069 3628 1151 speciosiora
3650 1069 3936 1145 malunt,
3962 1066 4340 1150 compendio
4363 1075 4727 1133 morantur.

2957 1154 3300 1221 Clementia
3337 1159 3425 1219 est
3469 1156 3883 1235 temperantia
3939 1152 4170 1253 animi]
4227 1154 4457 1219 Prima
4498 1156 4727 1232 finitio,

2780 1264 2943 1324 quae
2988 1263 3119 1305 non
3164 1240 3495 1306 cohaeret:
3554 1240 3707 1322 quia
3762 1260 3895 1304 non
3943 1239 4187 1304 desinit
4240 1242 4542 1322 protinus
4599 1241 4729 1306 cle·

2780 1350 2967 1393 mens
3014 1348 3176 1405 esse,
3224 1328 3331 1409 qui
3361 1346 3493 1390 non
3539 1326 3736 1390 habet
3778 1336 4187 1410 praesentem
4213 1325 4570 1391 ulciscendi
4614 1348 4728 1410 po-

2780 1422 3116 1479 testatem:
3177 1434 3368 1496 quem
3427 1413 3665 1477 sufficit
3722 1415 3813 1476 ita
3867 1412 4230 1476 animatum
4286 1433 4459 1489 esse,
4521 1420 4600 1477 ut
4648 1433 4729 1479 ne

2782 1508 3169 1583 accepturus
3225 1500 3310 1563 sit
3365 1496 3629 1581 quidem
3679 1498 4001 1564 vindictae
4047 1498 4482 1573 occasionem,
4529 1500 4731 1564 etiam

2781 1586 2837 1651 si
2871 1607 2941 1650 se
2981 1587 3268 1650 max-ime
3305 1585 3554 1649 offerat.
3626 1585 3857 1667 Neque
3893 1582 4192 1649 secunda
4216 1584 4427 1648 multo
4463 1584 4726 1649 melior:

2723 1694 2729 1765 g
2779 1694 2982 1755 quum
3020 1679 3086 1734 et
3118 1692 3238 1754 par
3273 1692 3432 1754 erga
3465 1691 3691 1752 parem
3728 1670 4081 1736 clementer
4125 1691 4194 1733 se
4239 1690 4467 1754 gerere
4501 1673 4729 1754 possit,

2780 1767 2848 1822 et
2890 1758 3159 1822 inferior
3208 1778 3364 1840 erga
3421 1757 3852 1840 superiorem:
3911 1777 4110 1838 quum
4159 1777 4289 1819 non
4345 1756 4425 1820 de
4474 1758 4729 1835 effectu,

2780 1844 2893 1910 sed
2942 1843 3021 1908 de
3066 1844 3265 1908 animi
3314 1843 3552 1907 affectu
3597 1850 3963 1925 quaeratur.

2959 1929 3167 1994 Plura
3199 1927 3572 2014 proponere]
3621 1929 3771 1993 Non
3812 1928 4049 2008 verbis,
4087 1928 4201 1994 sed
4245 1939 4321 1993 ut
4360 1928 4736 1994 differentia

2779 2016 2977 2080 latius
3021 2024 3260 2098 pateat,
3307 2023 3374 2078 et
3419 2014 3500 2078 ad
3547 2036 3781 2079 nomen
3824 2014 4205 2080 clementiae
4249 2015 4588 2079 limitetur.

2955 2102 3260 2165 Formula
3295 2099 3563 2186 eradat]
3602 2101 3682 2165 Id
3720 2112 3836 2179 est,
3875 2101 4018 2183 lege
4054 2101 4168 2165 illa
4212 2100 4486 2177 formali,
4533 2123 4732 2183 quam

2779 2188 3098 2253 dialectici
3143 2189 3210 2251 in
3257 2186 3631 2251 definitione
3667 2187 3972 2269 exigunt,
4019 2197 4091 2251 ut
4137 2187 4220 2251 ad
4264 2187 4485 2250 omnia
4528 2188 4736 2270 perti-

2723 2294 2727 2311 ¹
2776 2281 2933 2339 neat
2973 2275 3043 2337 in
3085 2294 3250 2355 quae
3310 2272 3539 2337 cadere
3592 2281 3805 2355 potest
3862 2270 4230 2350 definitum,
4296 2294 4413 2338 neo
4473 2272 4557 2336 ad
4604 2274 4739 2338 alia

2780 2360 3122 2425 transferri
3166 2359 3390 2441 possit.

2953 2445 3293 2510 Inclinatio
3333 2446 3536 2509 animi
3573 2445 3656 2509 ad
3699 2442 4038 2531 lenitatem]
4088 2444 4272 2509 Haec
4318 2446 4454 2509 sola
4499 2442 4735 2509 defini-

2777 2534 2864 2596 tio
2909 2530 3211 2597 omnibus
3253 2531 3547 2594 numeris
3580 2537 3852 2595 constat.

2951 2618 3121 2682 Huic
3143 2618 3419 2698 imperiti
3442 2617 3824 2681 contrariam
3846 2617 4229 2681 severitatem
4249 2614 4508 2703 putant]
4556 2617 4734 2682 Nam

2777 2724 2975 2786 quum
3027 2705 3239 2767 omnis
3296 2705 3511 2767 virtus
3566 2704 3650 2766 sit
3709 2701 4030 2784 quaedum
4087 2702 4500 2767 mediocritas
4557 2703 4737 2768 inter

2776 2798 3100 2867 extrema,
3148 2809 3427 2871 quorum
3473 2789 3751 2852 alterum
3797 2789 3867 2851 in
3911 2787 4237 2852 defectum
4279 2788 4518 2866 tendit,
4571 2789 4737 2854 alte-

2775 2897 2927 2940 rum
2968 2877 3040 2939 in
3086 2896 3443 2954 excessum,
3486 2872 3776 2939 defectus
3819 2876 4003 2956 quasi
4051 2895 4131 2938 ex
4168 2874 4486 2939 diametro
4530 2895 4738 2958 oppo-

2776 2963 2958 3025 nitur
3016 2962 3244 3026 virtuti
3295 2961 3377 3027 ad
3435 2982 3630 3043 quam
3685 2962 3997 3039 refertur,
4055 2982 4359 3025 excessus
4415 2962 4737 3026 virtutem

2776 3049 2988 3132 magis
3022 3050 3338 3112 imitatur.
3430 3048 3560 3114 Hic
3605 3067 3761 3131 ergo
3808 3048 4147 3130 quaeritur
4192 3047 4272 3112 de
4317 3057 4615 3112 extremo
4662 3050 4734 3114 in

2778 3135 3129 3200 defectum:
3158 3133 3328 3217 quod
3351 3143 3586 3217 putant
3608 3133 3869 3215 quidam
3896 3155 4036 3198 esse
4060 3134 4492 3198 severitatem.
4542 3133 4737 3214 Quos

2721 3261 2724 3294 =
2776 3221 2916 3285 falli
2939 3222 3243 3304 opinione
3279 3219 3564 3285 ostendit
3600 3219 3881 3284 Seneca:
3920 3221 4072 3301 quia
4108 3220 4424 3284 severitas
4461 3227 4560 3284 est
4596 3223 4735 3285 vir-

717 3307 979 3371 accedat.
1076 3306 1146 3368 Si
1192 3307 1541 3369 dixerimus
1583 3305 1964 3368 clementiam
2005 3323 2134 3368 esse
2176 3305 2670 3384 moderationem,
2720 3327 2726 3396 ᾗ
2777 3319 2901 3384 tus,
2945 3317 3013 3371 et
3047 3327 3344 3389 pugnare
3381 3308 3552 3370 inter
3587 3327 3654 3371 se
3695 3307 3969 3371 virtutes
4007 3326 4139 3369 non
4178 3317 4472 3387 possunt.
4563 3306 4735 3372 Pos-

720 3393 970 3473 aliquid
1015 3413 1090 3455 ex
1133 3392 1358 3454 merita
1400 3412 1474 3454 ac
1519 3390 1720 3454 debita
1754 3410 1956 3470 poena
2002 3390 2425 3455 remittentem:
2478 3391 2674 3455 recla-
2719 3409 2724 3464 ς
2775 3401 2930 3457 sunt
2974 3393 3151 3457 enim
3188 3411 3330 3457 esse
3367 3391 3664 3457 diversae
3699 3393 3992 3469 virtutes,
4032 3411 4167 3477 non
4213 3391 4607 3457 contrariae:
4657 3400 4736 3456 ut

719 3478 1023 3556 mabitur,
1084 3478 1324 3541 nullam
1381 3477 1669 3540 virtutem
1722 3476 2015 3556 cuiquam
2069 3478 2280 3542 minus
2333 3477 2530 3541 debito
2571 3478 2670 3558 fa·
2719 3483 2724 3554 Ῑ
2775 3479 3120 3545 clementia
3155 3487 3224 3543 et
3267 3480 3580 3544 severitas
3624 3479 3878 3542 variam
3926 3477 4189 3560 quidem
4234 3477 4485 3542 habent
4529 3479 4734 3542 ratio-

719 3583 867 3627 cere.
967 3563 1167 3641 Atqui
1222 3563 1329 3625 hoc
1382 3582 1587 3626 omnes
1645 3562 2021 3644 intelliyunt‚
2084 3564 2467 3627 clementiam
2520 3585 2668 3640 esse,
2775 3586 2947 3642 nem,
2987 3564 3101 3629 sed
3140 3571 3361 3628 tamen
3407 3564 3601 3628 simul
3640 3573 3812 3628 stare
3847 3570 4147 3646 possunt:
4186 3563 4361 3627 unde
4397 3573 4462 3627 et
4498 3563 4733 3628 eadem

718 3669 879 3728 quae
935 3669 999 3712 se
1046 3650 1230 3727 flectit
1284 3649 1441 3711 citra
1496 3650 1565 3711 id
1620 3649 1782 3728 quod
1839 3650 2053 3712 merito
2120 3650 2408 3712 constitui
2454 3654 2668 3729 potest.
2718 3665 2723 3732 ξ
2775 3651 3021 3716 habent
3063 3660 3377 3728 extrema,
3424 3651 3623 3714 variis
3660 3649 4038 3714 rationibus.
4130 3648 4503 3714 Crudelitas
4552 3651 4736 3714 enim

720 3733 895 3798 Huic
928 3735 1313 3798 contrariam
1347 3734 1622 3815 imperiti
1644 3737 1877 3814 putdnt
1909 3735 2324 3800 severitatem:
2361 3736 2468 3800 sed
2487 3736 2670 3800 nulla
2739 3736 3157 3803 'elementiae
3202 3745 3302 3801 est
3338 3734 3653 3814 defectus,
3699 3743 3767 3800 et
3810 3757 4116 3801 excessus
4161 3737 4557 3800 severitatis:
4605 3737 4732 3800 mi-

718 3821 924 3884 virtus
965 3821 1186 3884 virtuti
1229 3821 1545 3885 contraria
1588 3826 1690 3885 est.

896 3923 1040 3988 Hoc
1064 3924 1276 4005 capite
1316 3922 1479 3987 nihil
1505 3922 1682 3987 aliud
1701 3923 1856 4007 agit,
1883 3943 2081 4005 quam
2102 3930 2178 3987 ut
2197 3930 2401 4006 ponat
2422 3932 2670 3989 certam

721 4007 1163 4073 definitionem
1209 4008 1624 4074 clementiae:
1670 4008 1845 4092 quod
1888 4031 1957 4073 se
2013 4009 2342 4074 facturum
2386 4009 2669 4075 secundo

717 4095 859 4161 loco
912 4096 1301 4178 promiserat
1355 4096 1422 4159 in
1477 4094 1792 4160 divisione
1847 4095 2046 4159 totius
2097 4096 2339 4178 operis,
2399 4094 2509 4160 ubi
2555 4094 2667 4159 ad-

716 4182 1090 4245 monuimus
1126 4181 1254 4245 alio
1288 4202 1440 4245 eum
1484 4181 1783 4264 prosequi
1829 4180 2075 4260 ordine,
2120 4198 2315 4264 quam
2349 4202 2668 4265 propone-

718 4275 839 4330 ret.
931 4266 1009 4330 Id
1053 4288 1252 4348 quam
1286 4288 1518 4332 verum
1560 4267 1665 4345 sit,
1712 4287 1885 4331 nunc
1929 4267 2281 4332 lectoribus
2326 4267 2670 4333 aestimare

717 4360 1092 4435 promptum
1136 4353 1351 4417 fuerit.
1444 4351 1834 4434 Quanquam
1880 4354 2005 4418 hoc
2048 4354 2245 4417 etiam
2280 4355 2491 4438 magis
2544 4374 2669 4418 usu

719 4445 1053 4521 receptum
1110 4447 1236 4517 est,
1293 4460 1427 4503 non
1481 4446 1558 4503 ut
1612 4437 1898 4504 secundo
1956 4438 2096 4504 loco
2151 4460 2254 4502 res
2299 4438 2666 4518 definiatur,

719 4523 834 4589 sed
890 4531 966 4588 ut
1019 4525 1228 4588 omnis
1284 4523 1633 4607 disputatio
1687 4525 1925 4590 habeat
1978 4545 2017 4588 a
2058 4524 2435 4610 definitione
2479 4546 2667 4589 exor-

719 4609 919 4675 dium.
1011 4607 1150 4673 Cur
1194 4609 1386 4675 aliter
1440 4609 1728 4676 Senecae
1776 4611 1997 4676 visum
2039 4611 2268 4688 fuerit,
2327 4610 2490 4675 mihi
2534 4631 2668 4674 non

717 4703 989 4761 constat.
1732 4731 1736 4736 ’

899 4781 1256 4861 Speciosam
1290 4783 1639 4848 clementiae
1672 4781 1916 4869 nomen]
1969 4781 2166 4864 Quod
2200 4782 2445 4848 scilicet
2479 4804 2669 4866 prae-

720 4867 1013 4932 tenditur
1056 4868 1127 4930 in
1164 4869 1343 4933 vitiis
1386 4870 1666 4934 virtutes
1709 4868 2133 4946 imitantibus,
2181 4876 2257 4932 ut
2299 4869 2369 4931 in
2413 4869 2671 4934 miseri-

718 4953 954 5019 cordia.
1015 4952 1398 5036 Speciosum
1434 4964 1656 5020 autem
1692 4976 1928 5019 nomen
1954 4954 2294 5037 eleganter
2330 4953 2514 5032 dixit,
2553 4975 2671 5037 pro

721 5039 1003 5104 colorato
1047 5049 1112 5103 et
1154 5040 1366 5108 fallaci
1405 5049 1769 5124 praetextu.
1859 5038 2136 5105 Ovidius
2180 5040 2672 5124 Metamorpho-

722 5146 880 5191 seon
922 5125 1109 5189 VIL:

1312 5212 1676 5280 Speciosaque
1713 5212 1927 5264 nomina
1964 5211 2158 5280 culpae

1132 5281 1368 5349 Imponis
1406 5280 1599 5333 Medea
1636 5287 1779 5333 tuae.

2773 3822 3124 3888 sericordia
3182 3843 3334 3888 vero
3404 3821 3696 3888 defectus
3763 3822 4157 3900 severitatis,
4225 3842 4531 3887 excessus
4600 3822 4732 3887 cle-

2773 3909 3075 3974 montiae.

3513 4199 3816 4264 CAPUT
3861 4199 3980 4262 IV.

2953 4337 3119 4418 Quid
3153 4357 3293 4420 erqo
3328 4338 3658 4418 opponitur
3692 4337 4044 4400 clementiae
4060 4337 4095 4398 ‚2
4163 4335 4532 4415 Grudelitas,
4569 4359 4734 4419 quae

2773 4423 2936 4489 nihil
2972 4422 3153 4487 aliud
3187 4428 3291 4500 est,
3329 4442 3520 4502 quam
3553 4424 3849 4486 atrocitas
3884 4423 4085 4485 animi
4121 4424 4190 4485 in
4233 4424 4553 4505 exiyendis
4580 4444 4735 4505 poe-

2773 4511 2893 4575 nis.
2986 4507 3112 4573 Sed
3154 4509 3413 4590 quidam
3456 4529 3574 4573 non
3611 4509 3868 4590 exiyunt
3899 4529 4156 4588 poenaS,
4201 4509 4478 4574 crudeles
4519 4515 4733 4576 tamen

2773 4600 2947 4660 sunt:
2988 4599 3287 4675 tanquam
3339 4595 3450 4676 qui
3502 4596 3740 4677 iynotos
3793 4593 4070 4658 homines
4111 4598 4166 4659 et
4207 4593 4442 4675 obvios,
4487 4615 4613 4660 non
4663 4598 4734 4661 in

2772 4681 3226 4763 compendium,
3269 4679 3378 4745 sed
3412 4680 3722 4745 occidendi
3763 4699 3956 4743 causa
3998 4680 4305 4744 occidunt.-
4346 4701 4469 4747 vieo
4495 4682 4738 4762 interfi-

2775 4787 2908 4832 cere
2950 4768 3234 4844 contenti,
3272 4766 3587 4830 saeviunt:
3642 4771 3710 4828 ut
3754 4765 4022 4830 Busiris
4066 4766 4197 4842 ille,
4238 4773 4295 4830 et
4332 4766 4731 4846 Procrustes,

2776 4859 2832 4918 et
2879 4853 3165 4932 Piratae,
3205 4857 3362 4930 [pag.
3418 4856 3564 4931 147]
3609 4853 3719 4932 qui
3762 4857 3970 4934 captos
4012 4852 4359 4930 verberant,
4417 4859 4474 4918 et
4515 4855 4588 4917 in
4635 4857 4737 4938 iy-

2776 4960 2916 5005 nem
2934 4941 3108 5004 vivos
3128 4940 3471 5018 imponunt.
3539 4936 3714 5003 Haec
3747 4937 4085 5002 crudelitas
4117 4938 4393 5018 quidem:
4425 4940 4537 5004 sed
4570 4942 4735 5020 quia

2777 5046 2883 5090 nec
2933 5025 3226 5090 ultionem
3275 5024 3584 5104 sequitur,
3642 5024 3795 5107 (non
3847 5025 4013 5088 enim
4068 5024 4242 5088 laesa
4283 5030 4400 5089 est:
4439 5045 4548 5091 nec
4578 5046 4734 5105 pec-

2777 5117 2911 5177 cato
2966 5111 3160 5175 alicui
3213 5109 3517 5174 irascitur
3534 5161 3548 5188 ,
3604 5110 3848 5182 nullum
3891 5111 4054 5173 enim
4096 5111 4416 5175 antecessit
4457 5112 4732 5195 crimen)

2778 5203 2957 5264 extra
3000 5196 3413 5276 definitionem
3466 5202 3744 5261 nostram
3784 5197 3978 5272 cadit,
4016 5215 4174 5276 quae
4212 5196 4414 5275 finitio
4455 5199 4734 5263 contine-

2778 5284 2880 5348 bat
2893 5334 2907 5362 ,
2958 5285 3026 5346 in
3062 5281 3383 5364 exiyendis
3416 5284 3639 5362 poenis
3673 5283 4214 5363 intemperantiam
4255 5283 4476 5347 animi.
4575 5283 4733 5349 Pos-

722 5364 1071 5433 Oornelius
1115 5368 1380 5431 Tacitus
1425 5366 1588 5430 libro
1633 5366 1825 5431 XX:
1872 5364 2225 5430 Caeterum
2265 5367 2553 5447 libertas,
2609 5377 2676 5434 et
2778 5391 2999 5436 sumus
3031 5368 3233 5434 dicere
3265 5388 3387 5434 non
3422 5389 3550 5434 esse
3579 5369 3738 5432 hanc
3775 5368 4215 5447 crudelitatem,
4255 5368 4363 5432 sed
4392 5368 4732 5452 feritatem,
4773 5421 4780 5436 .
