5100 6061
424 393 549 457 185

419 579 602 644 mine
623 581 798 659 Iesu,
838 581 1095 664 suscipe
1135 582 1440 664 spiritum
1474 605 1711 647 meum.
1771 583 2043 649 Habent
2077 584 2184 647 hic
2207 583 2377 666 quod

422 666 744 749 garriant,
793 664 1136 731 Christum
1186 669 1377 749 patri,
1424 676 1492 733 et
1536 666 1955 769 Stephanum
1988 668 2254 735 Christo
2277 671 2378 733 vi-

423 759 564 815 tam
608 751 1087 832 commendare,
1133 753 1205 817 in
1250 754 1424 818 diem
1469 756 1983 821 resurrectionis
2008 755 2378 820 custodien-

422 837 594 902 dam.
689 835 826 902 Sed
862 839 1064 904 verba
1106 839 1299 904 aliter
1343 848 1594 919 sonant,
1639 842 2026 924 praesertim
2068 841 2186 905 1118
2230 839 2379 906 Ste-

419 923 644 1006 phani.
694 924 788 988 Et
808 924 1215 1023 evangelista
1237 925 1419 990 addit
1454 927 1711 1026 (loann.
1735 932 1809 991 19
1815 929 1960 1010 ,30)
1985 926 2065 991 (18
2091 926 2377 1005 Christe,

420 1007 595 1091 quod
639 1009 954 1075 inclinato
999 1011 1208 1093 capite
1253 1011 1520 1076 tradidit
1575 1014 1903 1111 spiritum:
1965 1034 2131 1095 quae
2176 1014 2381 1078 verba

423 1094 508 1159 ad
552 1094 917 1160 anhelitum
963 1104 1078 1161 aut
1130 1097 1516 1179 pulmonum
1574 1099 2000 1181 agitationem
2058 1100 2379 1181 respicere

420 1202 555 1245 non
601 1189 896 1263 possunt.

594 1353 659 1416 Ν
662 1374 734 1418 88
777 1354 994 1417 minus
1040 1354 1379 1419 evidenter
1424 1354 1754 1436 apostolus
1796 1356 2378 1434 Ρ811118,8811888

422 1459 465 1503 a
507 1446 718 1503 morte
777 1449 842 1503 et
898 1460 1067 1517 esse,
1130 1448 1195 1504 et
1237 1441 1461 1505 vivere
1520 1440 1838 1506 ostendit.
1896 1462 2098 1523 quum
2155 1441 2375 1519 tradit,

421 1523 771 1590 Christum
817 1525 938 1604 his,
986 1526 1095 1607 qui
1140 1527 1215 1589 in
1260 1546 1516 1590 carcere
1561 1534 1770 1604 erant,
1817 1528 2175 1626 spiritibus
2188 1548 2377 1610 prae-

423 1608 708 1676 dicasse:
765 1632 887 1677 nec
944 1610 1281 1710 spiritibus
1331 1612 1524 1676 modo
1580 1613 1864 1695 piorum,
1923 1613 2376 1677 remissionem

423 1695 508 1760 ad
553 1697 863 1776 salutem,
912 1697 1026 1762 sed
1068 1697 1422 1779 impiorum
1469 1719 1722 1781 quoque
1769 1700 2107 1797 spiritibus
2155 1703 2272 1777 [fol.
2310 1704 2375 1778 8]

422 1782 875 1847 confusionem
922 1783 986 1866 (l
1030 1783 1209 1847 Petr.
1254 1787 1309 1863 3,
1355 1784 1481 1866 19).
1552 1782 1666 1849 Sic
1708 1786 1883 1848 enim
1928 1785 2118 1848 illum
2162 1785 2378 1850 locum

418 1869 837 1950 interpretor,
885 1870 994 1951 qui
1027 1869 1234 1933 multa
1267 1871 1335 1932 in
1384 1871 1533 1933 enia
1557 1871 1767 1949 torsit,
1813 1878 1879 1934 et
1909 1890 2376 1952 persuasurum

419 1976 529 2018 me
570 1953 762 2020 bonis
807 1955 1107 2020 omnibus
1161 1957 1415 2020 confio
1522 1955 1697 2019 Nam
1740 1977 1940 2038 quum
1986 1956 2064 2020 de
2110 1956 2377 2020 humili-

423 2046 561 2105 tate
597 2040 810 2105 crucis
835 2040 1089 2106 Christi
1122 2041 1433 2123 loquutus
1457 2051 1643 2117 esset,
1682 2039 2199 2123 ostendissetque
2237 2042 2378 2123 pios

423 2146 653 2190 omnes
710 2133 1008 2209 oportere
1068 2127 1151 2190 ad
1207 2127 1344 2192 eius
1399 2128 1757 2209 imaginem
1816 2127 2236 2204 conformari,
2293 2147 2379 2190 ne

421 2210 879 2311 desperatione
920 2211 1368 2291 conciderent,
1415 2214 1723 2278 continuo
1768 2214 2007 2277 attexit
2046 2234 2377 2278 resurrec-

421 2298 624 2362 tionis
668 2299 1105 2376 mentionem,
1164 2307 1241 2362 ut
1293 2299 1519 2363 doceat
1562 2299 1795 2381 quibus
1850 2297 2378 2364 tribulationibus

420 2383 683 2449 futurus
729 2384 818 2448 sit
860 2385 1029 2449 finis.
1100 2382 1589 2449 Commemorat
1624 2386 1818 2462 enim,
1867 2384 2208 2450 Christum
2245 2405 2379 2449 non

423 2469 847 2553 succubuisse
905 2470 1131 2534 morti:
1190 2470 1302 2534 sed
1361 2491 1438 2534 ea
1496 2470 1762 2535 subacta
1804 2472 2122 2535 victorem
2166 2489 2377 2535 emer-

296 2618 307 2623 ,
422 2555 605 2620 81888.
664 2554 745 2619 Id
782 2557 916 2620 suis
940 2554 1156 2621 verbis
1190 2555 1346 2621 (11811
1376 2558 1843 2621 mortificatum
1863 2556 2125 2638 quidem
2161 2578 2376 2636 carne,

421 2640 830 2707 vivificatum
876 2649 1098 2706 tamen
1129 2641 1391 2724 spiritu:
1441 2640 1671 2707 eodem
1704 2642 1953 2707 scilicet
1987 2663 2202 2721 sensu,
2248 2664 2377 2741 quo

420 2726 676 2792 Paulus
721 2727 963 2808 scribit,
990 2730 1039 2810 ¹)
1084 2748 1352 2809 passum
1386 2728 1641 2792 fuisse
1623 2750 1695 2791 in
1731 2728 2104 2792 humilitate
2140 2731 2375 2805 carnis,

419 2812 780 2877 excitatum
826 2820 1044 2877 autem
1084 2815 1331 2878 virtute
1376 2814 1659 2895 spiritus.
1750 2814 1895 2877 Iam
1940 2822 2014 2877 ut
2058 2815 2376 2878 virtutem

415 2899 635 2980 ipsam
680 2897 763 2961 ad
818 2919 888 2963 se
935 2920 1188 2981 quoquc
1242 2899 1571 2981 pertinere
1628 2899 1854 2964 fideles
1910 2900 2374 2983 intelligerent,

416 2985 764 3068 subiungit
821 2983 1164 3051 Christum
1222 2986 1392 3051 hanc
1446 2986 1762 3052 virtutem
1821 3006 1980 3069 erga
2038 2984 2201 3051 alios
2261 3008 2374 3051 ex-

415 3071 734 3136 seruisse:
794 3093 1001 3154 neque
1058 3092 1215 3155 erga
1260 3073 1449 3138 vivos
1504 3072 1724 3150 mode,
1786 3071 1900 3137 sed
1956 3073 2153 3137 etiam
2201 3094 2374 3137 mor-

414 3163 601 3222 tuos:
639 3156 875 3221 deinde
913 3179 1044 3221 non
1080 3165 1340 3221 tantum
1373 3181 1531 3242 erga
1565 3180 1786 3224 servos
1819 3179 1990 3237 81108,
2025 3158 2140 3222 sed
2163 3159 2373 3223 incre-

415 3242 607 3308 dulos
645 3263 901 3326 quoque
938 3265 1012 3308 ac
1033 3244 1087 3324 2)
1122 3243 1375 3326 gratiae
1410 3265 1567 3309 suae
1603 3252 2098 3326 contemptores.
2165 3245 2374 3309 Porro

413 3329 868 3412 intelligamus
927 3327 1316 3394 defectivam
1371 3351 1514 3395 esse
1571 3332 1963 3409 orationem,
2018 3329 2373 3413 deesseque

416 3437 503 3479 ex
560 3414 813 3479 duobus
866 3415 1178 3480 membris
1235 3415 1544 3480 alterum:
1606 3416 1791 3480 cuius
1845 3417 2105 3498 generis
2162 3416 2374 3481 multa

414 3511 579 3566 sunt
618 3501 692 3565 in
737 3501 1079 3583 scripturis
1133 3501 1461 3583 exempla,
1520 3501 1906 3583 praesertim
1963 3502 2076 3567 ubi
2128 3502 2373 3566 multae

416 3586 786 3652 sententiae
830 3608 964 3651 una
1007 3586 1299 3652 clausula
1342 3586 1739 3670 colliguntur
1754 3639 1769 3665 ,
1825 3587 2374 3669 quemadmodum

416 3671 525 3736 hic
568 3673 815 3737 factum
862 3682 979 3738 cst.
1044 3673 1183 3738 Nec
1227 3694 1387 3737 vero
1429 3673 1705 3737 miretur
1738 3674 2081 3755 quisquam
2125 3671 2371 3738 includi

418 3779 681 3825 carcere
716 3766 975 3825 sanctos
1008 3767 1245 3841 patres,
1282 3760 1395 3840 qui
1428 3756 1938 3840 redemptionem
1975 3758 2225 3824 Christi
2257 3781 2370 3824 ex-

418 3844 820 3928 spectabant.
912 3843 1086 3925 91118
1130 3845 1325 3922 enim,
1368 3844 1576 3908 veluti
1622 3843 1742 3908 sub
1787 3844 1963 3908 nube
2007 3852 2074 3908 et
2116 3846 2369 3923 umbra,

420 3932 676 3996 eminus
713 3930 929 3996 lucem
960 3931 1441 4013 prospiciebant
1485 3929 1722 4014 (veluti
1753 3929 1866 4013 qui
1897 3929 2207 4012 reliquias
2243 3897 2372 3996 diei

421 4017 650 4082 vident
694 4017 814 4081 sub
859 4038 1080 4081 serum
1125 4015 1599 4098 crepusculum,
1644 4023 1759 4080 aut
1791 4016 1965 4080 diem
1997 4017 2371 4080 venientem

420 4103 722 4167 sentiunt
765 4110 916 4167 ante
957 4103 1290 4185 auroram)
1333 4122 1454 4167 noc
1498 4101 1711 4166 adhuc
1756 4101 2084 4166 habebant
2117 4101 2370 4167 exhibi-

417 4196 555 4253 tam
608 4188 734 4252 sibi
776 4189 905 4252 Dei
948 4186 1495 4265 benedictionem,
1554 4187 1624 4251 in
1677 4207 1805 4270 qua
1857 4188 2373 4287 requiescerent·

419 4294 649 4338 80111111
708 4275 1262 4356 exspectationem
1303 4274 1564 4338 vocavit
1615 4294 1958 4338 carcerem.
2048 4274 2201 4338 Erit
2244 4273 2370 4357 igi-

416 4368 530 4424 tur
573 4381 808 4426 sensus
852 4360 1154 4443 apostoli:
1215 4358 1556 4423 Christum
1610 4360 1678 4422 in
1734 4358 1967 4441 spiritu
2019 4360 2101 4424 iis
2145 4362 2261 4443 8111
2302 4361 2369 4423 in

418 4466 678 4512 carcere
724 4455 912 4510 erant
955 4446 1290 4528 spiritibus
1334 4445 1775 4528 praedicasse,
1821 4445 1943 4510 hoc
1988 4453 2112 4525 est,
2160 4447 2370 4510 virtu-

417 4540 554 4597 tem
598 4530 1098 4614 redemptionis·
1114 4553 1233 4614 per
1278 4530 1615 4596 Christum
1660 4538 1917 4613 partae,
1962 4539 2369 4596 mortuorum

413 4641 449 4684 s
495 4618 755 4683 iritibus
800 4618 1209 4699 apparuisse,
1272 4637 1346 4681 ac
1391 4617 1752 4681 exhibitam
1796 4638 1953 4682 esse.
2021 4618 2153 4683 Hic
2190 4618 2373 4683 deest

484 4712 705 4769 terum
726 4703 1114 4783 membrum,
1149 4702 1323 4785 quod
1346 4703 1429 4767 ad
1452 4703 1593 4785 pios
1629 4704 2015 4785 pertinebat,
2049 4705 2159 4785 qui
2195 4703 2368 4769 hunc

410 4790 703 4855 fructum
750 4799 1161 4872 agnoverunt
1215 4799 1281 4852 et
1334 4797 1779 4872 perceperunt.
1869 4788 2208 4872 Exprimit
2252 4810 2368 4853 au-

412 4887 555 4941 tem
611 4875 693 4940 de
750 4875 1106 4940 incredulis
1157 4875 1271 4956 qui
1326 4874 1608 4939 eundem
1664 4874 1788 4957 ipsi
1833 4875 2012 4939 hunc
2056 4876 2370 4940 nuncium

560 5115 621 5180 1)
665 5112 962 5183 Quemnam
1000 5114 1171 5168 Pauli
1202 5114 1376 5166 locum
1412 5118 1574 5166 autor
1608 5114 1842 5168 laudare
1875 5115 2106 5169 voluerit
2139 5114 2251 5167 iam
2287 5130 2370 5167 ve-

415 5191 559 5240 terea
603 5183 837 5238 editores
889 5186 981 5238 in
946 5188 1246 5250 norarunt,
1295 5196 1467 5249 neque

419 5254 691 5310 Fortasse
725 5252 793 5305 de
827 5254 858 5305 1
949 5251 1125 5319 im.3‚
1163 5251 1229 5305 16
1264 5250 1536 5319 coqitavit.
1675 5249 1735 5314 2)

414 5322 529 5378 Sed
563 5321 974 5390 incredulosque
1011 5323 1232 5391 gratiae.

1874 5251 2060 5305 .1542
2095 5252 2372 5332 mendose.-

1946 393 2900 462 PSYCHOPANNYCHIA.

1516 5181 1687 5236 ullum
1739 5199 1861 5236 mar
1896 5185 1983 5238 ini
2033 5183 2372 5237 adscribunt.
2469 5181 2634 5249 ponit
2658 5185 2812 5247 post:
2845 5180 2968 5234 illis.

4307 410 4428 472 186

2480 594 2872 668 receperunt
2902 586 2975 649 in
3007 586 3464 652 confusionem.
3522 588 3854 655 Viderunt
3885 592 4058 656 enim
4093 614 4294 659 unam
4329 617 4429 661 es-

2483 693 2552 736 se
2595 670 3144 753 redemptionem:
3195 694 3233 736 a
3276 692 3403 755 qua
3446 674 3713 754 exclusi,
3760 676 3926 765 quid
3957 678 4135 742 aliud
4168 690 4433 761 possent

2482 777 2680 853 quam
2723 755 3112 840 desperare?
3183 758 3395 823 Video
3448 759 3604 825 istos
3660 762 3792 825 iam
3847 748 4122 829 fremere
4167 786 4242 831 ac
4285 788 4429 830 mu-

2484 842 2645 919 tire,
2704 841 2988 924 glossam
3030 842 3201 908 hanc
3246 866 3387 909 esse
3431 866 3468 909 e
3511 848 3723 927 capite
3766 869 3912 912 meo
3958 850 4264 915 effictam:
4323 852 4430 918 his

2482 926 2738 1011 legibus
2783 946 2852 991 se
2895 949 3029 992 non
3073 929 3318 994 subiici.
3388 930 3541 994 Non
3575 932 3870 996 addicam
3915 955 4072 1018 ergo
4116 957 4223 1001 eos
4265 938 4430 1003 meis

2483 1012 2756 1096 legibus,
2799 1012 2914 1076 sed
2959 1013 3081 1078 hoc
3127 1022 3386 1080 tantum
3427 1016 3686 1099 rogabo,
3734 1040 3950 1084 annon
3987 1022 4254 1102 spiritus
4289 1045 4431 1088 car-

2484 1119 2631 1163 cere
2675 1098 2909 1175 clausi,
2967 1100 3237 1180 spiritus
3293 1101 3468 1166 sint?
3559 1102 3822 1168 Clarius
3876 1113 3976 1170 est
4030 1106 4202 1188 quod
4260 1109 4433 1190 apud

2485 1183 2770 1248 eundem
2814 1184 3194 1266 scriptorem
3238 1187 3505 1270 legitur:
3565 1189 3650 1252 In
3691 1190 3813 1255 hoc
3858 1192 4133 1257 mortuis
4175 1194 4431 1275 praedi-

2484 1279 2704 1334 catum
2748 1290 2890 1334 esse
2935 1270 3366 1352 evangelium,
3414 1283 3488 1337 ut
3520 1273 3893 1340 iudicentur
3925 1277 4283 1342 secundum
4312 1280 4430 1344 ho-

2482 1357 2695 1420 mines
2740 1377 2954 1433 carne,
3001 1356 3229 1420 vivant
3271 1366 3490 1421 autem
3534 1360 3891 1424 secundum
3934 1363 4152 1427 Deum
4198 1365 4432 1446 spiritu

2486 1441 2548 1524 (1
2592 1442 2775 1506 Petr.
2813 1446 2872 1520 4,
2914 1441 3000 1523 6).
3069 1440 3356 1519 Videtis,
3403 1451 3479 1506 ut
3521 1465 3712 1509 carne
3756 1448 3823 1511 in
3868 1457 4147 1513 mortem
4191 1450 4433 1514 tradita

2485 1527 2789 1625 spiritum
2838 1535 3090 1591 asserat
3132 1527 3202 1589 in
3239 1528 3489 1592 vitam?
3581 1529 3805 1610 9111118
3851 1533 4028 1596 enim
4073 1535 4301 1600 relatio
4345 1537 4433 1600 sit

2483 1613 2660 1678 vitae
2689 1632 2764 1677 ac
2796 1613 3044 1690 11101118,
3074 1614 3198 1674 κατ’
3237 1611 3568 1693 ἀντίθεσιν,
3594 1616 3643 1698 ¹)
3669 1617 3946 1682 alterum
3981 1621 4146 1684 mori
4181 1620 4433 1686 clarum

2483 1708 2602 1777 est,
2649 1698 2926 1763 alterum
2972 1700 3217 1763 vivere.

2661 1875 2776 1949 [fol.
2832 1874 2896 1947 9]
2957 1869 3039 1933 Id
3099 1870 3314 1952 ipsum
3375 1892 3458 1934 ex
3518 1868 3873 1936 Solomone
3929 1874 4260 1941 discimus.
4321 1878 4429 1959 qui

2484 1962 2763 2020 mortem
2817 1955 3101 2019 hominis
3158 1955 3557 2034 describens,
3614 1958 3809 2041 longo
3866 1956 4236 2025 discrimine
4288 1963 4430 2026 ani-

2484 2062 2662 2105 mam
2707 2063 2745 2105 a
2790 2062 3055 2123 corpore
3098 2051 3374 2141 separat·
3400 2042 3678 2125 (Eccles.
3725 2048 3818 2122 12,
3860 2045 3947 2127 7).
4036 2045 4282 2125 Donec,
4326 2049 4429 2112 in-

2485 2128 2644 2209 quit,
2690 2135 3062 2192 revertatur
3095 2128 3312 2209 pulvis
3357 2128 3425 2191 in
3470 2137 3711 2192 terram
3756 2096 3932 2194 uhde
3977 2139 4144 2208 erat,
4191 2140 4256 2195 et
4296 2134 4428 2216 spi-

2483 2213 2652 2277 ritus
2710 2212 2934 2277 redeat
2990 2212 3074 2276 ad
3117 2213 3364 2290 Deum,
3422 2215 3531 2296 qui
3587 2214 3768 2279 dedit
3820 2215 4025 2280 illum.
4116 2215 4268 2282 Scio
4322 2240 4431 2284 eos

2482 2318 2720 2447 garum
2763 2299 2935 2364 affici
2977 2299 3100 2364 hoc
3144 2308 3564 2383 argumento:
3609 2300 3781 2399 quod
3818 2301 4044 2367 dicunt
4082 2303 4283 2368 vitam
4326 2325 4430 2368 re—

2529 2405 2623 2447 118
2669 2384 2752 2449 ad
2795 2385 3032 2462 Deum,
3077 2387 3188 2467 qui
3233 2394 3334 2449 est
3376 2387 3518 2450 fons
3564 2387 3769 2451 vitae:
3817 2388 4038 2470 itaque
4080 2389 4248 2452 nihil
4293 2410 4430 2454 am-

2481 2470 2657 2551 plius
2712 2492 2868 2535 8888.
2961 2469 3095 2534 Sed
3152 2473 3355 2537 verba
3410 2473 3552 2553 ipsa
3608 2471 3922 2551 clamant,
3979 2472 4100 2538 sibi
4141 2475 4277 2540 vim
4327 2477 4430 2539 in-

2482 2555 2658 2634 ferri,
2678 2556 2736 2639 2)
2780 2564 2856 2620 111
2884 2556 3140 2620 88111118
3186 2557 3272 2620 811
3314 2578 3547 2641 operae
3589 2559 3872 2639 pretium
3917 2559 4214 2624 refellere
4259 2560 4430 2625 hanc

2483 2607 2899 2724 argutiolam,
2955 2642 3295 2725 indignam
3339 2652 3405 2708 et
3446 2642 3618 2708 lectu
3662 2652 3729 2708 et
3771 2643 4016 2708 auditu.
4106 2645 4252 2709 Iam
4307 2646 4429 2746 hoc

2481 2727 2807 2810 significet
2847 2727 2979 2791 illis
3025 2735 3244 2804 restet,
3267 2730 3348 2811 ⁸)
3366 2729 3618 2793 animas
3663 2727 3874 2793 redire
3916 2729 4000 2792 ad
4042 2729 4290 2795 fontem
4325 2733 4426 2796 vi-

2481 2822 2585 2876 tae
2629 2833 2785 2877 suae
2829 2832 2947 2895 per
2991 2814 3334 2876 somnium.
3424 2815 3645 2895 Atque
3699 2814 3854 2878 huic
3912 2817 4276 2880 sententiae
4321 2839 4425 2882 re-

2481 2897 2758 2980 spondet
2776 2896 2962 2998 ..quod
2985 2905 3085 2962 est
3112 2896 3284 2981 apud
3314 2898 3616 2977 Esdram,
3645 2920 3857 2998 ‘quem
3887 2900 4189 2981 equidem
4221 2902 4426 2984 scrip-

2479 2996 2687 3049 torem
2733 2986 2827 3050 eis
2872 3004 3005 3049 non
3049 3005 3471 3085 opponerem,
3531 2985 3664 3050 nisi
3715 2986 3856 3067 ipso
3903 3006 3988 3050 va
3987 2984 4091 3050 lde
4134 2987 4426 3051 niteren-

2479 3082 2606 3135 tur.
2666 3070 2962 3136 Audiant
2991 3072 3194 3154 igitur
3216 3092 3408 3135 suum
3428 3070 3738 3135 Esdram.
3775 3073 3981 3135 Terra
4010 3070 4239 3137 reddet
4260 3094 4426 3154 quae

2478 3156 2552 3220 in
2595 3179 2676 3222 ea
2717 3157 3080 3236 dormiunt,
3128 3163 3192 3221 et
3235 3158 3302 3220 in
3347 3156 3606 3221 silentio
3651 3157 3979 3221 habitant:
4041 3166 4108 3221 et
4163 3179 4425 3240 promp-

2478 3243 2693 3307 tuaria
2737 3242 3015 3308 reddent
3057 3263 3223 3325 quae
3265 3241 3398 3307 illis
3442 3243 3931 3308 commendatae
3969 3252 4128 3307 sunt
4170 3243 4426 3308 animae

2481 3331 2549 3411 (4
2587 3327 2744 3393 Esd.
2788 3334 2843 3406 7,
2885 3329 3014 3410 32).
3119 3329 3508 3412 Nugantur,
3578 3330 4026 3412 promptuaria
4081 3350 4221 3394 esse
4273 3350 4424 3411 pro-

2477 3413 2837 3479 videntiam
2881 3415 3036 3479 Dei:
3097 3414 3348 3478 animas
3392 3436 3578 3512 vero,
3624 3414 4075 3498 cogitationes:
4135 3427 4209 3479 ut
4260 3415 4424 3480 liber

2477 3501 2653 3564 vitae
2696 3501 2928 3564 offerat
2970 3501 3393 3598 cogitationes
3435 3501 3504 3564 in
3550 3508 3963 3600 conspectum
4003 3500 4151 3566 Dei.
4241 3499 4426 3581 Quae

2476 3585 2548 3648 in
2592 3586 2715 3650 hoc
2760 3593 3018 3649 tantum
3063 3585 3145 3650 ab
3191 3587 3284 3650 eis
3340 3585 3466 3649 dici
3510 3595 3790 3665 constat,
3836 3588 4015 3669 quia,
4077 3608 4279 3670 quum
4322 3595 4424 3652 ta-

2477 3691 2624 3736 cere
2664 3668 2923 3752 pudeat,
2969 3670 3137 3734 nihil
3182 3670 3429 3734 habent
3459 3671 3693 3736 melius
3725 3672 3896 3755 quod
3931 3672 4167 3736 dicant.
4231 3671 4424 3753 Quod

2479 3757 2535 3819 81
2581 3756 2664 3819 8(1
2709 3756 2887 3820 111188
2929 3757 3198 3820 modum
3232 3755 3468 3821 liberet
3505 3757 3861 3840 scripturas
3893 3758 4422 3836 circumvolvere,

2475 3850 2852 3925 pervertere
2895 3842 3116 3906 omnia
3158 3853 3537 3925 promptum
3582 3851 3768 3907 esset.
3837 3843 4024 3907 Nihil
4059 3853 4282 3906 tamen
4315 3844 4424 3908 1118

2479 3932 2880 4010 (quanquam
2912 3927 3042 3991 alia
3062 3928 3270 3991 multa
3304 3929 3689 4011 suppetunt)
3724 3928 3803 3993 de
3835 3949 3982 3992 meo
4014 3937 4240 3993 808118
4271 3949 4424 4009 910-

2473 4014 2714 4091 feram,
2775 4011 3035 4095 quando
3089 4035 3158 4078 se
3212 4013 3352 4094 ipse
3412 4015 3691 4097 scriptor
3734 4036 3772 4077 a
3815 4014 4141 4078 calumnia
4183 4022 4421 4079 tuetur.

2456 4098 2688 4164 >Paulo
2733 4100 2910 4162 enim
2955 4106 3107 4163 ante
3164 4098 3452 4164 dixerat:
3507 4099 3747 4164 Nonne
3792 4098 3871 4163 de
3918 4099 4021 4162 his
4063 4100 4425 4198 interroga-

2476 4192 2719 4251 verunt
2772 4185 3028 4249 animae
3082 4186 3355 4250 istorum
3398 4186 3468 4249 in
3511 4185 3975 4268 promptuariis
4021 4185 4157 4249 suis
4204 4185 4422 4250 dicen-

2476 4279 2608 4335 tes:
2667 4271 2892 4353 Usque
2933 4292 3057 4353 quo
3101 4270 3384 4336 Domine
3429 4293 3460 4334 s
3509 4290 3769 4335 eramus
3814 4269 3952 4334 sic?
4010 4270 4265 4352 quando
4307 4292 4420 4336 ve-

2476 4357 2618 4421 niet
2668 4359 2920 4421 fructus
2977 4378 3166 4422 areae
3225 4377 3437 4421 merce
3490 4356 3502 4367 ‘
3594 4355 3903 4420 nostrae?
3963 4371 4083 4421 etc.
4141 4357 4211 4440 (4
4259 4355 4416 4421 Esd.

2477 4449 2538 4522 4,
2587 4443 2717 4526 35).
2812 4441 3011 4523 Quae¹
3058 4450 3216 4507 sunt
3257 4443 3420 4506 istae
3465 4443 3748 4518 animae,
3807 4462 3972 4524 quae
4016 4442 4422 4525 interrogant

2617 4766 2674 4832 1)
2713 4767 2854 4821 Inde
2901 4783 2936 4820 α
2973 4764 3109 4820 1552
3155 4767 3323 4821 latine
3366 4768 3656 4821 scribitur.-
3700 4784 3802 4835 per
3847 4767 4151 4822 antithesin.
4235 4766 4421 4821 Ver-§io

2471 4836 2678 4918 9811188
2723 4837 2855 4890 haee
2899 4837 3064 4890 verba
3111 4837 3325 4890 mentio
3361 4838 3644 4903 praeterit.
3861 4835 3923 4900 2)
3956 4835 4064 4889 Sibi
4108 4836 4213 4890 hoc
4256 4835 4417 4889 modo

2477 4908 2582 4960 vim
2618 4905 2819 4973 inferri,
2855 4906 3049 4973 leyitur
3083 4905 3144 4957 in
3180 4903 3438 4958 ea.1545
3473 4913 3523 4959 et
3557 4921 3700 4975 seqq.
3734 4907 3995 4959 omnibus.
4049 4903 4246 4957 Gallus
4275 4905 4418 4970 facit

2475 4991 2630 5098 3³2⁸
2675 5049 2783 5096 est.-
2827 4975 3169 5097 migro&
3213 4972 3509 5111 vir-qualum}
3511 4990 3674 5112 09051131
3723 4974 4184 5110 τρεῐέῐωδετίαίῗάἷ
4224 5040 4418 5095 Gallus

2477 5112 2664 5166 vernt.-
2708 5111 2747 5165 il
2790 5119 2936 5165 reste
2984 5126 3087 5180 que
3136 5113 3247 5165 ceci
3285 5113 3438 5167 selon
3474 5128 3579 5166 eux
3615 5110 3941 5191 signifie.—
3978 5107 4114 5163 1545
4148 5111 4418 5179 viryulam

3027 5178 3180 5248 Quae
3215 5182 3400 5234 omnia
3434 5197 3598 5250 quum
3633 5181 3770 5233 satis
3804 5180 4127 5234 inconcinne
4158 5179 4305 5234 dieta
4337 5181 4417 5234 tn*-

2478 5249 2736 5303 derentur
2776 5247 3058 5302 Galla-sius
3103 5246 3240 5302 1552
3264 5266 3403 5318 pro.-
3447 5256 3642 5316 restet,
3689 5249 3938 5315 scripsit.-
3985 5257 4228 5318 oportet,
4273 5247 4418 5318 quod

2475 5319 2797 5373 recentiores
2831 5333 3011 5371 omnes
3043 5326 3352 5375 servarunt.
