5100 6061
328 429 409 489 37

1786 426 2076 493 LIBER
2116 425 2169 490 ῐ.
2260 427 2562 494 οΑΡῐτΤ
2603 430 2693 494 Π.
2763 410 2918 494 ΠΙ.’

4259 444 4341 505 38

324 616 718 699 praefracta.
764 613 1070 679 Valerius
1105 614 1212 680 lib.
1250 615 1373 679 H.:
1412 615 1665 698 Aspero
1702 615 1879 680 enim
1914 622 1981 680 et
2014 616 2294 681 abscisso
2396 622 2524 682 tam
2567 639 2765 701 supra
2808 638 2874 683 se
2917 637 3074 699 esse,
3129 589 3318 701 quain
3341 644 3464 703 pro
3506 646 3572 689 se
3613 625 3843 691 sciunt.-
3899 628 4080 692 euius
4122 650 4341 695 curam

324 702 781 786 castigationis
839 721 1077 784 genere
1131 700 1432 764 militaris
1492 701 1837 784 disciplina
1889 699 2155 785 indiget.
2203 702 2295 765 Et
2396 702 2702 768 excubare
2720 724 2844 784 pro
2889 704 3087 769 salute
3132 707 3516 790 sinqulorum
3554 717 3697 791 [pag.
3739 718 3845 790 26]
3880 719 4061 794 atque
4093 717 4341 781 univer-

323 787 437 853 lib.
479 788 633 851 VL:
695 786 1049 868 Aliquanto
1094 785 1486 851 Charondae
1531 787 1717 870 Tyrii
1756 787 2181 870 praefractior
2227 794 2294 852 et
2395 806 2607 851 sorum
2651 790 2920 870 quotidie
2972 793 3405 873 experiuntur:
3458 816 3576 876 quo
3618 800 3994 879 procedente,
4041 821 4158 864 non
4203 807 4337 865 tan-

323 874 683 940 abscissior
734 870 998 951 iustitia,
1055 871 1138 936 ad
1193 873 1325 939 vim
1386 880 1452 938 et
1507 893 1804 937 cruorem
1851 894 2074 955 usque.
2121 873 2322 939 Vide·
2394 894 2585 955 quam
2617 875 2852 938 malum
2887 875 3143 957 aliquod
3176 883 3285 942 aut
3318 883 3572 946 noxium
3616 885 3855 949 animal
3897 908 3929 950 e
3971 886 4158 952 cubili
4189 908 4338 967 pro-

322 960 681 1026 Budaeum
736 959 805 1022 in
863 965 1110 1023 annott.
1170 966 1404 1042 poster.
1497 958 1749 1023 Eodem
1804 958 2000 1022 libro:
2073 956 2291 1039 Quam

326 1048 569 1112 efficax
615 1052 716 1110 est
759 1046 961 1109 animi
1007 1046 1449 1127 sermonisque
1494 1043 1757 1110 abscissi
1802 1045 2112 1128 gravitas.

513 1132 675 1196 Tam
728 1130 1010 1194 omnibus
1047 1131 1351 1213 iynoscerc
1393 1131 1730 1195 crudelitas
1772 1128 1885 1216 est]
1950 1130 2032 1194 In
2079 1131 2287 1196 Mimo

321 1220 659 1286 Publiano
700 1218 982 1301 legitur:

645 1321 807 1373 Bonis
844 1328 1021 1387 nocet,
1059 1319 1296 1386 quisquis
1332 1320 1637 1387 pepercerit
1671 1320 1842 1373 malis.

316 1408 480 1473 Non
541 1404 713 1490 quod
756 1406 909 1472 boni
967 1404 1304 1486 sanguinis
1351 1405 1485 1468 sint
1527 1412 1934 1487 appetentes,
1981 1404 2094 1469 sed
2134 1406 2288 1487 quia

317 1516 465 1559 non
501 1492 765 1559 aliunde
801 1498 1038 1574 petunt
1069 1488 1472 1572 praesidium
1508 1511 1701 1572 quam
1740 1512 1777 1555 a
1821 1491 1882 1555 le
1933 1490 2075 1554 'bus
2120 1512 2284 1573 quae

317 1582 377 1647 si
416 1579 614 1644 malis
651 1578 872 1641 omnia
905 1576 1376 1659 permitterent,
1415 1584 1633 1640 actum
1664 1587 1840 1666 ¹esset
1922 1599 1956 1640 c
1994 1579 2284 1641 omnium

314 1669 650 1733 bonorum
705 1662 932 1728 salute.
1024 1660 1477 1742 Quintilianus
1530 1662 1637 1726 lib.
1682 1662 1875 1726 XII.:
1925 1661 1999 1727 Si
2045 1683 2283 1745 poenas

317 1752 653 1818 scelerum
689 1755 995 1831 expetere
1031 1755 1172 1826 [pag.
1214 1753 1316 1824 25]
1354 1747 1450 1811 fas
1486 1768 1623 1810 non
1659 1757 1774 1826 est,
1820 1769 2021 1830 prope
2066 1758 2165 1813 est
2207 1755 2285 1811 ut

315 1838 581 1904 seelera
636 1837 783 1919 ipsa
823 1835 1141 1917 permissa
1184 1833 1346 1898 sint:
1403 1841 1470 1897 et
1510 1832 1841 1898 licentiam
1885 1834 2077 1898 malis
2123 1832 2281 1912 dari,

316 1931 505 1991 certe
552 1930 779 1988 eontra
821 1921 1022 1985 bonos
1067 1928 1180 1984 est.

503 2008 589 2072 In
620 2012 869 2089 partem
911 2005 1340 2070 humaniorem
1374 2003 1852 2091 praeponderet]
1904 2005 2101 2068 Hanc
2144 2025 2281 2068 me-

317 2095 735 2178 taphoricam
781 2092 1229 2174 loquutionem
1266 2111 1304 2153 a
1326 2090 1721 2173 ponderibus
1767 2099 2098 2172 sumptam
2142 2111 2282 2154 ma-

314 2182 435 2246 lim
498 2186 587 2244 ex‘
626 2177 845 2243 verbis
905 2177 1208 2261 Gregorii
1265 2176 1621 2259 intelligas,
1681 2177 1791 2259 qui
1846 2176 1939 2241 sic
1993 2176 2281 2258 loquitur

314 2269 390 2332 in
440 2265 834 2331 Moralibus:
896 2262 1131 2329 Omnis
1173 2263 1281 2344 qui
1328 2263 1494 2327 iuste
1539 2261 1812 2341 iudicat,
1859 2271 2169 2327 stateram
2208 2262 2279 2325 in

313 2375 531 2427 manu
576 2358 820 2435 gestat3
876 2350 948 2413 in
989 2355 1263 2431 utroque
1315 2368 1515 2430 penso
1556 2349 1877 2412 iustitiam
1919 2358 1986 2412 et
2027 2348 2279 2412 miseri-

314 2437 616 2505 cordiam
671 2443 904 2519 portat.
996 2433 1131 2500 Sed
1197 2456 1313 2517 per
1366 2434 1684 2499 iustitiam
1752 2433 1967 2498 reddit
2031 2435 2278 2517 peccati

312 2525 738 2600 sententiam,
787 2542 903 2605 per
944 2520 1454 2607 misericordiam
1491 2522 1736 2602 pcccati
1770 2529 2095 2602 temperat
2126 2541 2278 2603 poe·

313 2631 511 2676 nam:
584 2616 658 2673 ut
713 2609 885 2672 iusto
938 2606 1284 2671 libramine
1338 2606 1658 2687 quaedam
1711 2628 1829 2689 per
1884 2605 2278 2687 aequitatem

312 2695 627 2780 corrigat,
673 2693 996 2777 quaedam
1030 2714 1186 2758 vero
1222 2713 1341 2776 per
1375 2692 1886 2756 misericordiam
1920 2690 2273 2774 indulgeat.

310 2783 466 2848 Iam
521 2782 675 2864 quia
731 2779 990 2845 difficile
1045 2786 1144 2843 est
1197 2777 1477 2862 appendi
1523 2798 1780 2860 semper
1825 2798 2031 2860 aequa
2086 2776 2275 2841 lance

311 2868 737 2944 sententiam,
782 2865 929 2930 vult
973 2863 1224 2929 Seneca
1268 2864 1546 2928 iudicem
1590 2865 1658 2926 in
1703 2863 2117 2927 clementiam
2159 2883 2273 2946 po÷

313 2956 452 3019 tius
489 2974 689 3038 quam
726 2954 793 3015 in
832 2950 1280 3016 crudelitatem
1311 2970 1452 3013 esso
1486 2969 1898 3032 propensum.
1959 2948 2041 3013 Id
2075 2950 2274 3014 etiam

313 3043 464 3106 iure
521 3040 949 3105 constitutum
1006 3043 1136 3116 est,
1193 3046 1263 3101 ut
1308 3039 1361 3100 si
1408 3037 1771 3100 sententiae
1814 3037 1956 3117 pari
2000 3057 2272 3100 numero

314 3128 640 3192 adversae
685 3125 999 3201 ferantur,
1040 3143 1205 3199 reue,
1252 3122 1435 3204 quasi
1477 3143 1749 3186 numero
1773 3121 2024 3199 vicerit,
2061 3120 2271 3187 absol-

315 3221 540 3278 vatur.
634 3209 838 3275 Cuius
886 3211 980 3274 rei
1040 3210 1361 3273 rationem
1416 3206 1631 3271 reddit
1675 3207 2061 3272 Aristoteles
2106 3209 2270 3273 Pro-

216 3287 225 3302 ’
311 3298 684 3363 blematum
706 3347 715 3354 ν.
724 3297 1004 3361 sectione
1047 3295 1310 3360 XXIX.

1056 3568 1358 3634 CAPUT
1401 3567 1528 3632 111.

499 3709 691 3773 Nunc
729 3709 800 3770 in
843 3711 968 3770 tres
1003 3710 1222 3786 partes
1266 3724 1499 3769 omnem
1547 3705 1704 3769 hanc
1745 3706 2075 3768 materiam
2116 3704 2274 3768 divi-

317 3798 487 3862 dam.
584 3793 813 3858 Prima
856 3793 971 3856 erit
1012 3791 1544 3856 manumissionis.
1638 3789 1924 3854 Secunda
1960 3810 2117 3872 quae
2160 3810 2271 3853 na-

318 3889 539 3947 turam
591 3880 943 3944 clementiae
1008 3878 1401 3957 habitumque
1442 3877 1834 3940 demonstret.-
1886 3896 2038 3940 nam
2080 3896 2272 3955 quum

318 3969 447 4034 sint
488 3967 646 4031 vitia
690 3965 998 4045 quaedam
1039 3965 1295 4027 virtutes
1338 3963 1679 4040 imitantia,
1725 3983 1845 4025 non
1878 3967 2140 4042 possunt
2180 3983 2273 4026 se-

317 4054 510 4131 cemii,
548 4053 677 4115 nisi
708 4053 890 4134 siqua
911 4050 1133 4132 quibus
1153 4050 1612 4131 diqnoscantur,
1649 4049 2060 4127 impresseris.
2126 4047 2272 4112 Ter-

317 4142 404 4205 tio
462 4139 587 4203 loco
639 4157 1008 4218 quaeremus
1050 4134 1342 4216 quomodo
1386 4134 1469 4196 ad
1522 4134 1679 4198 hanc
1721 4134 2009 4197 virtutem
2040 4134 2271 4214 perdu-

318 4231 503 4292 catur
540 4224 806 4301 animus,
851 4222 1142 4303 quomodo
1183 4219 1494 4299 confirmet
1527 4241 1680 4296 eam,
1717 4224 1773 4284 et
1805 4240 1928 4283 usu
1961 4240 2144 4283 suam
2174 4219 2272 4301 fa-

319 4313 463 4376 ciat.
572 4308 837 4373 Nullam
892 4328 1031 4371 vero
1083 4326 1158 4370 ex
1215 4305 1499 4369 omnibus
1550 4306 1881 4369 virtutibus
1921 4306 2127 4388 mayis
2168 4304 2269 4368 ho-

321 4398 487 4461 mini
523 4396 869 4471 convenire,
928 4412 1120 4474 quum
1160 4393 1242 4457 sit
1275 4391 1451 4454 nulla
1501 4392 1863 4468 humanior,
1909 4395 2129 4455 constet
2173 4411 2272 4455 ne-

322 4502 490 4547 cesse
531 4485 621 4544 est
636 4532 650 4558 ‚
710 4502 831 4545 non
884 4479 1083 4543 solum
1128 4479 1288 4541 inter
1329 4497 1467 4556 nos,
1528 4478 1637 4557 qui
1693 4476 1996 4541 hominem
2050 4477 2274 4541 sociale

322 4566 570 4633 animal
627 4566 932 4630 communi
990 4564 1139 4629 bono
1190 4565 1468 4647 yenitwm
1524 4563 1726 4628 videri
1783 4563 2097 4641 volumus,
2164 4564 2271 4627 sed

321 4655 513 4717 etiam
553 4652 713 4716 inter
756 4651 898 4717 illos
941 4651 1050 4731 qui
1104 4649 1410 4714 hominem
1462 4649 1759 4730 voluptati
1810 4649 2069 4727 donant,
2126 4669 2274 4729 quo-

322 4759 469 4804 rum
501 4738 716 4802 omnia
750 4737 914 4801 dicta
953 4736 1238 4817 factaque
1278 4734 1362 4799 ad
1395 4736 1725 4800 utilitatem
1757 4755 1943 4798 suam
1983 4739 2270 4814 spectant.

327 4824 504 4889 Nam
540 4823 600 4885 si
634 4824 893 4904 quietem
918 4822 1077 4904 petit
1121 4828 1175 4885 et
1218 4822 1441 4901 otium,
1483 4822 1640 4885 Itane
1680 4821 1967 4884 virtutem
2008 4825 2273 4884 naturae

325 4931 478 4975 suae
527 4915 743 4973 nactus
789 4914 896 4988 est,
954 4928 1113 4990 quae
1154 4926 1375 4989 pacem
1431 4912 1599 4971 amat
1653 4912 1721 4970 et
1760 4926 1984 4970 manus
2041 4906 2271 4970 retinet.

331 4995 601 5060 Nullum
644 5000 847 5059 tamen
886 4993 1203 5059 clementia
1246 5013 1321 5055 ex
1365 4993 1648 5057 omnibus
1702 4993 1906 5075 mayis
1949 5012 2137 5073 quam
2180 5013 2274 5057 re-

325 5103 462 5166 yem
507 5086 619 5145 aut
660 5082 1017 5163 principem
1068 5079 1244 5143 decet.
1333 5077 1438 5141 Ita
1496 5080 1662 5142 enim
1715 5079 1975 5142 virtutes
2026 5078 2273 5161 maynis

327 5168 488 5232 viris
508 5167 711 5232 decori
728 5166 1080 5251 yloriaeque
1111 5167 1273 5242 sunt,
1310 5164 1369 5227 si
1401 5163 1536 5228 illis
1556 5164 1863 5227 salutaris
1870 5165 2148 5243 potentia
2169 5169 2271 5229 est.

334 5252 504 5318 Nam
537 5253 842 5335 pestifera
876 5254 973 5317 vis
1006 5256 1109 5331 est,
1154 5249 1358 5315 valere
1400 5249 1485 5313 ad
1525 5250 1877 5312 nocendum.
1945 5249 2139 5314 Illius
2172 5250 2272 5315 de-

330 5360 503 5403 mum
545 5338 906 5422 maynitudo
948 5336 1192 5403 stabilis
1246 5336 1634 5418 fundataque
1676 5341 1779 5413 est,
1829 5356 2006 5416 quem
2064 5355 2273 5400 omnes

2391 960 2596 1057 siliret
2628 960 2982 1058 diffugiunt,
3035 962 3147 1025 sed
3178 969 3472 1046 tanquam
3510 969 3595 1032 ad
3629 969 3868 1033 clarum
3904 991 3976 1035 oc
4010 971 4337 1054 beneficum

2392 1046 2575 1145 sidus
2619 1050 2896 1144 certatim
2938 1047 3240 1129 advolant,
3287 1050 3544 1118 obiicere
3597 1074 3662 1119 se
3699 1075 3823 1135 pro
3864 1058 3969 1122 illo
4029 1060 4336 1123 mucroni-

2391 1130 2505 1195 bus
2546 1132 2988 1196 insidiantium
3030 1136 3465 1217 paratissimi,
3526 1145 3582 1201 et
3639 1141 4024 1207 substernere
4079 1164 4335 1227 corpora

2392 1237 2530 1295 sua,
2563 1218 2757 1297 siper
2779 1221 3048 1300 strayem
3084 1219 3184 1282 illi
3218 1220 3557 1287 humanam
3581 1225 3697 1288 iter
3715 1227 3799 1290 ad
3819 1229 4079 1292 salutem
4096 1236 4336 1295 struen-

2390 1303 2538 1365 dum
2592 1305 2694 1366 sit.
2788 1302 3084 1366 Somnum
3143 1306 3280 1370 eius
3331 1310 3641 1373 nocturnis
3688 1313 3963 1376 excubiis
4011 1316 4334 1381 muniunt.-

2392 1390 2590 1453 latera
2642 1388 2852 1453 obiecti
2911 1388 3390 1471 circumfusique
3454 1395 3817 1476 defendunt:
3877 1400 4333 1465 incurrentibus

2377 1474 2691 1574 periculis
2733 1494 2799 1537 se
2841 1479 3167 1556 opponunt.
3239 1477 3380 1539 Non
3419 1479 3518 1542 hic
3560 1487 3647 1544 est
3690 1483 3826 1547 sine
3861 1486 4098 1549 ratione
4130 1508 4334 1567 popu—

2388 1560 2471 1624 lis
2505 1560 2881 1640 urbibusque
2916 1579 3260 1640 consensus,
3299 1563 3390 1626 sic
3422 1569 3780 1648 protegendi
3823 1571 4199 1652 amandique
4239 1594 4333 1636 re-

2383 1665 2506 1727 yes,
2552 1650 2606 1709 et
2645 1665 2710 1710 se
2752 1665 2991 1726 suaque
3029 1646 3310 1711 iactandi
3348 1669 3700 1732 quocunque
3743 1654 4186 1721 desideraverit
4221 1659 4335 1722 im-

2380 1732 2663 1812 perantis
2705 1730 2900 1795 salus.
2974 1731 3104 1794 Nee
3149 1730 3295 1795 haec
3337 1735 3552 1799 vilitas
3595 1742 3681 1800 est
3725 1745 3833 1801 aut
3875 1741 4177 1805 dementia
4209 1765 4332 1823 pro

2387 1837 2507 1880 uno
2552 1817 2747 1897 capite
2790 1821 2872 1880 tot
2927 1816 3134 1881 millia
3179 1820 3455 1901 eoecipere
3488 1822 3752 1904 ferrum,
3797 1844 3869 1885 ac
3911 1827 4125 1890 multis
4169 1849 4333 1893 mor-

2385 1902 2553 1966 tibus
2602 1923 2795 1966 unam
2859 1904 3139 1967 animam
3206 1905 3506 1971 redimere
3564 1928 4007 1990 nonnunquam
4057 1915 4228 1977 senis
4280 1919 4335 1979 et

2385 1988 2670 2053 invalidi.
2748 1988 3274 2068 Quemadmodum
3308 1996 3498 2056 totum
3539 2013 3763 2074 eorpus
3797 1997 4009 2093 apimo
4045 1999 4329 2078 deservit,

2384 2078 2439 2138 et
2464 2094 2654 2154 quum
2692 2073 2799 2138 hoc
2821 2078 2986 2137 tanto
3029 2076 3256 2153 maius,
3301 2082 3586 2158 tantoque
3624 2081 3962 2160 speciosius
3984 2084 4085 2161 sit,
4130 2085 4236 2148 ille
4262 2086 4329 2148 in

2387 2160 2613 2224 occulto
2655 2164 2903 2223 maneat
2944 2160 3167 2240 tenuis,
3212 2167 3267 2225 et
3307 2164 3379 2226 in
3433 2185 3558 2245 qua
3598 2167 3737 2229 sede
3794 2167 3988 2231 latitet
4031 2170 4329 2235 incertus.-

2386 2252 2590 2309 tamen
2624 2265 2867 2321 manus,
2894 2246 3101 2326 pedes,
3139 2247 3300 2311 oculi
3342 2250 3646 2331 negotium
3687 2252 3786 2315 illi
3825 2260 4059 2335 {ser-unt.
4128 2254 4176 2317 I
4179 2257 4330 2319 llum

2384 2331 2529 2395 haec
2573 2333 2731 2395 cutis
2772 2333 2990 2394 munit.
3095 2331 3297 2398 Illius
3340 2335 3525 2399 iussu
3579 2337 3872 2418 iacemus,
3919 2344 4029 2402 aut
4071 2340 4333 2423 inquieti

2385 2418 2821 2482 disctcrrimus.
2916 2417 3118 2498 Quum
3161 2419 3265 2484 ille
3299 2422 3643 2500 imperavit,
3688 2424 3817 2487 sive
3860 2445 4098 2489 avarus
4138 2428 4331 2492 domi-

2384 2524 2506 2566 nus
2538 2508 2642 2580 est,
2680 2524 2855 2567 mare
2889 2504 3052 2568 lucri
3088 2525 3318 2569 caussa
3351 2512 3746 2571 scrutamur:
3782 2510 3912 2573 sive
3949 2512 4328 2592 anibitiosuS,

2382 2590 2756 2654 iamdudum
2800 2589 3118 2654 dexteram
3132 2590 3411 2669 flammis
3433 2591 3774 2662 obiecimus,
3831 2601 3942 2659 aut
3984 2598 4331 2663 voluntarie

2379 2674 2810 2739 subsiluimus.
2904 2674 3010 2738 Sic
3052 2676 3198 2741 baec
3241 2678 3544 2743 immensa
3585 2679 3911 2745 multitudo
3954 2683 4150 2746 unius
4194 2686 4330 2748 ani-
4401 2714 4408 2717 ¹

2380 2782 2519 2824 mae
2571 2761 2952 2825 circumdata
2967 2811 2981 2839 ,
3039 2761 3088 2824 il
3092 2763 3217 2825 lius
3259 2762 3489 2842 spiritu
3545 2765 3808 2845 reyitur,
3869 2767 4044 2830 illius
4092 2772 4331 2834 ratione

2371 2848 2655 2926 flectitur,
2684 2866 2994 2927 pressura
3030 2867 3095 2910 se
3129 2867 3203 2910 ac
3231 2849 3517 2929 fractura
3552 2850 3794 2915 viribus
3827 2854 3981 2929 suis,
4019 2855 4147 2916 nisi
4192 2875 4327 2918 con-
4445 2932 4446 2939 ἵ

2378 2934 2525 2997 silio
2568 2934 2991 2997 sustineretur.

2549 3017 2809 3083 Divisio
2874 3025 2974 3082 est
3043 3018 3286 3101 operis,
3359 3019 3650 3084 nondum
3716 3022 3878 3085 mihi
3924 3025 4080 3088 satis
4137 3024 4328 3090 intel-

2375 3107 2562 3170 lecta.
2653 3103 2834 3168 Malo
2879 3105 3050 3168 enim
3098 3105 3427 3169 hominem
3473 3107 3792 3189 ingenuae
3836 3110 4137 3174 veritatis
4178 3131 4327 3194 pro-

2376 3193 2569 3268 fiteri,
2608 3211 2800 3274 quam
2840 3190 3095 3254 frivolis
3133 3191 3410 3274 argutiis
3453 3192 3761 3256 lectorem
3807 3193 4088 3259 eludere.
4157 3195 4330 3260 Nam

2378 3298 2498 3343 nec
2545 3297 2621 3341 eo
2667 3297 2791 3359 quo
2838 3277 3142 3360 proponit
3186 3276 3444 3355 ordine,
3494 3287 3950 3362 argumentum
3993 3283 4326 3364 prosequi-

2377 3372 2503 3427 tur.
2603 3363 2831 3445 Neque
2890 3364 2958 3426 in
3017 3369 3240 3445 aperto
3300 3370 3418 3441 est,
3479 3364 3633 3446 quid
3693 3365 3812 3429 sibi
3869 3365 4032 3430 velit
4086 3390 4327 3432 nomen

2374 3449 2909 3513 manumissionis
2956 3450 3025 3511 in
3073 3450 3284 3532 prima
3318 3457 3519 3531 parte.
3601 3448 3805 3515 Cuius
3843 3452 3934 3516 rei
3973 3453 4159 3536 culpa
4194 3475 4327 3518 non

2376 3542 2511 3598 tam
2546 3534 2733 3598 nobis
2767 3534 2952 3612 forte,
3000 3555 3193 3616 quam
3231 3536 3440 3599 autori
3475 3536 3600 3617 ipsi
3643 3538 3844 3601 fuerit
3879 3524 4325 3605 adscribenda.

2375 3621 2535 3684 Fuit
2601 3620 2773 3683 enim
2841 3619 3166 3702 peculiare
3225 3618 3514 3686 Senecae
3569 3622 3800 3687 vitium
3823 3671 3838 3698 ,
3904 3625 4328 3691 confusaneas

2376 3727 2596 3770 rerum
2655 3705 2875 3789 sylvas
2920 3725 3272 3787 congerere
3315 3708 3555 3789 magis,
3602 3728 3799 3789 quam
3842 3709 4153 3794 digerere.
4245 3713 4326 3776 In

2342 3791 2497 3856 ‚hoe
2544 3791 2741 3854 etiam
2785 3811 2980 3872 opere
3026 3788 3328 3869 deterius,
3370 3791 3542 3874 quod
3587 3793 4082 3877 dispositionem
4125 3819 4326 3879 quam

2374 3878 2729 3961 promittit,
2776 3876 3046 3940 minime
3089 3884 3398 3958 praestat.
3487 3879 3633 3944 Hoc
3677 3887 3916 3957 tamen,
3972 3881 4325 3964 qualecun-

2375 3984 2500 4045 que
2546 3969 2662 4039 est,
2685 3960 3068 4044 ‘maioribus
3109 3962 3472 4028 virtutibus
3516 3973 3846 4046 pensatur.

2563 4048 2738 4112 Vitia
2758 4049 3015 4112 virtutes
3037 4052 3182 4126 [pag.
3211 4054 3316 4126 27]
3337 4045 3684 4135 imitantia]
3708 4051 3995 4115 Imitatio
4016 4060 4119 4116 est
4139 4052 4326 4119 Cice-

2373 4134 2572 4211 roniS,
2619 4135 2804 4199 cuius
2837 4134 3042 4199 verba
3093 4141 3248 4198 sunt
3291 4137 3358 4198 in
3402 4136 3885 4216 partitionibus:
3936 4137 4327 4203 Cavendum

2376 4228 2476 4285 est
2529 4228 2751 4284 autem
2798 4219 3147 4308 diligenter
3191 4242 3273 4284 ne
3315 4219 3549 4284 fallant
3604 4242 3682 4285 ea
3734 4241 3856 4285 nos
3917 4224 4111 4302 vitia,
4159 4246 4326 4307 quae

2372 4308 2691 4371 virtutem
2759 4305 3070 4371 videntur
3140 4307 3399 4370 imitari.
3525 4307 3696 4369 Nam
3770 4315 3837 4371 et
3904 4309 4323 4392 prudentiam

2373 4392 2641 4471 malitia,
2715 4400 2781 4456 et
2850 4393 3354 4475 temperantiam
3422 4393 3797 4456 immanitas
3857 4394 3927 4457 in
3967 4396 4323 4479 voluptati-

2375 4478 2497 4543 bus
2564 4475 3023 4562 aspernandis,
3098 4486 3165 4542 et
3235 4477 3750 4560 magnitudinem
3822 4480 4023 4544 animi
4096 4503 4324 4564 super·

2375 4563 2481 4650 bia
2536 4565 2606 4627 in
2658 4565 2894 4629 animis
2939 4561 3276 4642 tollendiS,
3335 4570 3403 4627 et
3458 4560 3878 4646 despicientia
3923 4568 3992 4630 in
4035 4576 4324 4632 contem-

2374 4649 2610 4715 nendis
2675 4650 3046 4727 honoribuS,
3114 4657 3180 4711 et
3236 4648 3693 4713 liberalitatem
3753 4652 4001 4730 effusiO,
4071 4662 4136 4716 et
4191 4654 4322 4717 for-

2376 4735 2730 4801 titudinem
2789 4736 3059 4800 audacia
3110 4736 3436 4808 imitatur,
3505 4743 3571 4798 et
3632 4738 4017 4817 patientiam
4082 4739 4326 4804 duritia

2374 4823 2714 4900 immanis,
2765 4829 2831 4885 et
2871 4821 3188 4885 iustitiam
3243 4821 3593 4899 acerbitati,
3653 4829 3718 4886 et
3774 4823 4158 4905 religionem
4211 4847 4325 4890 su-

2376 4908 2691 4988 perstitiO,
2738 4913 2803 4971 et
2837 4906 3169 4971 lenitatem
3206 4905 3481 4970 mollitia
3515 4909 3737 4985 animi,
3776 4917 3841 4972 et
3861 4910 4325 4975 verecundiam

2377 4993 2697 5058 timiditas
2740 4999 2857 5058 etc.
2925 4991 3206 5056 Hisdet'n
3248 4993 3384 5057 fere
3407 4993 3622 5059 verbis
3669 4993 4061 5078 Gregorius:
4112 4994 4322 5081 Saepe

2378 5099 2448 5143 se
2501 5080 2660 5144 vitia
2715 5079 3057 5162 ingerunt,
3116 5087 3182 5142 et
3237 5099 3307 5142 se
3351 5080 3629 5143 virtutes
3684 5101 3824 5145 esse
3881 5082 4319 5147 mentiuntur:

2376 5173 2453 5228 ut
2506 5166 2762 5229 tenacia
2817 5164 3244 5246 parsimonia,
3306 5164 3535 5228 effusio
3606 5165 3908 5248 largitas,
3969 5166 4323 5234 crudelitas

2375 5251 2554 5314 zelus
2599 5249 2904 5328 iustitiae,
2950 5251 3243 5316 remissio
3285 5252 3494 5332 pietas
3539 5249 3747 5314 videri
3793 5250 3971 5317 velit.
4042 5253 4324 5320 Iuvena-

2376 5336 2456 5400 lis
2504 5334 2747 5419 Satyra
2787 5336 3013 5401 XIV:

3850 5439 3914 5493 3*
