5100 6061
1500 1731 2154 1832 IACOBUS
2224 1732 3107 1831 SADOLETUS

665 1900 1065 1953 EPISGOPUS
1102 1900 1737 1964 OARPENTORAGTI,
1776 1902 1827 1955 S.
1866 1903 1928 1955 R.
1967 1904 2030 1956 E.
2070 1903 2322 1957 TITULI
2358 1899 2626 1956 SANGTI
2663 1901 2970 1956 OALIXTI
3009 1903 3450 1958 PRESBYTER
3484 1905 3954 1974 OARDINALIS,

1573 2071 1781 2138 θυῖε
1827 2069 2458 2139 DESIDERATIS
2503 2073 3036 2139 FRATRIBUS

780 2228 1577 2312 MAGISTRATUI.
1624 2183 2162 2321 CONCILIO⁹
2212 2229 2348 2310 ET
2393 2229 2833 2310 CIVIBUS
2879 2230 3818 2314 GEBENNENSIBUS.

477 2414 818 2480 Carissimi
872 2417 940 2477 in
996 2413 1241 2479 Christo
1306 2417 1538 2495 fratres
1551 2467 1564 2494 ,
1625 2437 1757 2495 pax
1811 2415 1981 2480 vobis
2034 2421 2089 2479 et
2145 2438 2250 2482 no-
2300 2439 2303 2502 3
2355 2416 2665 2479 voluntate
2728 2418 3056 2498 episcopus
3125 2417 3811 2499 Carpentoractensinm
3876 2423 4088 2502 factus
4154 2444 4317 2504 sum,

302 2501 557 2580 biscum,
603 2501 712 2566 hoc
755 2506 858 2579 est,
904 2521 1042 2565 cum
1085 2501 1384 2565 catholica
1403 2539 1408 2546 -
1427 2503 1696 2579 eeclesia,
1739 2507 1939 2566 matre
1973 2504 2251 2566 omnium
2298 2527 2304 2562 φ
2354 2502 2541 2565 annis
2602 2501 2824 2568 abhinc
2880 2503 3082 2568 tribus
3130 2504 3262 2585 fere
3307 2511 3362 2568 et
3408 2506 3629 2588 viqinti
3645 2556 3658 2582 ,
3708 2513 3977 2585 propter
4020 2529 4318 2574 com-mer-

300 2593 580 2651 nostrum
622 2594 806 2668 atque
847 2592 1144 2664 vestrum,
1189 2608 1366 2652 amor
1410 2594 1592 2668 atque
1634 2589 1987 2664 concordia,
2033 2612 2074 2651 a
2117 2587 2251 2653 Deo
2298 2643 2302 2664 ,

2299 2689 2302 2718 ³
2352 2673 2550 2737 multa
2606 2673 2680 2736 de
2734 2674 2905 2738 vobis
2952 2675 3175 2742 absens
3229 2682 3287 2740 et
3337 2678 3413 2741 de
3469 2676 3751 2740 moribus
3797 2681 3945 2754 [pag.
3986 2683 4049 2756 5]
4091 2681 4316 2745 vestris

2299 2755 2303 2824 ἓ
2353 2759 2803 2841 coqnovissem,
2859 2780 3077 2825 amare
3130 2763 3266 2826 iam
3310 2766 3441 2825 tum
3490 2763 3662 2841 coepi
3705 2763 4093 2827 nobilitatem
4136 2765 4314 2830 urbis

2300 2849 2304 2876 *
2354 2850 2619 2921 vestrae,
2679 2846 2960 2910 ordinem
3010 2848 3408 2927 formamque
3465 2848 3874 2928 reipublicae,
3944 2848 4315 2932 di9nitatem

291 2678 481 2756 patre
539 2675 967 2753 omnipotente,
1026 2678 1082 2736 et
1124 2674 1303 2738 unico
1348 2675 1484 2736 eius
1517 2675 1673 2754 filio
1723 2674 1988 2738 Domino
2042 2679 2250 2739 nostro

303 2775 506 2829 IESU
544 2773 918 2841 ΟΗΗΙΒΤΟ,
953 2764 1278 2840 sanctoque
1310 2760 1503 2823 simul
1530 2761 1784 2841 spiritu,
1821 2780 1977 2841 quae
1997 2762 2248 2824 estuni-

300 2851 401 2910 tas
457 2847 530 2909 in
582 2846 783 2909 tribus
825 2845 1136 2926 perfecta:
1190 2846 1292 2908 cui
1346 2845 1490 2909 laus
1544 2851 1633 2910 est
1685 2851 1741 2908 et
1796 2847 2133 2926 imperium
2179 2847 2250 2910 in

301 2951 477 2996 omne
518 2932 911 2995 saeculorum
955 2951 1192 3008 aevum,
1240 2932 1464 2994 Amen.

477 3017 790 3096 Arbitror,
822 3020 1058 3099 fratres
1092 3018 1429 3097 carissimi,
1466 3018 1787 3099 aliquibus
1816 3023 2088 3083 vestrum
2122 3039 2253 3084 esse

301 3110 546 3183 notum,
603 3125 700 3169 me
754 3124 918 3169 nunc
973 3104 1185 3186 deqere
1243 3103 1740 3186 Carpentoracti:
1806 3126 1923 3186 quo
1977 3107 2121 3169 veni
2174 3104 2251 3169 ab

2352 2588 2518 2651 cium
2575 2589 2741 2668 quod
2793 2589 2967 2652 vobis
3013 2610 3156 2654 cum
3210 2591 3364 2655 meis
3417 2591 3518 2654 his
3551 2591 3816 2671 populis
3859 2591 4163 2673 frequens
4205 2601 4314 2675 est,

2353 2929 2614 3009 civium,
2669 2936 2728 2994 et
2779 2930 2959 2995 illam
3012 2933 3314 3012 inprimis
3358 2937 3625 2998 vestram
3669 2933 4000 2998 laudatam
4043 2957 4117 2999 ac
4153 2929 4310 3014 pr'o-

2355 3014 2565 3081 batam
2606 3017 2782 3097 apud
2827 3038 3053 3098 omnes,
3100 3040 3249 3103 erqa
3290 3025 3574 3084 easternos
3609 3019 3888 3086 homines
3935 3026 3993 3084 et
4033 3021 4312 3088 advenas

2356 3102 2836 3168 humanitatem.-
2871 3106 3247 3186 etquoniam
3265 3106 3556 3170 vicinitas
3580 3126 3821 3187 quoque
3856 3126 3981 3170 non
4014 3107 4312 3188 exiquam

307 3190 536 3268 Nicea,
592 3210 913 3256 summum
954 3191 1107 3255 illuc
1144 3192 1516 3272 pontificem,
1575 3191 1658 3254 ad
1689 3192 2119 3271 pacificandos
2159 3212 2253 3256 re-
2302 3192 2305 3259 Ῐ
2355 3210 2540 3267 saepe
2572 3195 2824 3268 partem
2866 3193 2951 3254 ad
2991 3192 3379 3274 diliqendum
3421 3194 3617 3273 affert,
3663 3193 3825 3256 sicut
3866 3194 3937 3255 in
3980 3192 4129 3262 urbe
4150 3213 4310 3273 pro-

298 3297 408 3361 qes
449 3298 526 3341 ev
560 3276 711 3341 urbe
750 3276 957 3340 Roma
982 3278 1481 3358 proficiscentem,
1505 3278 1701 3358 prius
1746 3281 1893 3355 [pag.
1936 3283 2000 3356 4]
2033 3297 2250 3358 prose·
2301 3264 2306 3391 j
2343 3276 2630 3372 pinquae
2673 3275 2915 3355 domus,
2960 3279 3051 3343 sic
3096 3280 3166 3341 in
3206 3277 3347 3341 orbe
3386 3277 3695 3357 finitimae
3726 3279 4097 3357 provinciae
4139 3299 4311 3342 amo-

301 3369 553 3444 quutus.
643 3362 809 3426 Amo
855 3363 1020 3425 enim
1062 3362 1378 3426 ecclesiam
1419 3368 1492 3441 et·
1516 3364 1825 3427 civitatem
1866 3364 2025 3427 lianc
2064 3384 2254 3443 quam

301 3449 462 3513 mihi
505 3449 908 3531 spiritualem
951 3453 1007 3513 et
1045 3469 1341 3530 sponsam
1375 3455 1431 3513 et
1452 3450 1738 3529 patriam
1774 3448 1954 3513 Deus
1989 3469 2118 3513 esse
2152 3469 2252 3512 vo-

302 3535 456 3598 luit.-
491 3535 884 3617 populosque
917 3534 1095 3599 hosce
1126 3554 1297 3597 meos
1331 3555 1468 3597 vere
1493 3540 1766 3613 paterna
1798 3536 2057 3598 caritate
2090 3554 2253 3599 com-

293 3622 554 3700 plector,
589 3620 988 3702 disiunqique
1021 3640 1116 3684 me
1150 3619 1226 3683 ab
1263 3620 1395 3683 illis
1429 3621 1611 3684 valde
1644 3640 1823 3702 aeqre
1853 3620 2009 3701 fero.
2075 3621 2254 3701 Quod

302 3708 362 3771 si
405 3706 602 3770 bonos
645 3708 761 3770 iste
801 3707 1260 3784 cardinalatus,
1307 3707 1418 3786 qui
1459 3705 1618 3769 mihi
1658 3707 2016 3786 inopinanti
2057 3712 2115 3769 et
2154 3707 2252 3770 in-

302 3793 431 3858 scio
476 3793 721 3857 delatus
765 3797 880 3869 est,
937 3792 1208 3855 Romam
1247 3812 1343 3855 me
1384 3794 1649 3873 coeqerit
1691 3794 1900 3857 redire
1955 3793 2052 3874 (ut
2094 3796 2251 3856 certe

302 3882 514 3963 coqet),
561 3900 685 3959 quo
729 3880 799 3942 in
833 3898 906 3941 ea
941 3879 1257 3943 vocatione
1299 3879 1368 3940 in
1402 3897 1528 3957 qua
1562 3899 1705 3942 sum
1736 3882 1989 3942 vocatus
2022 3877 2254 3942 ibidem

303 3963 442 4029 Deo
484 3966 775 4043 serviam,
815 3984 939 4026 non
973 3965 1035 4028 is
1069 3969 1271 4028 tamen
1303 3984 1509 4035 meum
1543 3966 1829 4027 animum
1865 3970 2049 4045 atque
2084 3985 2257 4028 amo·

299 4070 433 4115 rem
473 4050 552 4114 ab
596 4050 697 4114 his
729 4050 994 4131 popul-is
1049 4049 1357 4127 avocabit,
1414 4069 1575 4130 quos
1622 4050 1952 4114 habiturus
1994 4071 2135 4124 sum
2182 4052 2252 4113 in

303 4137 530 4201 mediis
585 4137 796 4201 cordis
849 4137 974 4199 mei
1017 4136 1449 4215 penetralibus
1501 4156 1740 4215 semper
1790 4136 2039 4217 inflatos.
2119 4135 2252 4219 Iqi-

304 4228 407 4287 tur
444 4222 912 4302 Carpentoracti
944 4241 1136 4302 quum
1166 4242 1377 4299 essem,
1421 4223 1823 4303 audiremque
1869 4222 2071 4287 multa
2103 4242 2253 4301 quo-

307 4309 457 4374 tidie
490 4310 568 4372 de
601 4309 791 4383 vobis,
828 4327 987 4388 quae
1017 4309 1264 4386 partim
1299 4308 1548 4388 quidem
1581 4308 1739 4371 mihi
1773 4308 2066 4395 dolorem,
2090 4328 2251 4387 par-

305 4395 417 4458 tim
458 4396 650 4459 etiam
692 4414 867 4473 spem
908 4393 1274 4477 nonnullam
1318 4395 1684 4474 excita-rent,
1728 4399 1798 4458 ut
1837 4415 1961 4457 non
2003 4393 2250 4473 diffide-

307 4501 463 4558 rem,
517 4501 637 4545 nos
689 4486 745 4543 et
785 4499 926 4557 vos,
984 4480 1094 4560 qui
1133 4480 1379 4562 fuimus
1421 4483 1738 4561 quondam
1775 4479 1846 4543 in
1896 4485 2061 4544 recta
2105 4500 2251 4561 erya

309 4566 517 4631 Deum
559 4567 865 4647 reliqione
907 4567 1239 4630 unanimes
1255 4618 1269 4645 ,
1324 4567 1532 4632 eodem
1575 4566 1714 4631 Deo
1771 4565 2097 4648 beni9nius
2135 4585 2253 4629 nos

307 4654 670 4733 respiciente
683 4704 697 4730 ‚
754 4653 838 4716 ad
880 4653 1138 4716 eundem
1181 4671 1541 4717 consensum
1583 4653 1868 4717 cordium
1913 4672 2042 4715 esse
2086 4651 2252 4715 redi-

2354 3380 2454 3423 ris
2494 3366 2660 3425 inter
2702 3362 2942 3428 vicinos
2980 3364 3428 3430 conciliatrices
3470 3371 3630 3428 sunt.
3702 3363 3847 3427 Non
3880 3366 4134 3447 contiqit
4167 3368 4311 3429 ante

2357 3444 2467 3511 hoc
2508 3452 2776 3526 tempus,
2816 3450 3073 3527 scilicet,
3118 3456 3188 3514 ut
3219 3472 3329 3515 vos
3371 3450 3565 3514 huius
3607 3452 3730 3514 mei
3767 3471 3914 3532 erqa
3957 3471 4069 3515 vos
4106 3451 4312 3514 animi

2356 3538 2469 3595 aut
2495 3531 2773 3612 fructum
2793 3537 3219 3615 perciperetis,
3256 3542 3368 3602 aut
3399 3537 3661 3617 aliquod
3692 3538 3943 3619 siquam
3973 3537 4311 3602 indicium-

2357 3638 2475 3697 que
2518 3618 2841 3683 haberetis.
2916 3622 3063 3686 Non
3107 3624 3272 3687 enim
3313 3643 3505 3702 opera
3549 3624 3807 3701 uspiam
3852 3623 4112 3706 equistis
4153 3644 4312 3701 mea,

2355 3724 2518 3783 quae
2560 3704 2737 3768 vobis
2764 3707 3047 3787 profecto
3082 3709 3509 3788 paratissima
3547 3709 3806 3789 fuisset:
3859 3729 4076 3772 verum
4131 3709 4312 3771 nulla

2355 3808 2487 3854 sese
2520 3790 2727 3855 adhuc
2758 3792 2936 3857 nobis
2972 3792 3190 3857 obtulit
3224 3795 3480 3859 occasio,
3538 3795 3631 3857 At
3663 3814 3829 3859 nunc
3862 3796 4113 3875 quidem
4146 3799 4306 3858 certe

2355 3895 2482 3938 non
2524 3876 2895 3960 continyit1)
2939 3878 3146 3942 solum
3184 3879 3369 3957 mihi,
3422 3900 3636 3943 verum
3688 3881 3875 3943 etiam
3918 3900 4157 3944 necesse
4198 3885 4308 3959 est,

2357 3966 2427 4025 ut
2468 3980 2591 4042 quo
2648 3962 2719 4025 in
2766 3983 2876 4026 vos
2932 3964 3145 4027 animo
3198 3966 3322 4029 sim
3378 3968 3636 4046 affectus
3674 3965 3845 4029 vobis
3883 3966 4312 4030 demonstrare

2356 4048 2634 4125 adnitar,
2676 4049 2737 4111 si
2773 4048 2963 4128 fidem
3003 4070 3203 4113 meam
3245 4071 3395 4133 erqa
3437 4070 3751 4115 summum
3784 4051 4008 4127 Deum,
4052 4056 4109 4114 et
4146 4050 4311 4115 chri-

2355 4134 2633 4197 stianam
2682 4133 2863 4198 illam
2915 4136 2984 4197 in
3028 4137 3403 4215 proximum
3463 4138 3779 4200 caritatem
3831 4136 4094 4201 retinere
4146 4137 4310 4200 mibi

2355 4220 2560 4298 cupio,
2661 4219 2913 4284 Etenim
2968 4227 3311 4303 postquam
3373 4222 3501 4303 fuit
3553 4221 3637 4284 ad
3680 4242 3869 4285 aures
3920 4242 4093 4284 meas
4136 4221 4309 4286 dela-

2356 4310 2488 4368 tum
2504 4355 2518 4383 ,
2573 4304 2852 4373 homines
2905 4308 3211 4388 quosdam
3253 4313 3493 4371 astutos
3508 4358 3521 4385 ,
3576 4308 3868 4370 inimicos
3921 4307 4307 4373 christianae

2354 4392 2623 4455 unitatis
2667 4396 2722 4454 et
2747 4394 2951 4474 pacis,
2996 4394 3066 4460 id
3107 4395 3275 4474 quod
3309 4394 3380 4456 in
3414 4393 3565 4457 aliis
3598 4397 3782 4457 antea
3815 4394 4141 4459 nonnullis
4171 4395 4307 4474 for-

2355 4478 2640 4541 tissimae
2674 4480 2877 4560 yentis
2919 4478 3345 4544 Helvetiorum
3404 4479 3658 4559 oppidis
3710 4483 3766 4543 et
3810 4480 3999 4562 payis
4043 4481 4176 4544 iam
4215 4482 4307 4561 fe-

2353 4565 2606 4641 cissent,
2665 4565 2812 4627 item
2853 4566 2926 4628 in
2967 4566 3143 4628 vobis
3190 4570 3247 4628 et
3287 4566 3532 4630 civitate
3573 4571 3779 4629 vestra
3821 4565 4026 4629 malae
4063 4567 4303 4630 discor-

2355 4649 2500 4713 diae
2540 4651 2786 4713 semina
2825 4652 3059 4728 iecisse,
3108 4650 3466 4731 Christique
3500 4651 3746 4730 fidelem
3770 4652 4082 4733 populum
4117 4673 4160 4715 a
4194 4651 4304 4716 via

308 4745 499 4819 turos,
539 4740 749 4803 visum
780 4743 873 4803 est
900 4738 1164 4817 spiritui
1197 4743 1410 4802 sancto
1445 4744 1500 4802 et
1529 4738 1688 4801 mibi
1721 4739 1839 4820 (sic
1862 4739 2029 4800 enim
2049 4738 2247 4815 scrip·
2341 4740 2609 4815 patr-um
2650 4736 3088 4816 maiorumque
3120 4755 3401 4814 suorum,
3447 4738 3519 4800 et'
3544 4759 3586 4800 a
3618 4743 3924 4819 perpetua
3966 4736 4304 4802 catholicae

308 4829 450 4889 tura
494 4825 789 4907 loquitur,
844 4828 902 4886 et
940 4828 1098 4887 certe
1141 4844 1534 4905 quaeeunque
1575 4825 1810 4906 inteqro
1857 4828 1914 4885 et
1941 4823 2060 4901 pio
2103 4843 2250 4905 erqa
2351 4823 2640 4887 ecclesiae
2683 4824 2981 4886 avertisse
3019 4825 3319 4886 sententia
3334 4873 3347 4900 ‚
3404 4824 3735 4905 omniaque
3774 4823 4068 4887 dissidiis
4111 4829 4169 4887 et
4209 4842 4305 4887 se-

307 4909 515 4975 Deum
551 4916 857 4994 yeruntur
898 4910 1109 4972 animo
1154 4929 1231 4972 ex
1273 4911 1510 4989 spiritu
1559 4915 1771 4974 sancto
1815 4909 2029 4972 omnia
2069 4909 2247 4992 sunt)

305 4997 513 5061 visum
557 5000 649 5061 est
687 4996 872 5073 milii,
928 4996 1213 5075 inquam,
1271 4996 1536 5061 scribere
1589 4995 1835 5076 aliquid
1877 4996 1961 5059 ad
2004 5014 2136 5072 vos,
2192 5000 2251 5058 et

306 5102 443 5145 eam
485 5083 690 5147 animi
732 5103 949 5147 curam
992 5101 1067 5145 ac
1108 5080 1619 5159 sollicitudinem,
1676 5102 1865 5162 quam
1908 5100 2034 5159 pro
2073 5079 2247 5144 vobis

304 5170 512 5249 capio,
566 5169 767 5232 literis
820 5168 993 5231 vobis
1043 5167 1381 5231 declarare.
1471 5166 1622 5230 Non
1661 5168 1851 5245 enim,
1910 5166 2246 5245 carissimi,

305 5274 467 5318 nova
510 5260 602 5318 est
641 5254 788 5319 baec
829 5275 966 5319 mea
1019 5274 1169 5336 crya
1218 5272 1328 5316 vos
1387 5258 1675 5331 suscepta
1729 5258 1786 5315 et
1832 5252 2247 5316 benevolentia

306 5344 363 5403 et
413 5341 729 5405 voluntas.-
783 5341 894 5404 sed
948 5360 1142 5421 quum
1196 5339 1273 5403 ab
1331 5358 1397 5403 eo
1454 5343 1724 5417 tempore
1778 5358 1899 5418 quo
1953 5358 2058 5420 eqo
2115 5336 2246 5403 Dei

514 5440 735 5496 Calvini
758 5458 941 5510 opera.
1027 5443 1136 5497 Vol.
1189 5443 1245 5496 V.

2352 4908 2697 4972 ditionibus
2740 4908 3028 4987 implesse
3086 4909 3226 4989 (qui
3279 4914 3483 4973 tamen
3531 4930 3667 4974 mos
3713 4910 4031 4990 proprius
4085 4929 4303 4973 eorum

2349 5013 2594 5074 semper
2637 5000 2742 5073 est,
2778 4995 2890 5075 qui
2931 4996 3269 5059 autoritate
3312 4995 3598 5061 ecclesiae
3633 4996 4059 5079 oppuqnanda
4103 5016 4301 5062 novas

2489 5287 2545 5349 1)
2588 5282 2681 5339 Sic
2707 5285 2799 5338 Lu
2836 5284 2889 5340 d.
2922 5291 2971 5339 et
3005 5286 3169 5354 Arq.‚·
3212 5292 3453 5339 caeterae
3487 5299 3670 5338 omnes
3702 5286 3946 5351 contigit,
3982 5285 4303 5355 quibuscum

2343 5354 2484 5421 facit
2517 5355 2695 5408 versio
2725 5372 2765 5423 q
2821 5355 2943 5410 lica.
3826 5438 3895 5491 24
