5100 6061
397 398 520 459 145
1939 395 2229 459 LIBER
2271 395 2363 459 II.

392 584 742 664 aliquando
770 582 944 663 fieret
987 581 1275 648 instabat.
1338 581 1590 647 Invitus
1621 583 1814 648 invito
1838 603 2035 664 quum
2068 582 2349 648 chartam

379 668 783 751 protulisset,
841 670 1254 751 traderetque,
1303 668 1699 748 exclamasti,
1762 669 1993 734 Vellem
2052 669 2349 734 nescirem

389 755 627 819 literas.
704 753 758 819 0
792 754 1047 835 diynam
1091 775 1290 819 vocem
1332 776 1525 835 quam
1565 756 1863 821 audirent
1904 775 2109 820 omnes
2143 759 2350 837 ,qentes

391 860 554 922 quae
611 861 943 905 romanum
996 841 1333 921 imperium
1387 840 1617 921 colunt,
1680 862 1953 923 quaeque
2020 842 2201 905 iuoeta
2254 841 2349 904 ia-

389 931 523 991 cent
564 926 793 991 dubiae
835 926 1173 1004 libertatis,
1230 946 1504 1007 quaeque
1554 950 1620 993 se
1683 933 1896 993 contra
1944 927 2185 991 viribus
2239 931 2352 991 aut

401 1013 641 1077 animis
711 1013 1011 1077 attollunt.
1118 976 1173 1077 0'
1237 1033 1435 1077 vocem
1503 1014 1567 1076 in
1646 1013 1989 1079 concionem
2073 1013 2350 1076 omnium

392 1098 753 1163 mortalium
803 1098 1194 1175 mittendam,
1262 1100 1333 1162 in
1402 1100 1584 1163 cuius
1647 1100 1833 1164 verba
1876 1099 2203 1180 principes
2257 1119 2350 1161 re-

389 1204 614 1281 yesque
670 1186 1085 1249 iuramentum
1138 1186 1393 1265 faciant.
1503 1184 1555 1250 Ο
1608 1206 1808 1250 vocem
1859 1186 2117 1264 publica
2174 1204 2348 1265 yene-

394 1270 489 1334 ris
545 1270 809 1333 humani
862 1271 1214 1334 innocentia
1271 1271 1553 1353 dianam,
1579 1314 1597 1349 x
1615 1273 1720 1335 cui
1777 1270 2135 1335 redderetur
2188 1271 2345 1333 anti-

394 1377 586 1436 quum
630 1335 795 1420 illud
838 1356 1175 1420 saeculum.
1272 1355 1459 1420 Nunc
1497 1359 1771 1439 profecto
1813 1358 2146 1420 consentire
2186 1356 2349 1420 dece-

394 1443 495 1507 bat
539 1442 627 1506 ad
668 1462 937 1522 aequum
981 1442 1324 1522 bonumque
1367 1443 1629 1523 expulsa
1663 1443 1856 1507 alieni
1887 1442 2238 1522 cupiditate,
2271 1462 2348 1505 ex

392 1549 518 1609 qua
563 1549 737 1592 omne
781 1528 982 1592 animi
1026 1527 1265 1591 malum
1308 1530 1543 1592 oritur:
1576 1530 1892 1608 pietatem,
1937 1529 2347 1609 integritatem

395 1634 536 1677 cum
575 1613 703 1694 fide
745 1635 815 1678 ac
858 1613 1157 1678 modestia
1199 1634 1469 1696 surqere,
1514 1621 1568 1677 et
1608 1616 1765 1679 vitia
1808 1615 2105 1678 diuturno
2151 1613 2350 1677 abusa

394 1720 602 1782 regma,
649 1700 897 1765 tandem
937 1699 1123 1780 felici
1154 1720 1228 1763 ac
1261 1720 1428 1781 puro
1471 1701 1713 1765 saeculo
1758 1701 1925 1764 dare>
1956 1701 2171 1764 locum.

566 1785 1003 1882 Prooemium·
1038 1793 1138 1850 est
1189 1806 1325 1850 non
1369 1785 1560 1869 longe
1616 1786 1993 1868 discrepans
2037 1808 2076 1850 a
2118 1805 2348 1867 prooe-

394 1872 525 1936 mio
573 1872 723 1936 libri
767 1870 1150 1953 superioris,
1209 1893 1341 1935 non
1397 1893 1523 1954 quo
1581 1871 1967 1937 adhortetur
2018 1872 2348 1935 Neronem

399 1970 473 2020 ut
495 1957 914 2022 clementiam
950 1955 1174 2035 discat,
1214 1957 1328 2021 sed
1367 1968 1443 2021 ut
1484 1959 1589 2022 sui
1631 1958 1864 2023 similis
1908 1979 2049 2022 esse
2093 1966 2343 2055 pergat.

395 2041 602 2125 quue
657 2042 989 2108 laudantis
1053 2045 1264 2126 specie
1322 2044 1529 2127 magis
1558 2065 1792 2131 quam
1860 2044 2344 2126 praecipientis:

396 2149 523 2211 qua
559 2129 815 2194 ratione
850 2128 1260 2194 demulcendi
1283 2140 1439 2193 sunt
1463 2129 1804 2213 principes,
1840 2150 2120 2212 quorum
2149 2149 2340 2193 aures

398 2216 657 2280 veritati
684 2214 1014 2291 delicatae,
1047 2217 1362 2280 acriorem
1378 2213 1755 2298 diciplinam
1777 2236 1912 2278 non
1936 2214 2175 2278 ferunt.
2222 2214 2347 2279 Est

394 2309 614 2366 autem
638 2300 745 2365 hic
779 2301 960 2378 liber,
1001 2299 1172 2383 quod
1194 2301 1472 2365 Erasmo
1496 2322 1751 2383 quoque
1778 2302 1993 2366 visum
2017 2306 2164 2379 [pag.
2198 2305 2342 2379 139]

394 2397 517 2465 est,
563 2387 808 2469 partim
852 2387 1173 2465 concisae,
1222 2387 1461 2469 partim
1521 2387 1817 2451 mutilus:
1865 2395 1939 2451 ut
1981 2409 2114 2450 non
2157 2385 2347 2451 facile

395 2474 537 2556 quis
593 2472 819 2538 credat
871 2473 966 2537 610
1010 2473 1439 2555 compositum
1484 2496 1522 2537 a
1579 2470 1861 2550 Seneca,
1918 2481 1993 2536 ut
2043 2494 2218 2537 nunc
2275 2472 2346 2535 16

393 2559 697 2624 manibus
740 2558 1035 2623 habetur.
1127 2559 1357 2640 Neque
1402 2569 1622 2625 tamen
1665 2560 1944 2642 pessime
2004 2557 2345 2623 nobiscum

394 2658 613 2711 actum
649 2654 765 2723 est,
812 2643 985 2727 quod
1028 2644 1258 2709 saltem
1305 2643 1388 2707 ad
1432 2666 1551 2709 nos
1596 2645 2066 2728 qualiscunque
2111 2664 2344 2727 perve-

392 2731 506 2795 nit.
600 2730 887 2795 Videtur
932 2738 1155 2794 autem
1208 2730 1405 2813 longe
1460 2731 1638 2796 aliud
1692 2732 1892 2796 fuisse
1940 2730 2344 2812 propositum

394 2813 685 2882 Senecae
708 2817 780 2880 in
802 2815 924 2881 hoc
958 2815 1123 2880 libro
1149 2837 1348 2899 quam
1370 2817 1438 2879 ι6
1473 2817 1691 2899 priori.
1741 2818 1914 2881 Nam
1932 2837 2134 2898 quum
2156 2815 2345 2880 illum

394 2902 913 2968 accommodaret
938 2902 1021 2967 ad
1047 2924 1314 2967 sensum
1337 2903 1734 2985 popularem,
1766 2902 1944 2966 hunc
1971 2900 2343 2966 Stoicorum

393 2988 743 3072 paradoxis
780 3000 846 3054 et
888 2988 1290 3055 scholasticis
1337 2988 1613 3072 argutiis
1659 2998 1872 3054 totum
1917 2988 2213 3071 aspersit.

580 3073 722 3141 Una
755 3097 849 3139 me
882 3097 1002 3139 vox
1041 3082 1149 3140 tua
1218 3076 1436 3140 Huius
1483 3077 1575 3140 rei
1615 3085 1805 3140 autor
1846 3083 1944 3138 est
1991 3074 2344 3157 Tranquil-

393 3160 526 3238 lus,
578 3162 702 3227 hoc
742 3171 1003 3225 tantum
1049 3183 1087 3223 a
1182 3183 1381 3227 eneca
1427 3160 1763 3239 differens,
1821 3158 1994 3243 quod
2050 3160 2343 3224 admoni-

393 3259 534 3311 tum
556 3248 803 3327 scribit,
842 3257 920 3310 ut
956 3245 1034 3312 de
1071 3247 1389 3330 supplicio
1431 3246 1771 3313 cuiusdam
1797 3248 2011 3330 capite
2049 3246 2342 3311 damnati
2394 3285 2397 3290 «

393 3355 471 3399 ex
517 3353 703 3397 more
747 3333 1200 3398 subscriberet.

2396 2136 2399 2159 ¹
2451 2129 2761 2206 arbitror,
2820 2136 3113 2193 noverat.

2455 394 2760 462 CAPUT
2805 397 2859 461 Ι.
2931 463 2937 469 ,
4289 405 4409 465 146

2452 583 2890 667 Pomponius.
2962 605 3241 667 quorum
3306 585 3418 651 ille
3483 585 3693 651 instar
3751 590 4050 672 magistri
4115 590 4410 671 equitum

2452 669 2853 750 praefectum
2898 671 3221 753 praetorio
3268 691 3410 736 esse
3454 673 3706 751 scribit,
3766 675 3871 739 hic
3926 675 4214 740 officium
4270 678 4409 741 6166

2453 754 2586 818 1616
2640 755 2776 820 fere
2832 777 2974 822 esse
3028 756 3259 835 tradit,
3317 756 3509 856 quale
3563 759 3808 823 tribuni
3866 759 4172 825 Celerum
4231 762 4408 844 apud

2454 859 2675 923 reges,
2723 841 2897 923 apud
2940 841 3285 907 dictatores
3330 844 3631 926 magistri
3678 847 3989 927 equitum.
4081 847 4249 911 Erat
4292 869 4406 912 au-

2452 936 2591 990 tem
2633 927 2949 1009 magister
2984 929 3282 1011 equitum
3327 929 3649 994 secundae
3694 932 4055 1012 potestatis,
4104 934 4158 997 si
4204 933 4406 998 dicta-

2456 1019 2560 1075 tor
2603 1011 2890 1077 adesset:
2944 1013 3055 1077 1110
3101 1012 3402 1092 absente,
3459 1017 3738 1097 primae.
3786 1026 3863 1080 ut
3905 1017 4095 1082 docet
4136 1018 4406 1084 Plutar-

2454 1098 2620 1163 chus
2663 1099 2734 1161 in
2779 1100 3091 1163 Antonio.
3181 1100 3367 1166 Haec
3424 1103 3754 1166 sententia
3799 1103 4105 1169 Andreae
4151 1105 4406 1170 Alciato

2454 1181 2932 1249 Mediolanensi
2988 1206 3120 1249 non
3174 1185 3413 1266 placet,
3471 1186 3628 1268 quia
3682 1189 4048 1272 refragatur
4090 1193 4406 1255 constitu-

2453 1269 2617 1333 tioni
2675 1290 2840 1351 quae
2898 1279 3000 1335 est
3057 1271 3178 1334 sub
3234 1271 3331 1335 tit.
3388 1271 3468 1336 de
3523 1274 3826 1355 praefect.
3884 1276 4210 1356 praetorio
4267 1278 4407 1343 sive

2451 1355 2651 1431 urbis,
2697 1353 2802 1418 lib.
2843 1356 3004 1419 ΧΠ.
3043 1354 3116 1421 O.
3164 1377 3327 1438 quae
3370 1359 3773 1439 praefectum
3807 1362 4135 1441 praetorio
4170 1370 4409 1444 aequat

2453 1440 2777 1524 dignitate
2821 1442 3153 1525 magistris
3199 1444 3489 1524 equitum
3534 1466 3608 1509 ac
3649 1445 3979 1545 ped-itum.
4036 1467 4164 1529 quo
4209 1467 4407 1532 argu-

2453 1534 2679 1591 mento
2721 1526 2970 1610 colligit
3013 1526 3325 1592 discretos
3367 1529 3567 1593 fuisse
3610 1532 4054 1614 magistratus.
4122 1532 4201 1598 Id
4249 1555 4406 1599 vero

2454 1612 2647 1693 quale
2684 1612 2789 1690 sit,
2829 1611 3265 1696 dispiciamus,
3334 1614 3636 1687 Primum
3671 1626 3877 1698 putat,
3916 1627 4234 1701 regnante
4271 1620 4406 1684 Ro-

2453 1697 2656 1776 mulo,
2705 1720 2856 1762 eum
2899 1701 3007 1781 qui
3053 1708 3357 1782 praeerat
3400 1703 3743 1799 praetorio,
3792 1703 4056 1767 solitum
4101 1706 4298 1769 etiam
4335 1706 4406 1770 in

2455 1783 2627 1847 bella
2668 1783 2964 1868 prodire,
3022 1784 3397 1868 dictumque
3439 1787 3832 1869 magistrum
3877 1791 4182 1871 equitum.
4274 1792 4406 1857 Hic

2452 1870 2650 1934 velim
2668 1806 3012 1936 pedisserat
3052 1871 3240 1936 nobis
3285 1872 3429 1954 quis
3472 1872 3586 1935 ille
3628 1873 3826 1937 fuerit
3866 1876 4181 1975 magister
4225 1880 4405 1960 equi-

2450 1965 2622 2033 tum,
2677 1957 2790 2038 qui
2833 1966 3134 2040 praeerat
3176 1957 3554 2022 cohortibus
3599 1960 4028 2040 praetorianis
4072 1963 4244 2027 circa
4287 1985 4404 2045 pa-

2450 2042 2682 2106 latium
2726 2042 3028 2107 Romuli.
3075 2063 3266 2124 quem
3311 2064 3395 2107 66
3440 2044 3579 2124 ipse
3623 2044 3888 2126 quidem
3933 2046 4282 2127 Romulus,
4329 2058 4404 2113 ut

3206 2128 3458 2194 Omnes
3519 2130 3695 2193 enim
3751 2131 4168 2196 consentiunt
4210 2155 4402 2199 voca-

2450 2226 2595 2277 tum
2638 2215 2868 2294 fuisse,
2925 2236 3058 2279 non
3102 2216 3494 2313 magistrum
3538 2217 3858 2298 equitum,
3906 2216 4022 2282 sed
4068 2220 4402 2285 tribunum

2451 2298 2790 2364 Celerum:
2839 2308 2907 2364 et
2949 2322 3058 2366 606
3101 2302 3278 2384 ipsos
3324 2299 3608 2379 Celeres,
3658 2306 3803 2380 [pag.
3861 2308 4005 2381 140]
4054 2314 4248 2385 prout
4294 2328 4398 2370 res

2448 2385 2826 2535 gestularet,
2873 2409 3047 2451 nunc
3092 2390 3291 2469 equis,
3339 2409 3516 2452 nunc
3561 2387 3834 2470 pedibus
3880 2388 4123 2454 bellare
4160 2390 4398 2457 solitos.

2506 2471 2733 2536 ubiicit
2772 2474 3138 2556 paulopost,
3185 2471 3296 2536 ubi
3338 2473 3786 2537 Romanorum
3833 2494 3988 2556 opes
4035 2486 4400 2555 creverunt,

2450 2556 2757 2621 distincta
2800 2558 2999 2626 fuisse
3034 2558 3274 2624 officia:
3322 2565 3396 2622 ut
3437 2560 3803 2640 praefectus
3837 2563 4167 2640 praetorio
4206 2583 4402 2630 excu-

2449 2643 2589 2707 bias
2635 2655 2860 2726 ageret
2901 2644 2983 2709 ad
3030 2644 3345 2710 tuendam
3387 2644 3701 2727 principis
3738 2645 4037 2723 salutem,
4084 2650 4403 2731 magister

2449 2730 2739 2810 equitum
2785 2737 3012 2794 contra
3067 2730 3285 2794 hostes
3330 2732 3678 2812 imperium
3722 2739 4035 2795 tueretur.
4126 2734 4258 2799 Hic
4303 2736 4401 2800 bis

2448 2823 2676 2914 terque
2720 2814 2943 2897 lapsus
2987 2824 3086 2880 est
3121 2816 3700 2881 Α]016166.Ν616
3756 2817 3950 2899 fingit
4004 2819 4206 2883 fuisse
4259 2842 4402 2885 ma·

2449 2901 2792 2984 gisterium
2826 2902 3136 2983 equitum,
3175 2901 3579 2985 singularem
3597 2902 3883 2985 aliquem
3908 2905 4399 2987 magistratum:

2450 3008 2655 3070 quum
2708 2986 2820 3052 illo
2876 2987 3134 3053 saeculo
3190 2987 3490 3072 magistri
3536 2989 3825 3071 equitum
3871 2990 4239 3071 promiscue
4285 3013 4401 3057 vo-

2449 3081 2776 3151 carentur,
2813 3074 2926 3157 qui
2956 3074 3325 3156 provincias
3359 3096 3505 3139 cum
3539 3077 3829 3140 exercitu
3865 3084 4186 3159 regerent.
4249 3076 4401 3158 Qua

2448 3160 2704 3224 ratione
2741 3125 2910 3224 dixit
2944 3161 3336 3226 Ammianus
3369 3160 3795 3226 Marcellinus
3830 3161 3993 3225 libro
4027 3162 4217 3226 XXI.
4258 3177 4399 3227 ma-

2449 3247 2731 3328 gistrum
2782 3246 3106 3328 peditum,
3168 3260 3235 3310 et
3276 3247 3505 3312 Aelius
3552 3247 3946 3330 Spartianus
4002 3249 4399 3347 magistran-

2449 3348 2583 3396 tem
2629 3333 3011 3410 exercitum,
3060 3355 3176 3416 pro
3221 3345 3579 3417 regentem.
3646 3334 3738 3397 Et
3774 3334 3830 3397 61
3867 3334 4401 3399 constitutionem

572 3419 745 3500 Quae
797 3440 920 3482 non
972 3418 1330 3520 composita]
1398 3419 1479 3483 Id
1545 3430 1644 3482 est
1711 3417 1795 3483 ad
1841 3419 2397 3483 ostentationem
2393 3407 2629 3482 illam
2665 3420 2870 3484 errori
2906 3441 3023 3484 suo
3057 3418 3448 3501 praetendit,
3493 3418 4027 3484 animadvertat
4010 3441 4085 3483 16
4118 3422 4398 3496 rubrica,

394 3517 505 3571 aut
559 3504 1041 3570 simulationem
1097 3506 1369 3570 artificio
1424 3507 1728 3571 conficta:

394 3599 531 3656 arte
567 3589 985 3690 compositae,
1030 3590 1164 3654 fere
1205 3592 1530 3674 captiosae
1574 3593 1708 3655 sint
1750 3598 1819 3654 et
1861 3590 1944 3654 ad
1985 3588 2344 3655 fallendum
2394 3591 2397 3684 j

2396 3723 2397 3730 1
2450 3677 2506 3740 si
2553 3674 2731 3741 dicas
2772 3676 3134 3757 praefectos
3179 3678 3609 3756 exercituum,
3657 3680 3795 3744 sive
3838 3679 3937 3742 illi
3979 3681 4400 3760 proconsules

391 3687 834 3761 praeparatae,
879 3677 1049 3741 sicut
1083 3688 1307 3741 contra
1343 3678 1642 3742 veritatis
1678 3676 1959 3759 simplex
1995 3677 2200 3741 oratio
2247 3675 2344 3738 di-

393 3764 577 3829 citur.
671 3761 1004 3827 Salustius
1048 3763 1121 3827 in
1164 3763 1537 3846 Iugurtha:
1569 3763 1721 3828 Non
1779 3772 1936 3827 sunt
1991 3763 2345 3845 composita

394 3849 593 3913 verba
636 3870 803 3927 mea,
848 3870 1083 3931 parum
1120 3846 1187 3913 id
1228 3850 1409 3914 facie.

564 3933 821 3999 Alienis
863 3934 1129 3999 auribus
1172 3935 1324 4000 data
1365 3933 1600 4083 subito}
1645 3933 1727 3998 Id
1785 3943 1885 3998 est
1942 3935 2015 3998 in
2063 3935 2345 4017 gratiam
2394 3921 2399 3936 ’

394 4020 809 4086 audientium
848 4020 1119 4102 prolata,
1160 4022 1252 4086 sic
1298 4031 1371 4085 ut
1398 4021 1492 4085 nil
1538 4042 1575 4083 a
1601 4018 1714 4085 iud
1759 4041 1956 4102 quam
2002 4041 2191 4084 aures
2234 4018 2345 4084 de-

392 4107 647 4171 leniret.
750 4106 824 4171 O.
890 4107 1249 4171 Trebonius
1302 4108 1510 4189 Epist.
1560 4105 1897 4171 Ciceronis
1939 4106 2104 4171 libro
2150 4106 2341 4170 XII.:

390 4193 547 4258 Noli
603 4200 872 4275 putare,
916 4194 1006 4256 mi
1054 4191 1284 4258 Cicero
1303 4244 1318 4270 ,
1368 4215 1472 4256 me
1515 4193 1636 4257 hoc
1682 4192 1945 4257 auribus
1990 4191 2123 4257 tuis
2169 4190 2341 4256 dare.

392 4277 601 4359 Quasi
653 4277 896 4343 diceret
953 4298 1178 4343 vocem
1234 4278 1404 4343 hanc
1456 4278 1741 4343 Neronis
1791 4300 1873 4342 ex
1940 4278 2069 4342 alto
2126 4279 2344 4341 animo

389 4365 767 4446 profectam,
814 4371 881 4428 et
921 4364 1152 4428 intimo
1198 4365 1452 4429 affectu.

563 4449 827 4515 Burrus
844 4452 1202 4532 praefectus
1232 4449 1403 4547 tuus]
1444 4450 1575 4516 Hic
1606 4457 1706 4516 est
1725 4451 2040 4515 Afranius
2066 4451 2341 4530 Burrus,

391 4536 576 4601 cuius
612 4536 878 4601 Tacitus
923 4545 991 4601 et
1025 4536 1449 4619 Tranquillus
1482 4538 1942 4614 meminerunt,
1990 4539 2344 4619 imperato-

390 4623 525 4686 riae
551 4624 863 4687 iuventae
898 4642 1047 4686 cum
1080 4621 1335 4688 Seneca
1370 4622 1740 4687 moderator
1761 4623 1971 4705 primo
2005 4623 2119 4689 illo
2151 4623 2343 4706 quin-

390 4710 696 4790 quenni0,
736 4729 863 4790 quo
900 4708 1059 4773 adeo
1106 4730 1141 4773 e
1224 4709 1446 4793 egium
1500 4709 1864 4791 principem
1922 4709 2097 4775 Nero
2155 4729 2341 4792 prae-

391 4795 574 4858 stitit.
668 4793 793 4859 Cui
835 4803 1059 4876 postea
1166 4816 1277 4859 ero
1322 4794 1685 4860 remedium
1741 4793 1825 4859 ad
1879 4796 2097 4862 fauces
2155 4795 2341 4878 polli-

392 4882 588 4958 citus,
636 4881 926 4944 toxicum
979 4881 1187 4958 misit,
1237 4901 1364 4962 quo
1421 4880 1666 4947 scilicet
1719 4881 1978 4947 facilius
2027 4883 2168 4945 sine
2226 4881 2342 4945 tali

395 4973 563 5031 teste
605 4975 673 5029 et
707 4966 950 5030 arbitro
988 4967 1323 5030 insaniret.
1384 4966 1509 5030 Vir
1543 4988 1813 5051 prorsus
1848 4974 1913 5031 et
1948 4967 2341 5032 militaribus

395 5051 599 5129 factis,
640 5059 707 5116 et
749 5053 1002 5117 iustitia
1041 5053 1339 5136 insignis.

569 5138 931 5219 Praefectus
964 5136 1138 5224 tuus]
1186 5138 1603 5202 Praefectum
1640 5139 1967 5221 praetorio
2002 5138 2343 5221 intelligit:

395 5244 556 5304 quae
603 5223 886 5322 dignitas
921 5225 1173 5289 Romae
1216 5224 1337 5288 sub
1375 5223 1766 5289 Caesaribus
1811 5235 1954 5289 erat
1995 5225 2338 5308 primaria:

398 5308 568 5392 quod
627 5310 851 5390 ipsum
914 5310 1338 5393 comprobant
1401 5309 1839 5375 iurisconsulti
1897 5311 2207 5377 Aurelius
2275 5318 2342 5375 et

603 5408 826 5468 Gabini
844 5427 1028 5482 opera.
1109 5413 1225 5468 Vol.
1264 5411 1325 5467 V.

1791 3501 1967 3587 quod
2020 3505 2345 3569 orationes
2394 3491 2398 3588 ᾗ
2450 3502 2532 3568 6(1
2577 3525 2774 3603 quam
2819 3506 3198 3569 constitutio
3244 3505 3586 3570 referenda
3641 3516 3767 3584 est,
3825 3527 3956 3569 nou
4011 3507 4403 3591 magistrum

2450 3591 2765 3688 equitum,
2811 3589 2927 3655 sed
2969 3592 3318 3673 magistros
3361 3592 3650 3656 militum
3694 3558 3767 3658 ct,
3803 3592 4099 3673 peditum
4135 3594 4282 3678 legi,
4327 3616 4400 3659 ac

2451 3762 2604 3838 sint,
2649 3761 2792 3828 sive
2836 3770 3191 3843 praetoreS,
3238 3782 3354 3827 seu
3398 3783 3782 3846 quocunque
3828 3764 3976 3828 alio
3998 3767 4264 3829 nomine
4290 3788 4400 3832 vo·

2450 3855 2696 3912 centur.
2787 3845 2895 3910 Ad
2961 3847 3120 3912 haec
3189 3848 3582 3931 respondeat
3632 3869 3798 3929 quae
3856 3849 4032 3913 volet
4085 3850 4398 3928 Alciatus,

2450 3932 2640 3997 modo
2678 3954 2763 3997 66
2798 3933 2919 3998 sub
2941 3932 3201 3997 Albutii
3237 3954 3515 4015 persona
3550 3934 3910 3999 scurriliter
3945 3934 4143 3997 ludat.
4208 3936 4401 4002 Nunc

2449 4039 2615 4102 quae
2661 4018 2741 4083 de
2775 4019 3100 4101 praefecto
3134 4021 3444 4100 praetorii
3478 4019 3562 4084 ad
3585 4019 3780 4084 hunc·
3794 4019 4010 4083 locum
4044 4022 4399 4101 pertinent,

2450 4105 2894 4186 expediamus.
2984 4104 3417 4188 Magistratus
3459 4106 3586 4169 fuit
3628 4125 3925 4169 summus
3943 4156 3957 4181 ,
4018 4114 4094 4168 ut
4151 4105 4398 4172 dictum

2451 4204 2567 4269 ost,
2610 4190 2726 4256 sed
2769 4211 2809 4253 a
2851 4190 3077 4272 parvis
3136 4190 3344 4255 initiis
3402 4190 3484 4255 ad
3540 4199 3798 4254 tantum
3852 4190 4191 4274 fastigium
4248 4213 4398 4273 pro-

2451 4276 2703 4342 ductus.
2769 4276 3001 4341 Tradit
3045 4274 3399 4342 Suetonius
3444 4279 3826 4360 Augustum
3870 4284 4124 4341 certum
4170 4299 4399 4342 nume-

2449 4385 2600 4428 rum
2644 4384 2727 4428 ex
2773 4363 2973 4445 copiis
3029 4362 3420 4427 militaribus
3474 4363 3717 4445 partim
3771 4362 3841 4425 in
3894 4361 4102 4442 urbis,
4158 4365 4400 4446 partim

2447 4450 2519 4514 in
2563 4449 2663 4514 661
2700 4449 3062 4515 custodiam
3098 4448 3415 4532 allegisse.
3483 4449 3575 4512 Et
3607 4446 3754 4513 illos
3789 4446 4052 4530 quidem
4084 4450 4155 4513 in
4196 4451 4401 4533 scrip-

2449 4535 2703 4601 toribus
2743 4534 3088 4601 observavi
3131 4535 3350 4600 vocari
3396 4535 3685 4600 urbanos
3727 4534 4002 4614 milites,
4050 4536 4169 4601 hos
4211 4557 4400 4619 prae·-

2446 4622 2752 4687 torianos.
2844 4620 3108 4687 Tacitus
3159 4620 3326 4685 libro
3369 4620 3667 4686 XVIHa
3698 4623 3745 4702 ¹)
3793 4619 4093 4686 Sedecim
4138 4631 4398 4704 praeto-

2446 4709 2614 4787 riae,
2673 4715 2948 4790 quatuor
2991 4708 3278 4771 urbanae
3323 4707 3620 4773 cohortes
3676 4706 4156 4786 scribebantur,
4214 4710 4397 4808 queis
4497 4775 4506 4782 ,

2447 4760 2713 4877 singula
2767 4793 2975 4857 millia
3030 4793 3339 4858 inessent.
3431 4793 3636 4858 Libro
3680 4794 3938 4858 XVIL:
4000 4761 4205 4859 Addit
4260 4796 4397 4895 epi-

2447 4880 2650 4944 stolas
2707 4879 2957 4944 Fabius
3012 4878 3261 4943 Valens
3322 4880 3589 4944 nomine
3645 4880 3999 4963 germanici
4068 4882 4396 4946 exercitus

2448 4964 2531 5030 ad
2576 4967 2938 5048 praetorias
2984 4973 3050 5029 et
3092 4966 3377 5031 urbanas
3427 4967 3757 5040 cohortes,
3817 4965 3897 5030 de
3943 4965 4192 5030 viribus
4245 4988 4395 5049 par-

2445 5051 2614 5115 tium
2672 5051 3053 5135 magnificas
3109 5057 3175 5162 et
3229 5051 3638 5118 concordiam
3690 5017 4053 5116 offerentes.
4144 5043 4396 5118 Eodem

2588 5324 2644 5389 1)
2685 5324 2759 5379 Id
2795 5331 2873 5380 est
2909 5325 3288 5382 Historiarum
3322 5325 3574 5380 secundo.
3927 5410 3955 5463 1

3957 5411 3993 5464 0
