5100 6061
692 432 770 492 71
2336 420 2462 484 DE
2509 418 3058 485 CLEMENTIA
4198 370 4202 375 ⁶
4623 424 4706 486 72

694 614 951 697 Quibus
1000 616 1238 698 partim
1301 615 1487 678 stetit
1539 635 1577 693 a
1633 610 1965 695 republica
2016 609 2257 691 partim
2303 608 2386 673 ad
2434 616 2651 691 partes

692 702 967 767 Antonii
1013 711 1079 767 et
1113 700 1350 782 Lepidi
1396 700 1676 763 deflexit.
1766 699 1874 761 Ex
1918 717 2045 779 qua
2099 696 2296 759 etiam
2340 695 2650 760 observa-

691 789 870 852 tione
916 785 1458 870 deprehenditur,
1504 784 1943 865 conscriptum
1999 801 2140 846 esse
2184 781 2364 845 hunc
2407 781 2650 847 librum

696 895 736 939 a
779 872 1032 939 Seneca
1067 894 1238 937 anno
1271 872 1524 954 imperii
1570 869 1849 933 Neronis
1893 866 1983 931 Π.
2031 867 2141 950 (1111
2187 866 2651 949 septemdecim

696 974 888 1023 natus
941 980 1147 1024 annos
1192 957 1465 1024 Claudio
1519 956 1862 1021 successit:
1904 975 1987 1019 ex
2033 975 2160 1036 quo
2206 955 2491 1017 fluxerat
2532 976 2650 1017 an-

696 1068 824 1111 nus
864 1047 1152 1129 integer,
1200 1056 1266 1108 et
1309 1043 1473 1106 alter
1516 1042 1846 1125 agebatur.
1937 1041 2105 1104 Erat
2150 1039 2325 1103 enim
2369 1039 2648 1104 undevi-

698 1133 1010 1196 cesimum
1066 1132 1400 1213 ingressus
1445 1149 1708 1192 annum.
1802 1125 2123 1209 Syntaxis
2167 1146 2295 1207 qua
2339 1124 2445 1191 hic
2488 1147 2650 1190 usus

695 1229 794 1282 081
835 1216 1101 1293 Seneca,
1140 1216 1291 1280 licct
1325 1236 1456 1279 non
1501 1212 1663 1277 adeo
1708 1212 2006 1290 trivialis,
2057 1218 2408 1293 usurpatur
2452 1233 2491 1274 a
2535 1210 2648 1274 bo-

695 1304 799 1367 nis
835 1303 1181 1367 autoribus,
1275 1300 1502 1365 Cicero
1538 1300 1750 1382 Epist.
1790 1298 1978 1361 VII.:
2017 1298 2111 1361 Et
2143 1295 2209 1361 id
2249 1297 2479 1360 aetatis
2515 1298 2648 1360 iam

694 1411 950 1465 sumus,
997 1396 1074 1452 ut
1127 1386 1345 1451 omnia
1401 1406 1566 1468 (11180
1619 1406 1750 1450 11011
1809 1391 2033 1449 1108118
2090 1382 2280 1466 culpa
2335 1382 2647 1462 accident,

691 1475 862 1539 ferre
906 1475 1161 1538 fortiter
1195 1471 1561 1537 debeamus.
1653 1469 1858 1535 Libro
1902 1470 1954 1533 I.
2004 1469 2083 1533 de
2125 1467 2433 1534 Oratore:
2479 1470 2647 1534 Peto

694 1561 920 1644 igitur,
967 1560 1182 1641 inquit
1224 1558 1520 1635 Crassus,
1568 1579 1608 1620 a
1648 1564 1744 1634 te,
1792 1557 2093 1638 quoniam
2139 1555 2209 1625 id
2252 1554 2456 1634 nobis,
2504 1558 2646 1620 An-

695 1649 860 1722 toni,
909 1646 1280 1711 hominibus
1336 1644 1403 1707 id
1459 1644 1691 1707 aetatis
1736 1643 1950 1707 oneris
1993 1641 2369 1724 imponitur.
2458 1642 2645 1706 Idem

690 1734 757 1797 in
800 1732 1111 1796 Verrem:
1168 1731 1526 1795 Hominem
1586 1729 1655 1792 id
1699 1730 1929 1793 aetatis
1974 1728 2246 1791 minime
2290 1727 2648 1810 litigiosum

691 1839 885 1900 quam
920 1816 1505 1881 tumultuosissime
1542 1814 2032 1899 aggrediuntur.
2121 1813 2491 1896 Philippica
2521 1814 2644 1878 11.:

691 1904 881 1968 Dixit
930 1905 1004 1969 P.
1055 1903 1405 1967 Africanus
1461 1909 1527 1964 et
1578 1902 1649 1964 in
1705 1901 1906 1965 fratre
1954 1921 2070 1965 suo
2128 1920 2450 1964 summam
2506 1921 2647 1965 esse

690 1990 1036 2066 virtutem,
1084 2008 1539 2069 summumque
1595 1986 1958 2063 consilium,
2006 2006 2216 2066 neque
2262 2007 2331 2049 se
2375 1985 2435 2049 ei
2470 1985 2646 2069 lega-

690 2084 829 2139 tum
874 2074 942 2138 id
987 2076 1235 2152 aetatis,
1281 2074 1486 2155 iisque
1526 2074 1721 2137 rebus
1766 2072 1969 2156 gestis
1991 2071 2385 2135 defuturum.
2446 2071 2646 2136 Plau-

689 2169 821 2225 tus:
880 2159 1057 2240 Quid
1093 2161 1324 2224 aetatis
1359 2159 1477 2222 tibi
1521 2157 1793 2223 videor?
1856 2157 2176 2240 Apuleius
2208 2158 2277 2221 in
2312 2158 2395 2221 V.
2433 2158 2646 2222 Meta-

687 2246 1152 2328 morphoseon:
1200 2245 1294 2311 Ut
1340 2247 1623 2327 primum
1661 2244 1924 2326 quidem
1959 2254 2109 2307 tuae
2145 2244 2465 2326 parentis,
2511 2246 2644 2309 imo

689 2331 990 2396 dominae
1033 2346 1377 2414 praecepta
1431 2330 1745 2409 calcares,
1803 2352 1924 2394 nec
1978 2329 2257 2395 sordidis
2314 2329 2644 2395 amoribus

685 2418 1017 2481 inimicam
1060 2440 1164 2481 me
1187 2439 1411 2482 veram
1436 2418 1776 2494 cruciares,
1805 2438 2035 2481 verum
2061 2416 2257 2479 etiam
2301 2416 2425 2480 hoc
2468 2425 2645 2480 aeta-

687 2505 775 2566 tis
817 2524 1013 2584 puer,
1060 2504 1191 2568 tuis
1233 2504 1589 2568 licentiosis
1634 2512 1700 2566 et
1741 2503 2108 2566 immaturis
2151 2503 2463 2585 iungeres
2505 2524 2644 2567 am-

688 2589 1004 2670 plexibus.

862 2675 1009 2739 Iam
1064 2674 1157 2739 M.
1214 2674 1483 2739 Antonii
1536 2674 1806 2738 consulis
1871 2672 2066 2760 catus]
2139 2672 2320 2749 Satis
2385 2682 2644 2739 constat

688 2762 1053 2825 Antonium
1100 2782 1175 2825 eo
1216 2782 1390 2825 anno
1434 2760 1636 2825 fuisse
1681 2759 2036 2838 consulem,
2084 2781 2208 2841 (1110
2246 2759 2490 2825 Caesar
2526 2760 2640 2824 Iu-

686 2846 815 2911 lius
861 2868 900 2909 a
951 2847 1305 2911 coniuratis
1363 2868 1590 2912 caesus
1649 2857 1766 2910 est.
1858 2844 2299 2926 Quamobrem
2363 2853 2428 2909 01
2472 2846 2641 2910 Cae-

688 2933 850 2997 saris
895 2934 1363 2998 commentaria
1404 2953 1609 3016 penes
1663 2954 1732 2997 80
1789 2931 2019 2995 habuit
2077 2933 2260 3013 (quia
2305 2930 2641 2997 decretum

683 3028 828 3084 erat
871 3042 911 3083 a
955 3028 1218 3098 senatu,
1264 3040 1350 3083 ne
1395 3021 1535 3085 01118
1582 3028 1725 3084 8018
1768 3016 2346 3101 rescinderentur),
2406 3026 2475 3082 et
2524 3040 2638 3100 pe·

683 3107 978 3183 cuniam,
1032 3127 1229 3188 quam
1286 3105 1460 3189 apud
1503 3109 1657 3170 011111
1712 3109 1860 3183 [pag.
1899 3109 2007 3183 62]
2064 3103 2473 3187 Calphurnia
2526 3105 2637 3170 de-

731 3200 1018 3268 osuerat,
1088 3199 1370 3275 quatuor
1424 3192 1632 3266 millia
1695 3191 2108 3255 talentorum.
2202 3190 2371 3254 Eam
2430 3211 2636 3271 quum

682 3212 1093 3343 Ι(3018118088
1143 3277 1375 3342 haeres
1419 3299 1502 3344 ex
1556 3277 1873 3341 dodrante
1919 3277 2231 3357 scriptus,
2291 3285 2633 3358 repeteret,

684 3363 1147 3429 contumeliose
1201 3362 1463 3428 habitus
1520 3372 1635 3428 est.
1724 3362 1909 3426 Haec
1974 3363 2188 3443 prima
2249 3362 2375 3426 fuit
2440 3384 2636 3446 causa

685 3447 965 3513 dissidii:
1022 3447 1198 3530 quod
1253 3457 1473 3513 tamen
1518 3449 1989 3530 temporarium
2032 3448 2173 3512 fuit.
2264 3447 2635 3513 Redierunt

685 3555 802 3616 per
844 3556 1223 3599 communes
1268 3536 1508 3600 amicos
1552 3535 1621 3599 in
1667 3535 1964 3617 gratiam,
2011 3553 2367 3618 congressu
2409 3535 2481 3598 in
2525 3556 2633 3600 ca-

681 3620 910 3703 pitolio
950 3619 1202 3686 habito:
1264 3642 1342 3685 08
1385 3630 1574 3686 110010
1619 3619 2050 3684 dormientem
2095 3621 2459 3684 Antonium
2499 3628 2634 3685 ter-

680 3706 893 3770 ribilis
949 3706 1111 3770 visio
1167 3706 1490 3771 excitavit.
1580 3706 1819 3770 Visum
1879 3715 1978 3770 est
2035 3705 2095 3769 ei
2152 3704 2490 3771 dexteram
2550 3705 2631 3770 de

680 3791 857 3857 coelo
901 3792 1099 3868 feriri,
1147 3814 1268 3857 nec
1312 3794 1518 3857 multo
1566 3805 1714 3875 post
1755 3793 2144 3857 nunciatum
2188 3802 2288 3856 est
2325 3792 2426 3856 illi
2462 3792 2629 3858 an-

682 3898 895 3943 sarem
957 3876 1229 3942 insidias
1287 3878 1573 3943 tendere.
1666 3877 1882 3959 Quam
1937 3878 2017 3943 011
2074 3899 2339 3943 causam
2395 3901 2629 3944 rursus

674 3965 853 4052 inter
917 3985 1026 4029 eos
1090 3962 1585 4030 ardentissimae
1650 3965 2035 4029 inimicitiae
2105 3975 2371 4029 exortae
2452 3975 2624 4029 sunt.

677 4049 892 4115 Autor
925 4050 1328 4116 Plutarchus
1362 4051 1432 4114 in
1470 4052 1775 4115 Antonio.
1840 4051 2147 4115 Meminit
2182 4052 2380 4114 etiam
2417 4052 2627 4115 Tran-

573 4161 580 4168 ·
677 4134 916 4217 quillus
953 4135 1058 4201 his
1084 4137 1335 4202 verbis:
1376 4136 1812 4202 Hortantibus
1847 4136 2180 4200 nonnullis
2215 4157 2629 4218 percussores

677 4223 738 4286 ei
782 4222 1181 4287 subornavit.
1270 4221 1458 4286 Idem
1501 4221 1701 4286 tradit
1744 4223 2105 4304 Appianus.
2376 4271 2379 4272 ν

849 4306 995 4371 Iam
1024 4308 1238 4388 fuerat
1270 4308 1498 4391 colleqa
1519 4305 1993 4394 prosmiptoris]
2040 4307 2271 4372 Hostis
2316 4307 2622 4387 0011811118,

673 4393 1137 4475 proscriptoris
1182 4393 1444 4477 collega.
1516 4394 1662 4459 Non
1710 4395 1885 4458 enim
1930 4395 2104 4459 inter
2149 4415 2259 4458 eos
2296 4396 2623 4474 convenit,

672 4480 800 4543 nisi
856 4480 1036 4543 initis
1091 4479 1171 4544 de
1225 4480 1646 4545 triumviratu
1703 4487 1769 4545 et
1825 4480 1999 4544 ultra
2052 4478 2481 4546 ducentorum
2532 4482 2623 4546 ci-

672 4566 861 4629 vium
904 4565 1390 4647 proscriptione,
1435 4566 1857 4647 pactionibus.

855 4651 1059 4732 Quum
1124 4672 1363 4717 annum
1416 4654 1962 4735 quadrayesimmn
2028 4653 2357 4716 transisset
2374 4702 2388 4730 ,
2442 4658 2498 4715 et
2553 4655 2623 4717 in

680 4733 931 4823 Gallia]
997 4736 1250 4819 Nempe
1309 4758 1482 4801 anno
1536 4739 1794 4822 imperii
1848 4759 2050 4818 nono,
2109 4759 2311 4821 quum
2366 4737 2622 4802 Medio-

669 4822 807 4886 lani
842 4830 1063 4899 staret,
1105 4832 1179 4887 111
1213 4821 1293 4887 ad
1316 4824 1596 4906 primam
1621 4845 1949 4907 quamque
1973 4824 2379 4889 occasionem
2400 4824 2621 4889 Druso

673 4905 929 4982 adesset-
970 4909 1218 4974 bellum
1261 4912 1516 4994 gerenti
1562 4910 1875 4975 adversus
1921 4909 2308 4974 Germanos,

843 4994 1144 5060 Delatum
1177 5002 1265 5061 est
1299 4997 1384 5060 ad
1419 5017 1560 5060 ewm
1604 4992 1935 5081 indicium]
1984 4993 2197 5078 Saepe
2241 4994 2619 5060 huiusmodi

671 5079 1058 5159 delationes,
1128 5099 1346 5146 merae
1412 5089 1569 5145 sunt
1630 5081 2026 5161 calumniae,
2093 5081 2329 5164 quibus
2396 5088 2623 5164 patent

666 5186 864 5230 aures
908 5168 1306 5251 principum:
1364 5167 1516 5232 huic
1561 5187 1719 5231 vero
1776 5165 2014 5232 indicio
2072 5168 2165 5231 ita
2221 5188 2448 5232 omnes
2493 5168 2618 5232 cir-

667 5256 1103 5317 cumstantiae
1158 5254 1307 5333 loci,
1366 5255 1704 5335 temporis,
1763 5251 1969 5330 modi,
2034 5262 2484 5336 apponuntur,
2542 5263 2621 5319 ut

663 5358 787 5422 pro
831 5359 902 5402 re
946 5350 1276 5423 comperta
1320 5361 1461 5404 esse
1504 5340 1727 5422 possit.

2933 607 3228 695 Cinnam]
3289 607 3456 689 Quis
3509 610 3632 673 iste
3684 610 3882 673 fuerit
3931 609 4180 674 Lucius
4236 608 4480 687 Cinna,
4531 609 4709 692 apud

2757 695 2917 760 alios
2962 704 3219 759 autores
3265 716 3396 760 11011
3451 696 3720 777 reperio.
3809 694 4109 759 Primum
4163 695 4234 758 in
4279 715 4356 759 08
4399 695 4708 778 opinione

2755 781 2878 857 fui,
2941 780 3225 845 eundem
3280 802 3422 846 0880
3477 779 3794 859 Cinnam,
3852 781 3964 863 qui
4020 781 4309 864 graviter
4353 790 4420 845 et
4475 803 4704 864 aspere

2755 866 2823 930 in
2880 865 3231 931 Caesarem
3300 874 3632 931 mortuum
3687 866 3860 949 apud
3916 867 4228 949 populum
4285 868 4705 935 concionatus

2755 960 2914 1031 erat,
2962 953 3113 1035 quia
3149 951 3492 1017 videbatur
3528 952 3900 1031 verisimile,
3947 975 4096 1018 cum
4128 955 4237 1034 qui
4285 975 4455 1018 unus
4500 955 4706 1019 semel

2751 1039 2986 1104 fuisset
3020 1060 3102 1102 ex
3140 1036 3510 1104 vindicibus
3547 1037 3885 1116 libertatis,
3932 1041 4187 1104 stetisse
4230 1039 4304 1101 in
4346 1043 4700 1124 proposito:

2754 1144 2956 1206 eaque
3013 1143 3208 1188 causa
3264 1126 3464 1188 fuisse
3508 1126 3835 1189 infensum
3885 1126 4204 1209 Augusto.
4297 1122 4434 1189 Sed
4475 1135 4702 1208 postea

2753 1210 3187 1274 animadverti
3233 1209 3613 1275 Cornelium
3654 1232 3814 1289 esse,
3861 1231 3994 1275 non
4039 1197 4340 1289 Lucium,
4381 1222 4447 1276 et
4481 1214 4702 1278 vocari

2753 1316 2792 1359 a
2836 1294 3091 1361 Seneca
3134 1295 3636 1375 adolescentem,
3696 1298 3804 1378 qui
3856 1298 4022 1362 foret
4070 1298 4284 1362 iustae
4329 1301 4696 1365 senectutis.

2751 1382 2951 1446 Forte
2997 1382 3054 1447 is
3098 1383 3239 1464 ipse
3285 1391 3403 1461 est,
3450 1383 3635 1447 cuius
3682 1385 3877 1447 tacito
3922 1385 4184 1448 nomine
4227 1384 4531 1448 meminit
4563 1384 4700 1448 Va-

2750 1468 2952 1532 lerius
2996 1468 3161 1532 libro
3222 1491 3391 1533 nono
3442 1489 3577 1551 cap.
3627 1468 3706 1533 de
3749 1470 3937 1535 dictis
3979 1471 4293 1553 improbis
4345 1480 4460 1534 aut
4508 1472 4698 1536 factis

2751 1554 3101 1619 sceleratis.

2938 1640 3113 1706 Unus
3158 1661 3235 1704 ex
3277 1642 3540 1705 consciis
3580 1641 3923 1729 deferebat]
3981 1641 4193 1705 Index
4238 1645 4497 1725 proprie
4542 1642 4698 1708 dici-

2752 1733 2878 1803 tur,
2925 1735 3000 1790 ut
3044 1736 3230 1791 autor
3265 1738 3363 1792 est
3396 1727 3766 1792 Paedianus
3810 1729 3883 1791 in
3927 1728 4412 1804 divinationem,
4459 1730 4567 1809 qui
4601 1730 4697 1794 fa-

2754 1812 2993 1877 cinoris
3040 1814 3224 1878 cuius
3268 1825 3368 1878 est
3410 1814 3735 1892 conscius,
3782 1813 4066 1879 latebras
4108 1813 4366 1892 indicit,
4414 1816 4698 1897 impuni-

2754 1905 2886 1961 tate
2931 1901 3277 1981 proposita.
3347 1898 3553 1965 Cuius
3596 1901 3880 1965 nominis
3923 1903 4387 1983 proprietatem
4433 1922 4696 1983 expres-

2753 1986 2837 2048 sit
2883 1982 3138 2050 Seneca
3179 2006 3295 2067 per
3337 1987 3790 2069 periphrasim.
3881 1985 4128 2051 Videas
4181 1995 4407 2051 tamen
4464 1987 4695 2061 alicubi

2752 2090 2889 2134 non
2932 2070 3346 2136 observatam
3400 2093 3438 2134 a
3492 2071 3712 2153 probis
3766 2074 4117 2137 autoribus.
4209 2068 4477 2137 Curtius
4529 2072 4696 2151 libro

2751 2177 2956 2220 nono:
3014 2158 3292 2235 Bessus,
3351 2178 3716 2240 quanquam
3778 2169 3918 2223 erat
3973 2159 4191 2243 graeci
4236 2158 4554 2225 sermonis
4596 2161 4696 2244 ig-

2750 2263 2979 2319 narus,
3038 2252 3255 2307 tamen
3303 2243 3680 2309 stimulante
3724 2245 4149 2319 conscientia,
4207 2243 4521 2308 indicium
4566 2246 4694 2310 Pa-

2750 2335 3006 2392 tronem
3073 2329 3385 2396 detulisse
3451 2329 3772 2394 credebat.
3882 2331 4053 2395 Nam
4121 2338 4197 2395 ut
4261 2340 4511 2395 certum
4579 2342 4694 2411 est,

2750 2414 3002 2478 Patron
3054 2436 3392 2498 nunquam
3446 2417 3788 2481 consilium
3846 2418 4082 2481 inierat
4128 2438 4275 2482 cum
4326 2418 4694 2496 coniuratis,

2749 2520 2871 2563 nec
2937 2510 3078 2565 erat
3140 2504 3472 2584 proposita
3530 2503 3907 2585 impunitas.
3997 2502 4184 2568 Idem
4248 2502 4412 2567 libro
4478 2513 4695 2569 sexto:

2747 2585 2871 2649 Ille
2917 2586 3256 2651 Ceballino
3301 2589 3371 2652 in
3415 2591 3919 2654 armamentario
3955 2589 4351 2671 abscondito,
4396 2591 4698 2673 protinus

2747 2673 2888 2755 regi
2955 2695 3189 2755 corpus
3255 2675 3423 2739 forte
3488 2677 3781 2753 curanti,
3850 2675 4006 2760 quid
4070 2676 4269 2741 index
4334 2676 4692 2753 detulisset,

2748 2758 3049 2823 ostendit.
3099 2774 3110 2787 ¹
3144 2758 3368 2840 Quum
3417 2772 3633 2825 tamen
3679 2760 4057 2826 Ceballinus
4101 2784 4234 2827 non
4278 2771 4449 2827 esset
4492 2784 4527 2827 e
4571 2785 4695 2826 nu-

2746 2865 2928 2908 mero
2976 2847 3483 2923 coniuratorum,
3531 2856 3596 2910 et
3640 2848 3980 2913 detulisset
4023 2868 4156 2912 non
4196 2849 4529 2931 proposita
4570 2849 4696 2911 im-

2746 2931 3064 3011 punitate.

2923 3018 3069 3082 Nox
3111 3018 3210 3084 illi
3254 3020 3532 3099 inquieta
3577 3017 3736 3106 erat]
3796 3020 3905 3085 Ex
3949 3041 4174 3085 eorum
4217 3043 4397 3086 more
4437 3021 4546 3103 qui
4588 3042 4696 3085 res

2746 3125 3020 3186 magnas
3065 3105 3285 3169 animo
3329 3105 3626 3182 volvunt,
3675 3115 3743 3170 et
3783 3108 3854 3170 in
3895 3108 4151 3190 magnis
4196 3108 4695 3191 cogitationibus

2746 3193 2890 3268 [pag.
2929 3195 3040 3270 63]
3089 3193 3390 3273 suspensi
3437 3191 3728 3256 haerent.
3818 3193 3990 3257 Nam
4035 3202 4108 3258 ut
4150 3195 4242 3258 ait
4285 3192 4591 3259 Ovidius:

3138 3294 3366 3347 Conscia
3402 3311 3647 3348 curarum
3684 3312 3792 3348 nox
3827 3297 4166 3364 intempesta.

2738 3387 2934 3453 Unde
2978 3387 3140 3453 illud
3188 3388 3362 3471 apud
3406 3399 3693 3471 poetam:

3184 3499 3258 3553 Et
3295 3502 3392 3554 sub
3428 3509 3642 3555 noctem
3679 3518 3808 3556 cura
3842 3509 4103 3557 recursat.

2736 3592 2938 3657 Item:

3011 3696 3126 3752 Nec
3160 3699 3427 3767 placidam
3461 3701 3709 3754 membris
3746 3700 3841 3754 dat
3877 3717 4006 3754 cura
4041 3702 4291 3769 quietem.

2734 3791 2819 3856 In
2884 3813 3078 3873 quem
3146 3813 3412 3858 sensum
3476 3795 3954 3877 Aristophanes
4029 3796 4363 3880 eleganter
4430 3798 4692 3862 vocavit

2736 3874 3183 3941 δυσκολόκοιτον
3223 3887 3531 3964 μερίμνην.

2915 3965 3120 4046 Quum
3178 3964 3493 4053 ooyitaret]
3563 3966 3748 4031 Haec
3802 3967 3900 4029 illi
3956 3975 4097 4030 tum
4153 3968 4685 4046 obversabantur,

2734 4050 3040 4115 nobilitas
3079 4053 3221 4129 viri,
3269 4052 3349 4117 ob
3387 4072 3580 4133 quam
3627 4052 3833 4116 multo
3869 4053 4110 4130 favore,
4156 4054 4512 4137 multisque
4547 4055 4687 4138 opi-

2732 4136 2853 4201 bus
2915 4136 3206 4218 polleret.
3297 4137 3655 4222 Integritas
3701 4139 3872 4203 vitae
3918 4146 3984 4206 et
4025 4161 4314 4219 morum,
4374 4140 4495 4205 hac
4551 4162 4686 4206 una

2730 4223 3122 4305 proditionis
3175 4226 3571 4313 exceptione.
3638 4222 3959 4304 Probitas,
4006 4246 4172 4307 quae
4217 4226 4459 4290 iniuria
4502 4226 4684 4291 dam-

2730 4317 2963 4373 natum
3017 4318 3340 4393 argueret.
3429 4309 3728 4392 Pompeii
3784 4312 4116 4393 cognatiO,
4171 4333 4335 4393 quae
4389 4314 4683 4376 omnium

2729 4394 2828 4458 illi
2873 4395 3263 4477 populorum
3321 4397 3597 4479 gratiam
3657 4396 4066 4476 conciliaret,
4119 4398 4199 4462 ob
4255 4396 4538 4463 hominis
4581 4399 4679 4463 vi·

2731 4480 2950 4545 ventis
3009 4481 3450 4546 celebritatem
3468 4533 3483 4559 ,
3544 4493 3609 4546 et
3669 4483 3908 4548 mortui
3965 4492 4218 4566 gratam
4279 4485 4680 4549 memoriam.

2728 4565 2834 4715 {ta
2877 4588 3232 4716 {ulspensus
3280 4568 3500 4646 animi,
3546 4568 3833 4633 Cinnam
3881 4568 4203 4634 occideret
4248 4590 4484 4648 necne,
4543 4590 4681 4634 am-

2774 4653 2880 4736 ige
2926 4662 3007 4717 ·t.

2902 4738 3048 4803 Iam
3090 4759 3287 4803 unum
3330 4738 3659 4826 hominem]
3706 4741 4183 4823 Epiphonema,
4230 4762 4344 4807 seu
4389 4743 4484 4806 rei
4527 4763 4679 4806 nar·
4724 4731 4732 4749 ⁸

2728 4830 2910 4889 ratae
2954 4825 3350 4911 acclamatiO.
3420 4825 3629 4891 Cuius
3674 4828 3935 4910 generis
3975 4835 4076 4892 est
4109 4828 4275 4892 illud
4312 4822 4673 4893 Ciceronis:

2727 4910 2976 4975 Facere
3012 4912 3188 4975 enim
3223 4911 3408 4976 fortis
3451 4912 3824 4978 adolescens
3867 4913 4243 4995 periculose,
4290 4937 4485 4996 quam
4530 4935 4678 4997 pez·-

2725 4998 2860 5079 peti
2906 4996 3150 5079 aliquid
3197 4998 3481 5080 turpiter
3523 4997 3773 5063 maluit.
3865 5000 3957 5063 Et
3998 4999 4310 5083 Vergilii:

2933 5082 3142 5136 Tantae
3180 5084 3338 5138 molis
3375 5091 3494 5137 erat
3527 5101 3804 5138 romanam
3842 5086 4073 5140 condere
4110 5092 4341 5153 gentem.

2725 5165 2949 5247 Quum
3016 5178 3390 5236 enarrasset
3452 5169 3892 5237 Octavianum
3969 5170 4328 5237 intendisse
4407 5174 4676 5239 insidias

2723 5255 2901 5318 vitae
2943 5255 3259 5334 consulis,
3307 5258 3778 5340 rempublicam
3833 5259 4034 5322 armis
4092 5258 4387 5341 pulsasse
4403 5311 4418 5337 ,
4472 5261 4674 5325 fuisse

2725 5341 2968 5406 civium
3011 5344 3548 5426 proscriptorem,
3595 5351 3881 5409 011111110
3927 5342 4035 5408 diu
4083 5344 4162 5409 de
4207 5354 4416 5410 morte
4461 5346 4672 5410 homi-
