5100 6061
680 411 826 477 LII
1860 408 2407 476 TRAOTATUS
2453 408 3039 476 THEOLOGIOI
3082 408 3526 477 MINORES.

680 622 812 665 mu
853 601 1161 665 incdiliter
1202 620 1457 680 operam
1500 600 1940 665 collocaturum
1983 600 2373 677 existimavi,
2420 599 2482 663 si
2519 617 2733 663 eorum
2777 599 3084 663 desiderio
3129 600 3493 682 satisfacere
3536 620 3819 680 conarer,
3862 606 4044 683 atque
4087 601 4387 682 efficerem
4430 605 4500 665 ut
4540 601 4705 682 quod

687 714 865 777 nobis
905 713 1168 777 seorsim
1200 712 1526 775 m'debatur
1560 711 1860 791 seriptum
1903 710 2161 775 caeteris
2205 709 2394 775 etiam
2437 711 3005 774 communicaretur.
3098 710 3400 775 Nostrum
3442 713 3610 776 enim
3645 718 3736 776 est
3776 733 4000 778 curare
4039 733 4115 777 ac
4156 713 4398 778 studere
4440 717 4509 776 ut
4546 714 4704 778 veri-

680 829 787 889 tas
841 825 1047 907 nnayis
1090 844 1167 889 ac
1206 823 1410 906 magis
1452 822 1765 888 elucescat.
1852 820 1939 885 In
1980 840 2099 902 quo
2143 820 2294 885 dum
2340 841 2596 903 operam
2636 821 2926 903 impendo
2967 841 3189 900 meam,
3236 821 3411 886 bonis
3453 823 3738 888 omnibus
3774 828 4029 906 ⁸(pratum
4069 844 4166 889 me
4204 824 4525 905 facturum
4566 844 4702 890 cou-

683 935 831 1015 fido.
927 936 1104 1016 Quod
1141 937 1203 1000 si
1244 934 1564 999 nonnullis
1606 932 1756 998 haec
1796 933 2010 997 miuus
2052 937 2277 997 oruata
2317 933 2714 1014 videbuntur,
2759 936 3023 1016 coyitare
3061 933 3354 999 debebunt
3393 954 3504 998 me*
3540 953 3665 998 non
3709 935 3776 999 in
3810 955 3879 1000 eo
3914 935 4233 1001 studuisse
4272 940 4344 1000 ut
4398 937 4705 1002 orationis

693 1052 1062 1111 ommncnta
1103 1046 1540 1126 conquirerem,
1584 1044 1694 1110 scd
1734 1048 1806 1107 ut
1841 1044 2107 1125 fideliter
2148 1045 2496 1124 redderem,
2550 1050 2607 1110 et
2648 1047 3007 1127 scriptorem
3049 1046 3265 1126 ipsum
3319 1045 3606 1110 imitarer
3648 1046 3761 1126 qui
3795 1046 4194 1128 populariter
4234 1047 4383 1113 haec
4424 1047 4699 1114 scribens

688 1158 879 1224 etiam
923 1157 1291 1222 rudioribus
1341 1176 1471 1221 sese
1524 1155 2019 1222 accommodavit.
2114 1154 2324 1235 Quare
2369 1157 2519 1236 pios
2577 1156 2830 1222 lectores
2878 1161 3129 1240 royatos
3181 1157 3365 1221 ve⁷im
3416 1162 3486 1220 ut
3520 1177 3652 1221 rem
3707 1158 3917 1238 ipsam
3970 1166 4028 1224 et
4080 1161 4444 1227 sententiam
4494 1159 4704 1242 mayis

689 1288 882 1350 quam
925 1268 1111 1334 verba
1153 1268 1483 1334 attendant.
1579 1266 1791 1333 Simul
1841 1264 1951 1329 hoc
1992 1266 2299 1331 maiorem
2353 1268 2422 1331 iu
2463 1267 2714 1332 modum
2747 1274 2891 1350 pcto
2935 1274 3118 1351 atque
3173 1268 3414 1333 obsecro
3455 1274 3528 1333 ut
3562 1288 3735 1350 puro
3780 1288 3856 1334 ac
3897 1264 4133 1330 sincero
4174 1272 4452 1336 veritatis
4493 1273 4702 1337 studio

686 1381 861 1446 ducti
906 1382 1117 1445 omnia
1158 1379 1361 1464 loyaut
1403 1380 1696 1445 attentius
1711 1428 1726 1457 ,
1781 1395 1858 1440 ne
1888 1377 2338 1456 praeiudicata
2382 1380 2593 1460 opinio
2636 1399 2736 1444 eos
2777 1401 2994 1445 verum
3032 1399 3270 1445 cernere
3304 1400 3431 1445 non
3472 1381 3670 1461 sinat,
3710 1386 3783 1446 ut
3823 1381 3894 1445 id
3933 1381 4181 1447 tandem
4222 1385 4388 1464 quod
4429 1383 4704 1449 studiose

690 1492 1025 1573 iuquirzmt
1056 1497 1485 1573 assequantur.
1588 1489 1812 1555 Valete.
1907 1486 2037 1552 Gal.
2085 1486 2355 1554 Ianuar.
2402 1489 2690 1556 MDXL
2706 1491 2776 1556 V.

2397 1941 2809 2026 CAPUT
2878 1943 2989 2025 X.

681 2116 1218 2216 EUSEBII
1272 2116 1940 2216 PAMPHILI
2007 2119 2822 2218 EXPLICATIO
2904 2120 3485 2218 CONSILII
3537 2119 3951 2217 PAULI
4002 2121 4187 2218 ΠΙ.
4254 2121 4701 2218 ΡΟΝΤΙ-

680 2252 1026 2351 FICIS
1098 2253 1635 2352 ROMANI
1700 2256 1973 2354 PRO
2041 2255 3305 2491 ΙΛΠΤΙἹἯξέΝἶᾶΕΑΤΙ
3360 2256 3898 2354 CAROLO
3965 2258 4082 2355 V.
4136 2257 4699 2353 IMPERA-

994 2595 1167 2660 Ecce
1223 2594 1356 2659 iam
1401 2595 1683 2661 alterum
1726 2595 2023 2661 libellum
2078 2598 2161 2663 ab
2206 2595 2515 2663 omnibus
2558 2603 2958 2677 tractatuum
3005 2596 3529 2665 calvinianorum
3584 2596 4065 2664 collectionibus
4109 2597 4539 2679 exsulantem,
4580 2618 4701 2664 suo

685 2714 908 2770 autem
963 2706 1139 2770 inter
1191 2714 1478 2773 caeteros
1531 2707 1672 2773 1000
1740 2708 2013 2774 18181188
2067 2709 2432 2793 indignum.
2538 2708 2667 2773 Cui
2722 2708 3117 2791 ψευδωνυμία
3174 2731 3373 2775 causa
3423 2710 3626 2775 fuisse
3670 2709 3963 2788 videtur,
4014 2710 4291 2775 fortasse
4343 2711 4541 2776 etiam
4583 2731 4699 2775 ex-

686 2825 919 2883 tranea
958 2817 1157 2901 origo,
1200 2839 1325 2901 quo
1381 2817 1603 2883 minus
1645 2843 1686 2885 a
1747 2818 2226 2904 genevensibus
2282 2820 2666 2901 editoribus,
2725 2821 3019 2887 Gallasio
3074 2828 3142 2886 et
3184 2822 3361 2887 Beza
3377 2872 3392 2898 ‚
3452 2821 4096 2905 argentoratensium
4140 2821 4406 2888 Calvini
4449 2820 4698 2888 studio-

681 2950 835 2995 rum
876 2936 946 2994 et
985 2928 1289 2994 laborum
1330 2930 1551 2996 minus
1595 2931 1760 2996 bene
1803 2932 2047 3015 gnaris,
2093 2932 2364 3015 reliquis
2409 2932 2740 3015 opusculis
2783 2933 3265 3018 adiungeretur.
3340 2932 3479 3016 Ipsi
3523 2954 3663 3014 nos,
3716 2934 4018 3012 fatemur,
4063 2952 4218 2999 casu
4253 2933 4467 3016 potius
4501 2956 4698 3018 quam

686 3042 768 3108 de
810 3041 1137 3107 industria
1178 3051 1566 3124 quaerentes
1605 3045 1678 3108 in
1721 3042 1912 3109 illum
1956 3044 2328 3112 incidimus.
2413 3046 2661 3110 Exstat
2700 3045 2880 3110 enim
2931 3047 3002 3111 in
3046 3046 3347 3112 omnibus
3389 3044 3687 3131 Operum
3730 3045 3997 3114 Calvini
4050 3045 4446 3112 editionibus
4489 3047 4697 3131 scrip-

679 3160 826 3219 tum
864 3154 1127 3237 aliquod
1185 3154 1578 3237 polemicum
1622 3155 1732 3220 cui
1782 3157 2013 3221 titulus
2059 3163 2187 3222 est:
2247 3156 2718 3222 Admonitio
2761 3157 2996 3222 Pauli
3038 3158 3165 3222 HI.
3223 3159 3300 3223 P.
3346 3158 3429 3222 R.
3477 3156 3571 3221 ad
3609 3156 3988 3224 Carolum
4033 3157 4460 3224 Gaesarem
4505 3139 4698 3224 caett.

682 3265 878 3347 Quod
922 3286 1130 3349 quum
1174 3265 1415 3331 diserte
1469 3265 1552 3330 ad
1600 3247 2054 3332 8888181544
2100 3268 2451 3346 referatur,
2510 3269 2732 3334 mirati
2786 3290 3013 3335 sumus
3065 3270 3134 3335 18
3178 3269 3472 3353 catalogo
3526 3269 3954 3335 bibliothecae
4007 3269 4307 3336 Ienensis
4361 3269 4698 3354 exemplar

680 3377 1041 3455 recenseri,
1097 3376 1269 3459 quod
1325 3378 1483 3442 anni
1545 3382 1709 3440 1540
1762 3385 1991 3443 notam
2044 3400 2203 3463 prae
2252 3400 2322 3444 se
2390 3382 2561 3445 ferre
2607 3381 2947 3447 diceretur.
3048 3382 3265 3466 Igitur
3309 3381 3489 3445 omni
3546 3380 3883 3465 diligentia
3931 3383 4103 3448 facta
4144 3379 4310 3445 illud
4350 3382 4696 3448 nobiscum

683 3488 1298 3554 communicandum
1342 3490 1696 3573 petivimus
1750 3497 1817 3555 et
1871 3511 2023 3555 mox
2072 3493 2439 3575 accepimus
2495 3514 2579 3557 ex
2625 3493 2976 3558 autoritate
3020 3494 3315 3575 supremi
3352 3494 3741 3560 vinariensis
3782 3491 4084 3577 gubernii
4126 3492 4445 3575 praesulis
4486 3493 4569 3558 L.
4610 3493 4691 3558 B.

683 3600 768 3665 de
811 3599 1167 3665 Watzdorf
1202 3621 1598 3678 concessum,
1647 3602 1753 3667 0111
1796 3623 2052 3669 summo
2077 3605 2220 3669 viro
2265 3604 2523 3687 publice
2569 3604 2853 3672 hocloco
2898 3603 3149 3670 debitas
3191 3606 3437 3689 gratias
3479 3605 3854 3688 persolvere
3899 3604 4218 3670 volumus.
4275 3604 4582 3687 Inspecto
4626 3609 4697 3669 et

683 3712 1050 3778 accuratius
1094 3713 1468 3779 examinato
1523 3712 1740 3778 libello
1784 3713 1899 3779 illo
1955 3715 2210 3780 ienensi
2265 3735 2421 3780 mox
2475 3736 2594 3799 pro
2637 3723 2814 3781 certo
2859 3725 2926 3781 et
2967 3716 3341 3782 indubitato
3396 3717 3749 3783 habuimus
3798 3737 3950 3782 eum
3993 3717 4258 3781 omnino
4306 3716 4513 3781 alium
4556 3735 4698 3781 esse

683 3844 881 3907 quam
923 3823 1035 3906 qui
1078 3823 1279 3907 vulgo
1315 3824 1543 3890 eodem
1592 3825 1858 3891 nomine
1900 3827 2126 3893 venire
2171 3827 2368 3905 solet,
2424 3837 2490 3892 et
2544 3849 2616 3892 re
2661 3849 2818 3893 vera
2861 3828 3308 3895 calvinianum
3348 3829 3692 3912 ingenium
3733 3830 4011 3911 spirare,
4057 3835 4196 3892 tam
4241 3849 4324 3892 ex
4368 3827 4698 3893 sermonis

682 3935 908 4003 vivida
951 3943 1019 4000 et
1061 3935 1346 4020 eleganti
1387 3936 1695 4001 facundia
1736 3938 2249 4022 agnoscendum,
2307 3961 2504 4022 quam
2546 3941 2617 4003 in
2661 3941 2977 4005 acerrimo
3022 3939 3403 4024 fervidoque
3459 3940 3917 4024 disputationis
3965 3941 4213 4023 impetu
4256 3940 4696 4022 conspicuum.

681 4047 846 4112 Mox
888 4049 1106 4127 etiam,
1149 4069 1315 4131 quae
1360 4070 1444 4113 ex
1487 4049 1765 4114 lectione
1804 4051 1990 4115 nobis
2033 4056 2193 4114 nata
2230 4051 2509 4134 suspicio
2546 4059 2704 4130 erat,
2748 4073 2893 4117 eam
2934 4051 3448 4118 luculentissimo
3483 4060 3552 4118 et
3586 4054 3949 4118 certissimo
3985 4052 4294 4117 historiae
4328 4049 4697 4117 testimonio

681 4160 1063 4226 confirmari
1103 4159 1403 4226 vidimus.
1495 4158 1630 4225 Sed
1671 4162 1829 4225 'ante
1874 4163 2096 4226 omnia
2137 4144 2357 4245 ipsum
2398 4163 2717 4242 libellum,
2767 4164 2955 4229 cuius
3001 4186 3088 4228 an
3135 4163 3265 4228 alia
3307 4163 3548 4230 alicubi
3595 4164 3998 4247 exemplaria
4042 4170 4306 4230 exstent
4346 4163 4695 4239 8880118118,

688 4269 990 4353 pluribus
1034 4270 1488 4336 describemus.
1581 4273 1841 4337 Titulus
1886 4281 2012 4338 est:

994 4367 1517 4452 CONSILI-
1540 4366 1706 4480 {VM
1749 4382 2233 4449 ADMODVM
2289 4385 2799 4474 PA-{TERNVM
2843 4397 3064 4451 PAVLI
3108 4399 3206 4453 m.
3278 4386 3680 4468 poNcrnfiois
3724 4385 4031 4466 Romani,
4068 4387 4284 4451 dacum
4319 4382 4700 4469 Enipeo-aton·

683 4491 759 4557 iu
806 4492 819 4573 Ι
872 4492 1111 4575 Belyis‚
1154 4513 1275 4574 per
1337 4491 1734 4560 Cardiualem
1784 4494 2148 4579 foernesium
2196 4497 2208 4578 Ι
2266 4496 2591 4577 Pontificis
2643 4504 2941 4581 nepotem,
2987 4519 3112 4581 pro
3163 4502 3170 4577 Ι
3225 4498 3626 4564 Lutheram’s.
3679 4497 3690 4580 Ι
3741 4497 3947 4563 Anno.
3996 4498 4007 4568 Ι
4064 4501 4229 4561 1540
4282 4498 4296 4581 Ι
4496 4504 4518 4519 ’
4611 4493 4704 4560 Et

683 4613 981 4668 Estssn
1028 4613 1386 4666 PAMPHILI
1430 4615 1767 4672 mvsnEM
1817 4608 1826 4692 Ι
1876 4607 2123 4672 amsuii
2155 4607 2277 4688 pia
2314 4613 2369 4673 et
2411 4609 2724 4674 salutaris
2762 4609 2770 4694 ί
2809 4611 3154 4691 ezplicatio.

994 4714 1240 4778 Forma
1281 4719 1614 4781 octonaria
1654 4721 1887 4798 minor,
1934 4719 2394 4803 quaterniones
2438 4741 2555 4785 sex
2600 4742 2749 4786 cum
2794 4720 3060 4787 dimidio
3105 4723 3200 4803 (A
3220 4723 3432 4804 —G)‚
3477 4722 3631 4786 folia
3655 4726 3756 4799 51,
3801 4720 3971 4785 nulli
4011 4721 4315 4786 foliorum
4359 4726 4473 4785 aut
4513 4718 4700 4802 pagi-

684 4847 922 4891 narum
966 4825 1243 4890 numeri.
1331 4826 1596 4891 Folium
1642 4831 2003 4897 secundum
2047 4831 2313 4896 exhibet
2359 4832 2830 4913 praefationem
2876 4854 3043 4916 quae
3091 4833 3328 4898 dicitur
3369 4833 3682 4916 Epistola.
3775 4831 4092 4916 Sequitur
4132 4833 4272 4917 ipse
4315 4837 4535 4897 textus
4577 4829 4702 4893 du-

687 4937 842 5020 plici
899 4944 1202 5023 typorum
1267 4957 1505 5022 genere
1561 4962 1938 5023 expressus,
1999 4945 2093 5008 ita
2150 4952 2226 5007 ut
2280 4943 2524 5007 maiore
2588 4942 2967 5010 charactere
3011 4966 3281 5010 romano
3324 4945 3667 5010 Pontificis
3711 4944 4057 5010 consilium
4093 4965 4213 5028 per
4249 4943 4513 5021 breves,
4566 4941 4702 5005 imo

687 5049 929 5131 passim
985 5048 1433 5126 brevissimae,
1485 5061 1552 5115 et
1608 5052 1820 5133 quoad
1874 5055 2081 5136 ipsam
2136 5054 2449 5137 phraseos
2515 5056 2832 5139 syntaxin
2898 5055 3230 5139 disruptas
3289 5065 3511 5122 textus
3571 5064 3790 5139 partes
3807 5108 3823 5135 ,
3900 5058 4151 5121 minore
4207 5062 4431 5121 autem
4485 5053 4702 5118 italico

688 5141 829 5226 sive
873 5161 1129 5226 cursivo
1189 5161 1272 5226 ad
1326 5163 1620 5245 singulas
1664 5164 2001 5246 pertinens
2045 5167 2350 5231 refutatio
2407 5166 2680 5231 alternis
2725 5167 2975 5234 vicibus
3033 5168 3398 5251 descriptae
3453 5170 3740 5234 veniant.
3828 5168 3914 5232 In
3956 5169 4090 5232 fine
4132 5168 4398 5252 legitur:
4455 5164 4703 5230 Datwm

680 5271 1023 5338 Bethuliae
1066 5272 1301 5339 Iudeae
1344 5274 1535 5340 Anno
1598 5278 1753 5340 1541
1814 5275 2030 5342 Mense
2073 5276 2332 5343 Martio.
2422 5278 2903 5363 'typographus
2942 5300 3098 5346 vero
3152 5279 3560 5363 subscripsit:
3617 5289 4040 5345 IMPRESSVM
4083 5288 4228 5344 PER
4269 5274 4702 5361 IOHANNEMl
