5100 6061
708 388 954 458 XLIV
1248 354 1255 359 ‘
1342 482 1351 491 ,
1882 381 2426 452 TRAc'rA'ms
2473 380 3057 449 monofflol
3100 380 3545 453 MJNORES.

715 577 926 646 sibae.
1014 574 1518 659 Froencofordiae
1555 580 1761 641 autem
1802 574 1912 639 vix
1946 574 2402 656 quinquaqinta
2443 571 2648 637 adhuc
2689 570 2909 638 habere
2947 592 3065 638 nos
3093 577 3267 654 puto.
3357 570 3466 637 Ita
3504 571 3729 654 feceris
3770 593 3903 637 rem
3941 573 4373 657 qratissimam
4415 579 4471 641 et
4508 595 4729 644 sacrae

731 687 1065 773 theozoyiae
1107 688 1445 767 studiosi-9,
1501 687 1563 753 si
1604 687 1937 752 editionem
1980 690 2094 751 aut
2134 685 2608 769 recoquitionem
2651 682 2836 748 illam
2871 688 3044 755 tuam
3077 689 3379 764 matureS,
3427 689 3484 749 et
3522 683 3698 750 nobis
3740 684 3810 749 in
3841 685 4111 767 primis,
4165 687 4225 751 si
4265 687 4336 751 in
4376 663 4728 754 recudenda

726 801 850 867 aza
899 819 1092 881 opera
1131 804 1348 864 nostra
1391 799 1487 863 uti
1524 806 1667 862 ‘non
1710 797 2078 881 dediqneris.
2154 796 2298 861 Iam
2342 802 2418 859 tu
2460 794 2843 860 meminoris
2888 794 3049 861 haec
3090 816 3231 861 esse
3276 794 3519 878 scripta
3563 795 3623 859 d.
3673 799 3772 860 25.
3817 796 4048 861 Martii
4094 818 4264 863 anno
4315 803 4498 863 1537.
4584 798 4728 864 Ha-

729 913 848 979 bes
892 932 1049 997 ergo
1094 910 1269 995 quod
1312 917 1380 975 te
1421 910 1635 994 primo
1679 929 1836 974 sane
1878 909 2124 973 intuitu
2170 905 2560 991 perplexum
2603 905 2878 972 reddere
2919 906 3141 990 possit,
3187 906 3387 972 habes
3428 905 3918 973 Catechismum
3962 907 4226 974 Calvini
4267 908 4552 974 latinum
4591 911 4728 978 iam

725 1029 883 1090 ante
925 1023 1116 1088 illum
1159 1021 1335 1087 diem
1386 1022 1808 1105 impressum,
1866 1020 1996 1085 imo
2039 1021 2173 1083 iam
2211 1019 2501 1084 maxima
2545 1040 2630 1084 ex
2671 1026 2858 1102 parte
2901 1016 3275 1086 venditione
3319 1017 3732 1098 distractum,
3792 1019 3994 1086 habes
4034 1022 4520 1105 typographum
4563 1021 4730 1088 alte-

725 1155 870 1199 ram
911 1134 1261 1211 editionem
1314 1154 1584 1216 eamque
1638 1132 2040 1217 recognitam
2097 1130 2176 1195 ab
2223 1137 2448 1196 autore
2502 1131 2926 1215 flagitantem.
3016 1130 3204 1212 Quae
3258 1130 3476 1195 omnia
3530 1130 3586 1194 si
3642 1129 3721 1196 de
3766 1129 4180 1198 Catechismo
4235 1141 4460 1198 nostro
4514 1136 4728 1217 primo

724 1246 930 1312 latino
972 1245 1340 1330 intelligere
1374 1245 1675 1324 volueris,
1722 1263 1870 1309 cum
1905 1243 2206 1308 omnibus
2250 1242 2630 1309 certissimis
2665 1242 2977 1325 temporis
3009 1241 3370 1307 rationibus
3405 1242 3858 1326 expressisque
3899 1242 4304 1309 documentis
4338 1264 4471 1309 non
4512 1245 4728 1312 solum

724 1379 863 1424 non
906 1358 1258 1442 quadrant,
1303 1356 1418 1422 sed
1460 1356 1657 1421 etiam
1702 1378 1738 1421 e
1785 1354 2098 1420 diametro
2142 1362 2459 1439 pugnant.
2548 1352 2750 1418 Nulla
2788 1355 2966 1418 enim
3008 1353 3140 1418 alia
3183 1373 3356 1418 anno
3407 1357 3568 1417 1536
3613 1352 3909 1437 prodiere
3953 1354 4216 1421 Calvini
4257 1356 4499 1439 scripta
4537 1377 4728 1440 prae-

729 1476 833 1537 ter
874 1469 1362 1535 Institutionem
1408 1468 1701 1546 latinam,
1742 1474 1809 1530 et
1851 1465 2242 1531 Oatechesin
2285 1465 2604 1550 gallicam.
2694 1464 2867 1530 Nam
2907 1465 2988 1530 de
3021 1465 3665 1551 Psychopannychia
3709 1467 3816 1533 hic
3860 1467 4037 1550 loqui
4061 1489 4215 1533 -non
4256 1457 4513 1534 attinet.
4602 1470 4728 1534 At-

732 1602 858 1666 que
895 1581 1041 1665 ·ipsa
1083 1587 1184 1647 est
1222 1580 1585 1658 Institutio,
1606 1578 1688 1663 ,si
1731 1577 1889 1660 quid
1934 1577 2232 1643 videmus
2248 1628 2265 1656 ,
2311 1597 2507 1660 quam
2550 1574 2883 1659 Oporinus
2926 1577 3159 1641 innuit.
3250 1577 3516 1642 Etenim
3571 1576 3974 1644 difficultatis
4033 1578 4275 1660 nodus,
4331 1584 4557 1644 nostra
4594 1580 4725 1645 sal-

722 1699 860 1760 tem
901 1693 1239 1776 opinione,
1296 1691 1366 1755 in
1411 1690 1546 1755 solo
1591 1687 2100 1754 Catechismi
2141 1688 2407 1753 nomine
2462 1687 2719 1753 residet.
2809 1687 2954 1752 Iam
2998 1688 3238 1771 raptim
3280 1709 3351 1754 se
3393 1688 3728 1771 scripsisse
3771 1689 3841 1753 in
3890 1691 4022 1755 fine
4064 1690 4406 1755 literarum
4452 1697 4728 1757 annotat

720 1804 864 1885 ille,
920 1812 998 1870 ut
1038 1825 1171 1869 non
1213 1801 1474 1869 licuerit
1527 1802 1816 1885 relegere
1829 1825 1845 1880 3
1890 1820 2088 1865 voces
2140 1800 2343 1884 igitur
2382 1806 2449 1865 et
2503 1798 2774 1864 termini
2816 1797 3154 1882 premendi
3194 1820 3327 1864 non
3380 1808 3552 1865 sunt.
3646 1799 3821 1881 Quid
3863 1808 4044 1866 vetat
4091 1824 4214 1889 ¹nos
4281 1823 4721 1885 praesumere,

720 1915 911 1982 illum
966 1916 1318 1980 festinante
1374 1914 1621 1979 calamo
1665 1910 2157 1980 catechismum
2213 1912 2576 1995 scripsisse,
2630 1910 3018 1995 indigitasse
3073 1930 3228 1977 vero
3271 1911 3768 1977 Institutionem
3820 1912 4003 1979 illam
4055 1914 4337 1997 primam
4393 1935 4589 1997 quam
4615 1936 4725 1990 ‚eo

724 2048 900 2093 anno
944 2024 1082 2110 ipse
1127 2045 1275 2091 cum
1321 2025 1491 2090 socio
1533 2024 1800 2090 Platero
1856 2023 2179 2104 ediderat,
2233 2044 2525 2107 quaeque
2559 2022 2760 2107 vulgo
2803 2030 2871 2088 et
2913 2022 3157 2107 passim
3213 2022 3425 2108 magis
3460 2023 3713 2107 plebeio
3752 2027 4017 2091 nomine
4076 2025 4406 2111 designari
4447 2032 4721 2109 poterat,

720 2158 924 2222 eoque
966 2159 1085 2222 pro
1128 2136 1284 2201 libri
1320 2138 1532 2202 forma
1574 2143 1641 2200 et
1685 2138 1936 2202 ratione
1969 2136 2241 2201 minime
2283 2134 2720 2213 incommodo,
2764 2155 2962 2218 quam
3006 2155 3133 2217 quo
3175 2141 3364 2200 autor
3412 2136 3551 2218 ipse
3594 2135 3805 2221 magis
3840 2136 4228 2204 scholastico
4263 2160 4421 2203 usus
4456 2137 4716 2224 morat?
4815 2172 4830 2183 =

725 2249 912 2314 Nihil
965 2269 1121 2331 ergo
1164 2254 1266 2313 est
1318 2246 1511 2333 quod„
1530 2249 1600 2313 in
1644 2249 1769 2314 hac
1824 2249 1907 2313 ab
1950 2246 2240 2331 Oporino
2283 2216 2602 2331 usurpata¹
2658 2246 3184 2312 denominatione
3229 2253 3295 2311 te
3336 2253 3658 2328 moretur,
3716 2255 4028 2330 tanquam
4071 2249 4227 2315 huic
4265 2249 4499 2314 maiori
4540 2250 4722 2333 operi

720 2362 942 2426 minus
985 2359 1440 2439 conveniente;
1484 2382 1640 2425 nam
1682 2361 1895 2444 prima
1934 2358 2050 2423 illa
2084 2358 2439 2438 Institutio,
2458 2358 2561 2422 *ut
2601 2359 2674 2422 in
2708 2357 3202 2442 Pmlegomenis
3243 2359 3430 2423 Tomi
3472 2357 3525 2423 I.
3572 2381 3718 2443 pag.
3763 2359 4014 2426 XXXI
4056 2361 4447 2441 monuimus,
4491 2383 4724 2428 revera

722 2471 1287 2539 Oatechismorum
1338 2471 1721 2539 methodum
1764 2471 1837 2535 in
1890 2470 2184 2535 materiis
2226 2468 2647 2552 disponendis
2690 2468 3013 2552 sequitur,
3069 2475 3139 2534 et
3178 2467 3529 2535 exstabant
3573 2471 3773 2536 etiam
3814 2471 4117 2550 Lutheri‚
4162 2473 4422 2553 Buceri,
4463 2473 4724 2538 Brenfii

725 2583 1107 2650 catechismi
1158 2581 1412 2648 modico
1468 2582 1566 2646 illi
1610 2582 1976 2649 calviniano
2027 2580 2247 2648 libello
2298 2581 2405 2645 vel
2447 2579 2905 2665 magnitudine
2959 2579 3288 2663 aequales,
3346 2581 3453 2647 vel
3495 2582 3694 2648 etiam
3739 2604 3814 2649 eo
3858 2583 4228 2666 ampliores.
4316 2583 4508 2649 Adde
4549 2585 4723 2669 quod

720 2699 1089 2778 temporum
1148 2694 1316 2758 ratio
1360 2699 1429 2759 et
1471 2700 1730 2759 caetera
1772 2695 1937 2776 quae
1981 2692 2322 2758 attulimus
2364 2692 2738 2757 testimonia
2778 2692 2950 2756 hanc
2990 2690 3145 2756 nodi
3187 2691 3576 2758 solutionem
3610 2701 3679 2759 et
3732 2694 4042 2778 epistolae
4084 2692 4360 2778 Oporini
4400 2696 4726 2780 interpre-

718 2806 1040 2871 tationem
1083 2825 1220 2869 non
1264 2804 1474 2870 solum
1529 2802 1876 2869 admittere
1919 2803 2035 2869 sed
2078 2805 2278 2870 etiam
2321 2804 2654 2887 requirere
2695 2801 3021 2869 videntur.
3112 2800 3224 2868 Sic
3281 2804 3458 2869 enim
3511 2805 3732 2871 omnia
3772 2805 3941 2871 bene
3983 2804 4309 2890 quadrant
4349 2807 4725 2892 optimeque

712 2915 890 2981 inter
923 2937 997 2982 se
1040 2916 1459 2982 conveniunt.
1548 2915 1902 2982 Caeterum
1943 2917 1999 2981 si
2051 2917 2196 3000 quis
2238 2917 2509 2981 meliora
2549 2912 3111 2998 probabilioraque
3152 2915 3223 2978 in
3266 2915 3553 2981 medium
3597 2918 3965 2999 protulerit,
4009 2917 4290 2985 libenter
4329 2941 4450 2984 nos
4493 2918 4724 2985 eadem

713 3026 1137 3112 amplexuros
1180 3028 1467 3112 ingenue
1510 3029 1910 3111 profitemur.
2178 3024 2184 3041 ²

1023 3139 1132 3205 De
1188 3147 1417 3204 nostra
1472 3140 1594 3206 hac
1648 3157 1820 3207 nova
1878 3139 2164 3206 editione
2220 3160 2429 3223 pauca
2484 3145 2643 3204 sunt
2696 3158 2863 3222 quae
2919 3138 3043 3202 hoc
3101 3137 3240 3204 loco
3283 3159 3682 3205 moneamus.
3771 3141 3858 3205 In
3899 3143 4042 3226 ipso
4085 3141 4502 3208 catechismo
4547 3141 4726 3226 typis

712 3250 956 3316 italicis
999 3252 1139 3319 sive
1197 3251 1477 3318 cursivis
1531 3273 1693 3335 quos
1747 3252 1978 3317 dicunt
2031 3271 2342 3335 expressa
2383 3251 2563 3335 leges
2608 3270 2719 3315 eas
2761 3256 2984 3314 textus
3026 3257 3246 3332 partes
3288 3271 3452 3333 quas
3495 3259 3708 3333 autor,
3754 3253 3939 3319 nulla
3976 3255 4148 3319 facta
4188 3254 4581 3333 mutatione,
4637 3276 4727 3319 ex

715 3361 1144 3429 Institutione
1187 3384 1307 3429 sua
1348 3361 1707 3458 descriptas
1749 3363 1882 3428 huc
1923 3363 2278 3428 transtulit.
2345 3363 2442 3428 In‘
2470 3361 2646 3427 calce
2688 3360 2934 3425 Farelli
2980 3358 3487 3441 confessionem,
3533 3365 3756 3446 paucis
3788 3365 4063 3449 pagellis
4098 3365 4480 3444 absolutam,
4523 3386 4728 3448 quum

714 3472 793 3537 in
833 3474 1031 3539 unica
1085 3494 1253 3557 quae
1307 3481 1525 3539 exstat
1566 3473 1966 3540 Oatechismi
2020 3475 2310 3540 editione
2352 3474 2497 3558 ipsa
2540 3493 2798 3556 quoque
2841 3471 3264 3551 exhibeatur,
3330 3495 3370 3538 a
3423 3481 3649 3541 nostra
3691 3477 3916 3541 abesse
3957 3476 4304 3542 noluimus.
4393 3476 4729 3542 Gallicum

715 3589 945 3650 tamen
987 3584 1417 3669 archetypum
1462 3585 1700 3651 addere
1743 3606 2225 3670 supervacuum
2269 3585 2596 3664 duximus,
2643 3584 2813 3668 quod
2848 3583 2902 3649 si
2942 3584 3298 3666 quaesieris
3336 3586 3608 3652 habebis
3649 3587 3823 3671 apud
3844 3587 4192 3668 Ruchat,
4237 3588 4592 3654 histoire
4627 3586 4669 3651 d
4687 3608 4729 3651 e

714 3695 796 3760 la
837 3697 1385 3761 reformation
1428 3695 1642 3762 dela
1685 3695 1989 3763 Suisse.
2080 3698 2218 3763 Ed.
2264 3697 2749 3774 Vulliemin,
2807 3695 2881 3761 Τ.
2926 3694 3047 3759 Π.
3092 3716 3241 3782 pag.
3295 3700 3408 3760 111
3463 3718 3635 3782 seqq.
3683 3706 3752 3763 et
3792 3699 4176 3780 Gaberel,
4231 3677 4589 3766 histoire
4633 3697 4731 3762 de

720 3789 1084 3892 l’Eglise
1119 3807 1219 3872 ‘de
1258 3806 1614 3887 Geneve,
1663 3810 1736 3874 Τ.
1776 3809 1831 3874 Ι.
1878 3810 2049 3891 App.
2093 3829 2240 3894 pag.
2293 3813 2414 3873 120
2449 3830 2657 3892 seqq.,
2701 3808 2863 3872 item
2905 3805 2976 3869 in
3019 3805 3397 3873 collectione
3438 3807 3554 3874 illa
3597 3810 4059 3894 opusculorum
4099 3811 4352 3877 Farelli
4392 3831 4559 3894 quae
4600 3830 4731 3873 nu-

714 3938 835 4003 per
877 3917 1109 4005 (1865)
1153 3941 1312 3986 cura
1356 3927 1421 3985 et
1463 3919 1680 3986 studio
1721 3919 1846 3986 Iul.
1895 3920 2076 3987 Guil.
2121 3921 2341 3986 Fickii
2386 3920 2699 3988 Genevae
2742 3915 2986 4001 prodiit
3028 3938 3174 4001 pag.
3227 3922 3348 3983 194
3384 3942 3468 3986 ss.

2400 4421 2810 4506 CAPUT
2870 4422 3077 4507 VII.

1281 4622 2021 4722 RESPONSIO
2077 4624 2265 4722 AD
2322 4624 3084 4723 EPISTOLAM
3126 4612 3816 4723 SADOLETI.
3879 4616 4167 4717 1539.

1036 4841 1265 4908 Eiecto
1310 4841 1586 4909 Geneva
1629 4865 1781 4910 cum
1834 4843 2059 4909 amicis
2106 4842 2414 4924 calvino,
2473 4851 2684 4910 status
2725 4845 2822 4911 rei
2864 4846 3161 4929 publicae
3201 4853 3267 4912 et
3311 4845 3782 4912 ecclesiasticae
3823 4847 3895 4911 in
3939 4868 4017 4913 ea
4059 4848 4221 4913 urbe
4265 4846 4419 4912 talis
4464 4846 4610 4926 fuit,
4652 4854 4735 4912 ut

719 4952 1031 5033 pontificii
1074 4974 1212 5018 non
1256 4943 1655 5038 siue‘specie
1696 4955 1841 5021 veri
1882 4975 2147 5037 sperare
2194 4962 2463 5039 possent
2504 4956 2644 5022 fore
2687 4963 2765 5020 ut
2806 4957 2984 5024 cives
3027 4958 3370 5023 turbarum
3410 4943 3621 5023 taedio
3663 4958 3827 5022 moti
3871 4980 4029 5024 mox
4070 4966 4361 5024 veterem
4403 4957 4557 5023 fidei
4593 4957 4731 5024 for-

720 5062 969 5128 mulam
1020 5065 1192 5149 apud
1242 5088 1311 5131 se
1366 5067 1835 5132 instaurarent.
1937 5066 2167 5150 Itaque
2226 5069 2574 5135 observata
2624 5072 2937 5153 temporis
3000 5070 3362 5148 occasione,
3420 5068 3806 5136 destitutum
3857 5071 4225 5154 pastoribus
4278 5071 4415 5136 suis
4458 5091 4733 5155 gregem

719 5173 909 5239 facile
951 5196 1021 5241 se
1072 5175 1548 5262 intercepturos
1586 5177 1906 5257 arbitrati,
1953 5186 2138 5245 coetu
2181 5181 2626 5265 praelatorum
2669 5179 2988 5264 Lugduni
3028 5180 3250 5245 habito
3294 5182 3409 5247 uni
3453 5203 3536 5247 ex
3577 5183 3729 5260 suis,
3766 5182 4000 5248 Iacobo
4045 5180 4351 5248 Sadoleto
4386 5180 4732 5249 Gardinali

716 5286 1009 5353 officium
1051 5275 1519 5356 commiserunt
1563 5288 1988 5358 Genevenses
2031 5290 2117 5357 ad
2157 5291 2444 5357 reditum
2485 5291 2557 5357 in
2601 5294 3123 5358 communionem
3168 5292 3340 5360 sedis
3383 5314 3692 5360 romanae
3728 5292 4133 5359 sollicitandi.
4199 5294 4368 5360 Erat
4411 5300 4555 5358 tum
4598 5291 4731 5359 Sa-
4813 5301 4836 5314 '

1378 5392 1397 5424 ἱ
