5100 6061
331 429 451 491 249

334 616 549 682 omnis
590 614 993 681 idololatriae
1037 615 1398 694 simulatiO,
1451 616 1563 682 vel
1606 635 1993 697 quacunque
2037 616 2289 681 ratione

332 709 640 783 suscepta
692 702 970 767 imitatio
990 754 1007 782 ,
1065 701 1149 767 ab
1203 721 1281 766 ea
1333 721 1456 766 nos
1512 701 1895 785 longissime
1946 701 2287 768 absterret.

333 789 438 854 De
465 787 677 852 divini
703 787 993 853 nominis
1029 808 1105 853 ac
1141 788 1410 853 honoris
1444 787 1913 870 profanatione,
1952 787 2115 853 haec
2150 788 2291 852 eius

331 875 538 940 verba
593 881 749 939 sunt
815 874 881 959 (1
932 872 1082 940 Cor.
1137 879 1245 951 10,
1298 879 1375 936 14
1421 874 1567 956 ss.):
1649 871 2018 954 Carissimi,
2078 873 2288 957 fugite

334 960 414 1025 ab
468 960 797 1025 idolorum
854 961 1034 1025 cultu
1091 959 1242 1043 (sub
1301 959 1517 1025 cultus
1571 958 1866 1038 nomine,
1935 959 2291 1024 exteriores

335 1067 563 1111 omnes
632 1047 798 1111 ritus
856 1046 1225 1129 collegisse,
1287 1047 1400 1128 qui
1442 1046 1793 1128 impiorum
1848 1046 2050 1110 sacris
2107 1043 2292 1109 adhi-

336 1133 620 1198 beantur
634 1183 650 1210 ,
707 1135 840 1196 iam
885 1154 969 1196 ex
1014 1129 1437 1215 sequentibus
1486 1130 1907 1195 manifestum
1975 1133 2129 1215 erit)
2147 1182 2161 1208 ‚
2217 1137 2293 1196 ut

380 1217 775 1283 rudentibus
810 1217 1066 1300 loquor:
1114 1239 1231 1283 vos
1257 1217 1384 1299 ipsi
1418 1216 1701 1281 iudicate
1738 1215 1911 1299 quod
1934 1216 2093 1281 dico.
2163 1216 2294 1281 Ca-

367 1306 379 1318 '
486 1302 956 1370 benedictionis
999 1305 1106 1368 cui
1147 1302 1623 1382 benedicimus,
1669 1323 1888 1368 nonne
1931 1303 2294 1367 communi-

336 1391 509 1456 catio
566 1391 906 1473 sanguinis
953 1389 1207 1455 Christi
1250 1388 1394 1454 est?
1448 1398 1518 1453 et
1568 1389 1758 1471 panis
1804 1409 2000 1471 quem
2042 1388 2293 1472 frangi·

334 1496 503 1555 mus,
529 1498 751 1541 nonne
776 1476 1275 1542 communicatio
1299 1476 1588 1558 corporis
1612 1473 1886 1539 Domini
1909 1473 2050 1538 est?
2107 1473 2293 1557 Ergo

334 1583 509 1627 unus
546 1563 737 1644 panis
773 1573 839 1626 et
879 1583 1091 1626 unum
1126 1581 1361 1645 corpus
1395 1560 1590 1625 multi
1628 1581 1874 1638 sumus,
1918 1580 2144 1625 omnes
2179 1558 2294 1641 qui

335 1647 417 1714 de
459 1668 596 1712 uno
638 1669 809 1731 pane
850 1649 1335 1731 participamus.
1401 1644 1644 1711 Videte
1678 1645 1886 1710 Israel
1931 1644 2294 1711 secundum

334 1755 621 1801 carnem.
713 1734 953 1799 Nonne
997 1735 1110 1818 qui
1155 1733 1360 1799 edunt
1403 1733 1652 1798 hostias
1672 1782 1687 1807 ‚
1745 1730 2096 1814 participes
2140 1738 2296 1795 sunt

337 1820 612 1886 altaris?
703 1818 882 1900 Quid
927 1819 1127 1904 ergo?
1218 1820 1385 1885 Dico
1429 1818 1605 1902 quod
1648 1817 1842 1883 idolis
1884 1817 2295 1882 immolatum

336 1908 429 1972 sit
470 1904 763 1989 aliquid?
803 1914 918 1971 aut
955 1905 1129 1989 quod
1170 1904 1425 1970 idolum
1470 1904 1556 1970 sit
1598 1903 1885 1986 aliquid?
1951 1902 2086 1968 Sed
2121 1902 2296 1986 quod

338 2013 510 2075 quae
554 2000 786 2075 gentes
830 1992 1194 2072 immolant,
1241 1991 1600 2055 daemoniis
1642 1988 2001 2068 immolant,
2048 1997 2117 2053 et
2158 2010 2297 2053 non

334 2079 501 2143 Deo,
571 2077 744 2141 Nolo
782 2086 1005 2143 autem
1039 2098 1156 2143 vos
1200 2077 1547 2159 participes
1590 2075 1737 2141 fieri
1780 2074 2292 2139 daemoniorum.

335 2163 489 2228 Non
528 2163 804 2245 potestis
840 2164 1112 2229 calicem
1145 2163 1414 2227 Domini
1451 2161 1691 2236 bibere,
1737 2171 1804 2225 et
1838 2160 2105 2227 calicem
2142 2160 2294 2225 dae-

334 2250 731 2314 moniorum.
791 2250 854 2315 N
856 2270 942 2314 on
974 2250 1246 2331 potestis
1280 2268 1549 2313 mensae
1578 2247 1851 2312 Domini
1883 2247 2291 2329 participare,

335 2347 404 2401 et
447 2357 719 2401 mensae
762 2335 1269 2401 daemoniorum.
1357 2334 1560 2399 Initio
1613 2335 1684 2397 in
1735 2336 2119 2397 memoriam
2169 2332 2181 2345 '
2243 2332 2255 2344 “

333 2435 623 2500 revocat,
667 2442 865 2504 quam
899 2421 1266 2506 propinqua
1302 2422 1386 2485 sit
1419 2420 1620 2484 istaec
1662 2418 1795 2483 illis
1838 2438 1990 2483 cum
2025 2417 2292 2483 Christo

333 2508 628 2573 Domino
671 2508 963 2586 societas,
1010 2507 1297 2590 corporis
1340 2514 1408 2570 et
1449 2504 1796 2588 sanguinis
1837 2505 2045 2587 ipsius
2087 2504 2291 2587 parti-

335 2594 517 2675 cipes
551 2594 695 2657 fieri
731 2602 809 2658 ut
840 2601 1083 2676 quanto
1118 2614 1227 2658 eos
1261 2591 1533 2676 propius
1555 2590 1653 2655 illi
1677 2590 2069 2665 adiunxerit,
2105 2595 2290 2654 tanto

334 2679 418 2744 ab
463 2679 646 2744 omni
699 2679 1023 2745 idolorum
1070 2677 1570 2762 participatione
1627 2676 1888 2759 longius
1931 2675 2287 2740 abstrahat.

331 2765 639 2830 Externa
697 2772 919 2829 autem
974 2773 1383 2830 sacramenta
1426 2762 1749 2846 quaedam
1805 2762 1989 2844 quasi
2027 2761 2292 2826 vincula

333 2872 496 2929 esse,
540 2849 775 2933 quibus
817 2873 967 2917 cum
995 2852 1281 2916 Domino
1325 2849 1744 2915 cohaereant:
1793 2846 1862 2912 id
1905 2849 2121 2930 ipsum
2165 2847 2290 2930 igi-

333 2947 447 3001 tur
487 2936 619 3002 illis
664 2959 701 3002 e
744 2957 1060 3003 converso
1114 2936 1432 3012 accidere,
1489 2936 1604 3017 qui
1658 2933 2014 2998 immundis
2071 2954 2290 2998 caere-

332 3023 578 3088 moniis
622 3043 694 3089 se
737 3022 1127 3102 admiscent,
1186 3030 1261 3088 ut
1310 3043 1429 3106 per
1472 3042 1582 3086 eas
1626 3019 1950 3085 idolorum
1995 3019 2291 3084 societati

332 3131 406 3174 se
448 3111 790 3174 innectant
833 3118 1027 3192 atque
1073 3110 1391 3174 inserant.
1480 3106 1742 3172 Deinde
1785 3127 2046 3170 omnem
2089 3107 2290 3189 tergi-

332 3195 778 3261 versationem
821 3195 1160 3278 praecidit,
1202 3215 1404 3277 quum
1442 3215 1669 3259 eorum
1703 3192 1954 3258 obiecta
1996 3199 2288 3274 occupat,

334 3283 449 3365 qui
496 3281 928 3364 praetendere
971 3289 1263 3365 possent,
1320 3279 1574 3344 idolum
1616 3279 1786 3343 nihil
1829 3300 1996 3343 esse:
2049 3277 2291 3344 idcirco

333 3388 605 3433 carnem
647 3367 838 3432 idolis
880 3367 1316 3445 immolatam,
1374 3365 1543 3430 nihil
1601 3387 1642 3429 a
1683 3365 1940 3448 vulgari
1996 3369 2143 3443 [pag.
2188 3368 2292 3443 14]

334 3474 533 3519 carne
578 3453 859 3519 differre.
951 3452 1144 3536 Quod
1187 3453 1346 3532 illis,
1402 3458 1722 3535 quantum
1777 3450 1861 3515 ad
1914 3451 2132 3515 carnis
2188 3450 2288 3533 ip-

334 3541 473 3605 sius
509 3540 967 3617 substantiam,
1006 3538 1335 3606 concedit:
1384 3537 1499 3603 sed
1535 3536 1735 3602 aliam
1769 3556 1913 3601 esse
1947 3535 2288 3600 hominum

332 3625 712 3709 opinionem
748 3627 1008 3709 excipit,
1055 3646 1334 3708 quorum
1372 3622 1687 3689 iudicium
1720 3622 1791 3686 in
1823 3622 2012 3687 factis
2047 3623 2289 3686 nostris

333 3711 621 3794 spectari
676 3711 935 3791 debeat,
1000 3732 1170 3794 quae
1221 3711 1514 3794 ipsorum
1567 3708 1772 3774 oculis
1827 3706 2285 3772 subiiciuntur.

332 3797 474 3862 Eos
544 3809 766 3862 autem
780 3849 796 3876 ,
855 3797 966 3879 qui
1035 3818 1233 3862 carne
1285 3796 1475 3862 idolis
1539 3793 1877 3860 immolata
1920 3800 2288 3871 vescantur,

333 3889 802 3967 argumentum
843 3884 1298 3966 imperitorum
1340 3882 1548 3948 errori
1591 3880 1923 3965 praebere,
1967 3879 2143 3944 unde
2186 3879 2289 3944 iii-

335 3969 588 4047 dicent,
647 3989 723 4033 eo
765 3969 956 4034 modo
1000 3968 1193 4034 idolis
1236 3970 1413 4051 ipsos
1455 3969 1848 4043 sacrificare,
1906 3967 2000 4031 sic
2047 3966 2119 4030 in
2168 3965 2289 4030 ho-

332 4057 591 4121 minum
646 4063 999 4138 conspectu
1044 4056 1262 4121 Deum
1315 4052 1712 4119 inhonorari.
1802 4051 1948 4116 Iam
1993 4060 2061 4116 et
2103 4072 2289 4135 aspe-

332 4143 582 4207 riorem
631 4141 1027 4206 sententiam
1071 4149 1299 4224 postea
1344 4138 1632 4217 subiicit,
1687 4144 1951 4202 tantum
1997 4158 2141 4203 esse
2186 4138 2288 4203 in-

332 4236 438 4294 ter
483 4226 738 4293 Christi
779 4235 846 4292 et
888 4227 1382 4291 daemoniorum
1435 4244 1732 4289 mensam
1785 4222 2154 4302 dissidium,
2213 4230 2290 4288 ut

331 4314 544 4379 altera
598 4334 669 4378 se
727 4311 1006 4386 abdicet,
1068 4312 1181 4394 qui
1225 4310 1468 4376 delibet
1509 4309 1870 4393 quidquam
1922 4331 2006 4375 ex
2062 4309 2284 4375 altera.

333 4400 485 4466 Hac
529 4399 798 4464 demum
840 4398 1131 4465 clausula
1170 4397 1698 4462 exhortationem
1740 4416 1927 4460 suam
1971 4395 2281 4462 absolvit:

333 4485 515 4551 Num
551 4496 985 4567 provocamus
1007 4483 1417 4549 Dominum?
1475 4483 1657 4547 Num
1691 4482 1994 4546 fortiores
2027 4481 2141 4546 illo
2176 4504 2285 4547 su-

332 4570 529 4636 mus?
598 4569 807 4637 Cuius
850 4577 1036 4635 tanta
1068 4571 1172 4636 vis
1216 4577 1334 4648 est,
1380 4576 1458 4634 ut
1487 4567 1700 4652 magis
1736 4568 1991 4645 acriter,
2035 4590 2110 4634 ac
2145 4588 2286 4632 ma-

480 4677 690 4740 paene
732 4656 1013 4722 dixerim
1057 4657 1320 4741 tragice,
1368 4654 1706 4737 exagitare
1749 4653 2142 4720 sceleratum
2184 4655 2285 4719 ul-

359 4765 475 4809 um
516 4744 771 4807 facinus
805 4763 940 4807 non
972 4742 1276 4825 potuerit,
1321 4763 1522 4826 quam
1553 4739 1739 4805 illam
1775 4740 2139 4823 exagitavit
2174 4761 2281 4805 su-

417 4829 805 4908 rstitionum·
825 4829 1186 4893 fictionem:
1225 4848 1392 4911 quae
1425 4827 1541 4892 vix
1574 4846 1694 4909 pro
1729 4826 2058 4891 levissima
2092 4826 2285 4910 culpa

384 4914 530 4980 odie
585 4934 625 4978 a
677 4914 905 4979 multis
971 4913 1247 4979 ducitur.
1336 4912 1519 4978 Alibi
1574 4914 1643 4994 (2
1688 4911 1836 4977 Cor.
1885 4917 1955 4991 6,
2009 4917 2084 4976 14
2130 4914 2279 4995 ss.):

332 4999 558 5066 Nolite
611 5000 841 5084 iugum
896 4999 1132 5064 ducere
1187 5020 1336 5064 cum
1389 4996 1779 5063 infidelibus.
1870 4995 2060 5079 Quae
2106 4998 2281 5062 enim

330 5086 746 5170 participatio
781 5084 1069 5152 iustitiae
1112 5105 1262 5150 cum
1303 5082 1690 5166 iniquitate?
1745 5090 1860 5149 aut
1908 5105 2074 5167 quae
2126 5104 2281 5167 pars

279 5239 283 5246 ,
332 5171 516 5238 fideli
558 5192 710 5238 cum
751 5170 1044 5238 infideli?
1134 5168 1325 5252 Quae
1382 5169 1656 5234 societas
1706 5168 1841 5234 luci
1894 5177 2048 5236 cum
2099 5179 2280 5235 tene-

332 5256 519 5323 bris?
613 5256 802 5338 Quae
858 5255 1203 5324 concordia
1255 5254 1507 5321 Christi
1564 5275 1713 5319 cum
1766 5255 2022 5320 Belial?
2112 5253 2278 5336 Quis

331 5364 534 5428 porro
580 5365 933 5412 consensus
973 5343 1217 5428 templo
1256 5340 1384 5408 Dei
1427 5361 1577 5407 oum
1619 5338 1850 5405 idolis?
1915 5341 2056 5407 Vos
2100 5341 2278 5406 enim

1526 427 1654 492 DE
1696 426 2213 494 FUGOENDIS
2257 428 2741 497 IMPIORUM
2785 430 3137 499 SACRIS.

4217 444 4346 505 250

2392 619 2550 686 estis
2594 621 2913 705 templum
2954 620 3102 700 Dei,
3148 622 3318 688 sicut
3356 623 3515 689 dicit
3557 626 3801 711 (Levit.
3838 630 3939 705 26,
3979 625 4117 710 11):
4165 626 4347 709 Quo-

2392 706 2576 769 niam
2632 705 3012 772 inhabitabo
3056 707 3128 771 in
3172 708 3334 788 illis,
3390 719 3460 774 et
3509 713 3686 778 inter
3739 733 3850 778 eos
3901 712 4342 792 inambulabo,

2395 797 2464 855 et
2505 811 2619 855 ero
2662 790 2928 856 illorum
2973 792 3191 872 Deus,
3247 802 3315 859 et
3362 806 3561 861 erunt
3602 798 3767 864 mihi
3809 799 4105 882 populus.
4193 800 4345 865 Non

2394 875 2543 941 vult
2597 896 2805 959 usque
2862 899 2937 943 eo
2981 877 3393 947 Christianos
3449 883 3530 949 ab
3585 886 3764 949 omni
3821 883 4186 950 infidelium
4228 907 4348 951 ne-

2396 960 2797 1028 cessitudine
2841 964 3212 1044 abhorrere,
3258 974 3334 1031 ut
3375 968 3543 1033 nulli
3586 971 3758 1034 inter
3793 990 3903 1035 eos
3936 971 4349 1036 intercedant

2398 1047 2626 1112 civiles
2656 1057 3074 1144 contractus,
3132 1052 3317 1117 nulla
3358 1056 3778 1132 commercia,
3835 1055 4023 1121 nulla
4065 1056 4347 1140 denique

2397 1133 2734 1215 colloquia.
2823 1135 2996 1198 Nam
3049 1136 3321 1220 alioqui,
3379 1147 3456 1203 ut
3510 1141 3790 1224 ipsemet
3843 1142 3938 1206 ait
3990 1143 4054 1223 (1
4097 1141 4246 1208 Cor.
4286 1148 4345 1221 5,

2404 1220 2532 1300 10),
2572 1218 2953 1284 exeundum
2988 1233 3159 1287 esset
3181 1245 3262 1288 ex
3288 1224 3409 1289 hoc
3439 1226 3712 1291 mundo:
3740 1225 3856 1292 sed
3887 1227 4140 1292 nullam
4169 1228 4348 1293 coire

2398 1304 2779 1370 societatem
2825 1307 3182 1388 permittit,
3240 1331 3403 1391 quae
3450 1310 3684 1377 horum
3736 1312 4073 1378 imitandis
4117 1335 4346 1397 super-

2396 1391 2767 1456 stitionibus
2802 1391 3028 1457 fideles
3067 1392 3340 1459 irretiat.
3404 1397 3570 1462 Post
3601 1398 3856 1464 Iesaiae
3897 1398 4049 1481 (Ies.
4091 1402 4191 1478 52,
4234 1401 4342 1482 11)

2398 1476 2730 1541 subnectit
2782 1478 3259 1544 testimonium:
3314 1481 3595 1564 Propter
3636 1482 3813 1566 quod
3863 1486 4038 1549 exite
4082 1483 4164 1549 de
4204 1506 4344 1550 me-

2397 1560 2504 1627 dio
2547 1583 2792 1638 eorum,
2838 1571 2906 1628 et
2950 1566 3377 1648 separamini,
3424 1567 3581 1633 dicit
3606 1569 3656 1651 ¹)
3699 1568 4057 1649 Dominus,
4113 1580 4181 1636 et
4219 1572 4347 1635 im-

2396 1647 2719 1712 mundum
2763 1669 2848 1713 ne
2888 1651 3255 1734 tetigeritis.
3346 1650 3496 1734 Quo
3539 1674 3675 1718 non
3727 1655 3807 1721 ab
3862 1656 4347 1721 incredulorum

2396 1732 2795 1831 corporibus,
2842 1735 3137 1801 locorum
3174 1738 3408 1821 spatiis
3442 1739 3673 1820 procul
3715 1761 3858 1805 esse
3899 1741 4182 1821 dissitos,
4229 1742 4347 1807 sed

2399 1842 2439 1884 a
2481 1819 2749 1902 pollutis
2793 1839 3023 1886 eorum
3066 1824 3268 1889 sacris
3307 1823 3508 1908 ,longe
3551 1823 3906 1908 diremptos
3956 1848 4099 1892 esse
4140 1828 4344 1893 iubet.

2399 1904 2593 1986 Quod
2614 1925 2774 1969 vero
2805 1907 3163 1990 prophetae
3187 1909 3422 1988 verbis,
3461 1911 3600 1976 sive
3623 1910 3704 1975 de
3733 1932 3870 1990 suo,
3905 1913 4046 1978 sive
4080 1912 4345 1979 aliunde

2398 1992 2686 2055 attexuit
2727 1991 3010 2071 Paulus,
3070 1993 3243 2077 quod
3295 2004 3438 2060 tum
3478 1998 3565 2061 sit
3603 2004 3988 2080 recepturus
4041 2019 4164 2063 nos
4205 1999 4344 2064 Do·

2398 2078 2646 2156 minus,
2693 2080 2760 2140 et
2800 2087 3057 2160 patrem
3100 2080 3288 2146 nobis
3333 2090 3816 2164 praestaturus,
3870 2105 4116 2167 nosque
4157 2086 4345 2169 agni-

2397 2174 2588 2228 turus
2644 2162 2716 2226 in
2768 2163 2938 2229 filios
2982 2174 3048 2228 et
3088 2166 3291 2244 filias,
3335 2167 3531 2232 valde
3574 2168 3927 2252 percellere
3972 2189 4092 2234 nos
4134 2167 4344 2248 debet,

2397 2270 2482 2313 ne
2525 2249 2604 2325 si,
2642 2261 2872 2315 contra
2913 2272 3109 2333 quam
3133 2253 3468 2336 praecipit,
3513 2253 4003 2319 immundorum
4037 2262 4345 2322 attrecta-

2397 2336 2577 2399 tione
2621 2354 2757 2400 non
2797 2355 3068 2417 prorsus
3110 2338 3651 2418 abstinuerimus,
3696 2340 3889 2405 abiioi
3932 2341 4015 2406 ab
4057 2342 4198 2423 ipso
4240 2362 4345 2407 re-

2395 2420 2779 2503 pudiarique
2834 2443 3220 2488 mereamur.
3311 2425 3611 2489 Proximi
3667 2427 4092 2491 offensionem
4143 2447 4347 2509 quum

2397 2506 2560 2571 alias
2621 2527 2847 2591 saepe,
2910 2516 3057 2574 tum
3108 2511 3182 2575 in
3234 2512 3449 2594 priore
3503 2510 3586 2575 ad
3644 2510 4022 2577 Corinthios
4072 2512 4348 2595 epistola

2394 2590 2655 2657 abunde
2703 2602 2976 2671 tractat,
3051 2595 3136 2660 ad
3183 2596 3362 2661 hunc
3408 2594 3674 2661 modum
3723 2600 3789 2681 (1
3831 2596 3982 2663 Cor.
4021 2603 4080 2676 8,
4124 2603 4152 2661 1
4196 2601 4342 2681 ss.):

2395 2678 2500 2742 De
2542 2678 2754 2761 epulis
2799 2700 2964 2762 quae
3006 2681 3198 2747 idolis
3230 2682 3674 2760 immolantur,
3719 2683 3962 2748 scimus
3999 2683 4170 2765 quod
4205 2684 4348 2749 ido-

2394 2763 2533 2828 lum
2576 2763 2746 2828 nihil
2789 2775 2916 2843 est,
2973 2776 3042 2830 et
3094 2768 3265 2849 quod
3321 2767 3541 2831 nullus
3586 2776 3687 2831 est
3728 2766 3857 2833 nisi
3908 2776 4082 2834 unus
4123 2769 4340 2835 Deus:

2393 2870 2552 2914 nam
2595 2852 2858 2915 tametsi
2898 2852 3093 2915 multi
3136 2854 3591 2927 nominantur,
3646 2854 3787 2919 sive
3830 2854 3901 2918 in
3943 2854 4148 2931 coelo,
4204 2856 4345 2920 sive

2394 2936 2465 2998 in
2509 2941 2715 3013 terra,
2763 2934 2881 3013 dii,
2928 2935 3113 3002 nobis
3156 2946 3374 3002 tamen
3420 2960 3595 3004 unus
3638 2938 3823 3004 Deus
3877 2945 4023 3018 [pag.
4067 2942 4170 3017 15]
4227 2961 4341 3022 pa-

2396 3033 2515 3099 ter,
2562 3043 2644 3087 ex
2688 3044 2815 3105 quo
2859 3023 3097 3102 omnia,
3144 3034 3211 3089 et
3244 3044 3366 3089 nos
3408 3024 3475 3109 in
3520 3024 3660 3089 illo:
3709 3032 3776 3090 et
3807 3047 3981 3090 unus
4014 3024 4342 3092 Dominus

2393 3107 2583 3172 Iesus
2622 3107 2947 3187 Christus,
2991 3130 3112 3193 per
3145 3131 3339 3193 quem
3383 3112 3621 3189 omnia,
3669 3120 3737 3175 et
3779 3132 3899 3175 nos
3944 3131 4060 3194 per
4093 3113 4338 3194 ipsum:

2394 3194 2509 3259 sed
2553 3214 2684 3259 non
2728 3202 2831 3258 est
2872 3195 2942 3258 in
2985 3196 3286 3262 omnibus
3330 3197 3621 3262 scientia.
3686 3196 3817 3262 Hic
3862 3198 4063 3261 etiam
4097 3196 4342 3261 ab-an-

2393 3280 2775 3363 ticipatione
2808 3280 3170 3360 exorditur,
3207 3303 3339 3364 qua
3361 3303 3471 3347 eos
3494 3283 3607 3365 qui
3641 3283 3970 3348 interioris
4004 3284 4342 3349 conscien-

2394 3366 2523 3431 tiae
2545 3367 2991 3432 innocentiam
3027 3366 3439 3433 obtendendo
3472 3368 3884 3448 cavillantur,
3921 3368 4161 3434 talibus
4185 3368 4342 3435 sub-

2393 3452 2694 3535 terfugiis
2742 3451 3070 3531 adlisos,
3117 3454 3202 3518 ad
3245 3454 3589 3518 hominum
3631 3453 4006 3538 opinionem
4049 3465 4340 3522 revocat:

2434 3557 2556 3602 uos
2597 3538 2919 3603 factorum
2961 3560 3230 3605 suorum
3274 3546 3477 3605 testes
3521 3539 3681 3604 dum
3726 3537 4042 3605 adhibent
4055 3592 4069 3621 ,
4113 3539 4198 3606 ad
4234 3562 4342 3606 ea—

2437 3644 2542 3687 em
2597 3623 2899 3689 audenda
2948 3625 3248 3708 exemplo
3292 3647 3408 3690 suo
3451 3627 3762 3692 invitant.
3850 3626 4121 3692 Audent
4161 3647 4340 3707 vero,

2391 3729 2528 3774 non
2562 3711 2716 3791 quia
2749 3709 2945 3775 licere
2980 3710 3371 3794 intelligant,
3418 3710 3534 3776 sed
3569 3711 3741 3795 quod
3781 3722 4074 3778 autorem
4112 3712 4341 3778 vident

2392 3816 2590 3878 quem
2632 3795 2998 3860 imitentur:
3044 3797 3307 3862 tametsi
3341 3818 3425 3861 ex
3461 3796 3741 3863 adverso
3778 3799 4161 3876 haesitante,
4205 3799 4339 3863 imo

2392 3881 2794 3947 reclamante
2835 3883 3270 3948 conscientiae
3312 3882 3569 3948 iudicio
3636 3883 3737 3949 Ac
3780 3883 3951 3961 vide,
3996 3904 4194 3965 quam
4237 3904 4340 3948 se-

2393 3988 2547 4033 vere
2592 3967 2716 4032 hac
2758 3988 2893 4031 una
2933 3969 3314 4051 exceptione
3357 3988 3584 4035 omnes
3626 3967 4103 4052 tergiversandi
4145 3989 4340 4035 ansas

2392 4052 2834 4120 circumcidat.
2923 4048 3343 4120 Idololatriae
3412 4077 3444 4119 s
3490 4055 3694 4120 eciem
3744 4053 4074 4137 quandam
4132 4061 4199 4118 et
4251 4056 4340 4120 si-

2393 4139 2818 4204 mulationem
2874 4138 3156 4206 habebat
3207 4140 3320 4206 ille
3378 4077 3488 4205 ati)
3515 4160 3773 4204 sacrum
3814 4138 4138 4205 idolorum
4182 4160 4340 4223 epu-

2391 4224 2534 4289 lum
2577 4226 2929 4291 accubitus.
3019 4226 3511 4293 Accumbebant
3563 4224 3996 4291 nihilominus
4041 4247 4125 4290 ex
4180 4226 4340 4291 fide-

2390 4310 2561 4376 libus
2605 4310 2887 4393 quidam,
2935 4312 3059 4378 hoc
3097 4319 3461 4395 praetextu,
3507 4308 3682 4393 quod
3723 4331 3926 4392 puras
3969 4319 4036 4376 et
4078 4319 4339 4378 sanctas

2389 4397 2519 4463 Dei
2564 4405 2898 4466 creaturas
2956 4397 3252 4476 ederent,
3313 4417 3479 4480 quae
3522 4397 3724 4460 etiam
3766 4397 3824 4461 si
3865 4396 4105 4463 millies
4147 4397 4338 4463 idolis

2389 4490 2611 4548 essent
2653 4492 3084 4560 consecratae,
3129 4483 3562 4548 contaminari
3597 4490 3824 4547 tamen
3859 4483 4176 4568 sacrilega
4209 4484 4337 4548 hu-

2387 4568 2668 4634 iusmodi
2725 4568 3212 4634 consecratione
3269 4589 3402 4632 non
3457 4575 3753 4652 possent:
3815 4569 4337 4653 quandoquidem

2387 4655 2557 4720 nihil
2603 4656 2692 4720 sit
2732 4654 2995 4730 idolum,
3042 4652 3168 4718 nisi
3202 4673 3452 4718 vanum
3480 4653 3893 4720 indoctorum
3926 4657 4333 4739 figmentum.

2385 4741 2678 4806 Futilem
2725 4740 2903 4805 hunc
2945 4748 3363 4822 praetextum
3408 4761 3537 4824 quo
3576 4740 3709 4806 illis
3751 4740 3941 4806 tollat
3983 4740 4333 4823 apostolus,

2385 4827 2567 4892 illam
2613 4826 2891 4890 nimium
2933 4831 3274 4891 versutam
3315 4825 3752 4908 prudentiam,
3798 4846 3926 4910 qua
3959 4826 4336 4909 praeteritis

2384 4913 2830 4997 neglectisque
2859 4909 3175 4975 fratribus
3212 4910 3336 4977 sibi
3347 4911 3692 4978 -duntaxat
3735 4918 4058 4997 saperent,
4105 4912 4336 4979 acerbe

2385 5000 2678 5083 castigat.
2769 4994 3094 5075 Scientia,
3152 4997 3396 5081 inquit,
3451 5000 3668 5078 inflat,
3724 4998 3962 5064 caritas
4017 4997 4332 5065 aedificat.

2385 5083 2461 5151 Si
2520 5084 2667 5168 quis
2718 5091 2938 5149 autem
2995 5084 3329 5150 existimat
3372 5106 3442 5150 se
3486 5087 3651 5151 scire
3707 5083 3950 5167 aliquid
3963 5134 3980 5162 ,
4042 5084 4333 5152 nondum

2524 5358 2583 5423 1)
2624 5357 2778 5414 Edd.
2811 5373 2946 5414 rece.
2981 5359 3112 5414 inde
3146 5376 3184 5414 a
3220 5356 3380 5414 1552:
3416 5358 3563 5413 dixit.
