5100 6061
340 433 464 494 257

331 620 632 686 cietatem
675 618 1101 700 profitendam
1151 616 1432 701 digitum
1472 617 1731 696 tollunt,
1780 618 1891 701 qui
1936 639 2008 683 sc
2052 618 2281 701 quavis

327 705 565 770 missae
589 703 1086 787 participatione
1112 702 1412 787 illigant?
1459 703 1585 767 Est
1610 712 1827 768 tamen
1850 702 2026 769 istud
2052 705 2281 768 etiam-

326 813 489 858 num
528 791 818 867 tertium,
863 788 1034 872 quod
1077 811 1203 872 quo
1239 795 1339 853 est
1370 789 1796 868 manifestius,
1842 809 1918 854 eo
1953 789 2097 872 pios
2141 789 2281 855 ani-

325 898 469 942 mos
504 877 764 941 afficere
798 875 1089 957 pressius
1124 882 1364 957 potest:
1406 894 1640 957 nempe
1674 874 1962 939 nefanda
1998 880 2146 955 [pag.
2173 880 2279 955 22]

324 962 728 1040 idololatria,
785 959 943 1025 dum
1035 963 1176 1025 anis
1221 960 1634 1025 divinitatem
1675 959 1948 1026 induere
1990 963 2081 1025 fin
2133 963 2278 1039 'tur,

325 1069 577 1133 proque
620 1046 766 1112 Deo
811 1048 881 1111 in
927 1068 1003 1111 su
1047 1047 1203 1110 lime
1249 1045 1619 1111 adorandus
1662 1046 1939 1125 tollitur,
1987 1048 2107 1112 sub
2133 1055 2280 1112 atus

329 1134 411 1199 ab
453 1133 759 1199 omnibus
814 1133 1068 1197 6011161.
1152 1131 1341 1213 Quae
1397 1139 1580 1196 tanta
1633 1132 2006 1210 atrocitate,
2063 1140 2280 1197 tanta-

328 1242 454 1303 que
499 1220 888 1302 indignitate
933 1220 1175 1283 referta
1228 1239 1332 1282 res
1376 1226 1502 1295 est,
1550 1224 1627 1281 ut
1669 1218 1813 1296 vix,
1859 1217 1985 1283 nisi
2032 1226 2280 1302 specte-

330 1315 459 1384 tur,
507 1305 683 1371 credi
729 1312 946 1387 queat:
1011 1305 1102 1369 sic
1155 1305 1448 1368 omnium
1492 1302 1694 1368 oculis
1738 1301 2030 1368 subiecta
2080 1311 2277 1386 patet,

329 1400 405 1456 ut
459 1391 869 1475 argumentis
923 1411 1087 1473 01166
1142 1389 1413 1454 minime
1459 1388 1712 1454 habeat.
1781 1388 1914 1453 Pro
1957 1390 2131 1468 Deo,
2177 1390 2279 1454 in-

330 1499 547 1562 quam,
594 1483 981 1554 ostentatur,
1026 1474 1363 1552 adoratur,
1411 1476 1757 1539 invocatur
1799 1475 1987 1557 panis
2025 1483 2298 1540 crustu-‘

326 1564 491 1628 lum:
540 1562 726 1628 Deus
772 1561 1047 1644 denique
1093 1582 1234 1626 esse
1278 1560 1595 1626 creditur:
1651 1559 1821 1642 quod
1866 1560 1946 1624 116
2013 1562 2147 1626 6616
2192 1562 2279 1624 61-

325 1648 644 1714 166166116
700 1648 900 1712 661116
961 1668 1251 1731 6666616
1321 1646 1626 1730 gentibus
1685 1667 2070 1728 persuasum
2137 1648 2279 1711 suit.

327 1735 562 1818 Neque
606 1735 715 1798 hic
749 1734 913 1797 mihi
950 1732 1274 1816 quispiam
1310 1734 1658 1814 obstrepat,
1700 1752 1830 1795 non
1870 1754 2126 1814 panem,
2165 1732 2275 1799 sed

329 1821 679 1888 Christum
724 1818 1008 1896 adorari,
1064 1819 1176 1900 qui
1232 1819 1302 1882 in
1358 1818 1549 1900 panis
1591 1817 1807 1882 locum
1852 1818 2155 1896 subierit,
2197 1840 2279 1883 ex

328 1927 457 1991 quo
511 1906 805 1989 legitimo
864 1905 950 1968 sit
1022 1905 1157 1969 ritu
1234 1909 1663 1968 consecratus.
1756 1901 1952 1983 Quod
2028 1905 2280 1970 etiamsi

327 2000 595 2057 sanctae
639 1989 889 2056 Christi
930 2010 1169 2054 coenae
1212 1990 1564 2055 convenire
1608 1988 1862 2066 demus,
1910 2009 2281 2073 quanquam

327 2077 498 2143 nihil
555 2078 778 2141 minus
841 2073 1279 2153 concedimus,
1340 2075 1423 2139 ad
1482 2075 1750 2139 missam
1794 2082 2015 2139 tamen
2075 2074 2281 2140 nihilo

325 2166 619 2250 pertinet
658 2162 885 2245 magis,
924 2183 1116 2243 quam
1163 2159 1246 2224 ad
1287 2168 1542 2225 veteres
1583 2160 1985 2225 Pontificum
2027 2181 2278 2240 606666,

326 2260 446 2316 aut
489 2248 828 2315 Saliorum
868 2247 1152 2331 epulum.
1223 2244 1304 2310 Id
1347 2245 1609 2330 quidem
1654 2246 1710 2310 si
1749 2246 1924 2309 inter
1966 2266 2087 2311 nos
2122 2267 2279 2311 con-

324 2336 609 2413 veniret,
656 2332 825 2416 quod
865 2341 1037 2398 certo
1081 2340 1379 2397 constare
1425 2329 1753 2409 debuerat,
1799 2329 2164 2395 Dominum
2207 2332 2278 2395 in

323 2422 612 2507 mystica
665 2441 785 2484 sua
841 2437 1043 2484 coena
1084 2439 1319 2501 corpus
1373 2416 1688 2499 praebere
1731 2438 1864 2481 non
1909 2416 2079 2500 quod
2124 2417 2279 2482 ado·

326 2529 573 2584 remus,
620 2503 735 2570 sed
769 2504 942 2587 quod
977 2503 1273 2569 edamus:
1322 2502 1889 2586 praesentiamque
1924 2524 2054 2567 non
2093 2503 2279 2568 illam

324 2592 704 2659 naturalem
724 2642 738 2668 ,
797 2611 994 2673 quam
1048 2590 1187 2655 loco
1238 2589 1352 2653 illo
1407 2590 1731 2654 contineri
1785 2595 2105 2671 oporteat,
2163 2588 2279 2654 sed

326 2678 768 2763 spiritualem,
825 2696 1021 2759 quam
1084 2674 1339 2739 nullum
1394 2674 1521 2740 loci
1579 2674 2031 2753 intervallum,
2097 2674 2280 2739 nulla

329 2765 646 2831 distantia
688 2762 1005 2845 impedire
1048 2761 1269 2844 possit,
1315 2778 1706 2843 proponere:
1754 2767 1896 2838 aut,
1945 2759 2001 2825 si
2043 2761 2276 2839 mavis,

327 2873 467 2916 1106
523 2856 830 2914 66161661
885 2849 982 2912 661
1042 2847 1327 2930 601110116
1381 2854 1792 2928 praesentem
1837 2844 1973 2911 illic
2032 2853 2101 2911 et
2154 2847 2278 2912 611-

328 2936 800 3018 66166611111616
851 2932 1159 2998 exhibere
1175 2984 1192 3012 ,
1248 2931 1361 2997 sed
1419 2932 1773 2997 efficaciam
1828 2938 1894 2996 et
1945 2932 2277 3009 virtutem,

328 3045 417 3089 ne
472 3023 544 3087 in
604 3021 751 3105 ipsa
802 3019 1063 3103 quidem
1114 3040 1316 3085 coena
1376 3017 1484 3083 hic
1539 3017 1883 3101 scrupulus
1947 3016 2276 3084 resideret.

327 3109 588 3174 Verum
631 3107 941 3190 quoniam
983 3104 1273 3171 nondum
1315 3103 1384 3168 id
1428 3103 1653 3169 videre
1706 3104 2008 3169 omnibus
2053 3103 2280 3169 datum

330 3203 451 3270 est,
497 3214 640 3259 rem
687 3192 955 3258 dubiam
997 3212 1073 3256 66
1114 3199 1601 3256 controversam
1643 3211 1760 3274 1110
1805 3190 2097 3256 confessa
2141 3212 2279 3256 cer-

329 3291 533 3364 taque
589 3300 696 3343 me
740 3297 1154 3360 praesumere
1196 3298 1279 3341 ne
1323 3277 1466 3361 quis
1509 3276 1880 3354 cavilletur,
1925 3276 2039 3339 illa
2094 3284 2279 3359 parte

329 3389 468 3432 11011
511 3363 783 3430 16616110.
851 3362 1046 3428 Adsit
1082 3383 1237 3428 sane
1272 3363 1345 3425 in
1379 3382 1497 3427 sua
1536 3382 1738 3425 coena
1781 3382 2087 3444 praesens
2122 3381 2280 3428 vero

331 3473 413 3518 ac
478 3450 768 3516 naturali
823 3469 1091 3532 corpore
1134 3446 1469 3525 Christus,
1524 3446 1823 3512 manibus
1879 3454 2278 3524 attrectetur,

331 3538 643 3603 dentibus
686 3543 1024 3614 atteratur,
1067 3534 1363 3600 faucibus
1407 3531 1826 3616 deglutiatur,
1871 3532 2282 3599 divinitatem

328 3625 467 3690 illic
522 3628 863 3707 praeterea
915 3641 1102 3685 suam
1155 3620 1372 3696 sistat,
1438 3618 1717 3701 qualiter
1770 3618 1838 3681 in
1893 3619 2031 3683 eius
2086 3639 2282 3683 66166

330 3708 653 3775 ineffabili
699 3707 889 3771 modo
933 3707 1282 3782 habitavit,
1339 3725 1536 3788 66616
1578 3705 1680 3768 166
1725 3703 1950 3786 fasque
1995 3704 2082 3768 sit
2126 3701 2281 3768 ado-

330 3796 471 3861 rari
495 3796 801 3877 (quorum
831 3800 1050 3857 tamen
1084 3801 1435 3873 utrumque
1467 3789 1896 3856 vanissimum
1930 3809 2089 3868 esse,
2128 3788 2283 3854 alibi

331 3881 853 3946 demonstratum
889 3876 1145 3944 abunde
1189 3898 1229 3941 a
1271 3876 1458 3941 nobis
1497 3875 1624 3958 est)
1669 3895 1899 3939 verum
1935 3881 2285 3957 utrumque

328 3967 453 4032 ubi
493 3985 871 4031 concessum
907 3957 1146 4041 flierit,‘
1168 3960 1324 4044 quid
1359 3971 1580 4026 tamen
1615 3960 1769 4025 inde
1805 3960 1888 4024 ad
1970 3961 2112 4025 anis
2145 3961 2281 4024 fru-

331 4052 591 4117 stulum
626 4050 986 4126 accesserit,
1029 4057 1220 4113 extra
1254 4047 1506 4113 Christi
1542 4044 1853 4111 coenam?
1984 4067 2071 4110 on
2106 4046 2282 4110 enim

330 4140 396 4204 si
441 4137 767 4202 Dominus
820 4136 954 4200 suis
1009 4133 1337 4212 fidelibus,
1411 4133 1641 4197 mortis
1694 4151 1849 4196 suae
1903 4131 2284 4196 memoriam

328 4225 450 4309 pie
514 4221 904 4301 colentibuS,
974 4243 1208 4305 corpus
1275 4241 1466 4284 suum
1530 4217 1653 4283 sub
1717 4239 1887 4300 pane
1954 4217 2281 4281 edendum

326 4309 628 4395 praebet,
676 4307 978 4389 protinus
1020 4307 1218 4371 etiam
1262 4304 1701 4386 consequitur,
1748 4303 2024 4386 impuris
2068 4304 2283 4386 ipsum

328 4392 719 4462 sacrificulis
769 4392 1239 4456 immolandum
1293 4412 1362 4456 66
1405 4389 1978 4471 mactandumque,
2035 4388 2284 4471 quoties

328 4481 477 4546 illis
527 4479 752 4555 libeat,
810 4477 1093 4543 tradere:
1151 4478 1277 4542 nisi
1336 4477 1500 4541 forte
1557 4483 1811 4539 tantam
1867 4473 2091 4557 putido
2145 4475 2284 4540 oleo

325 4566 603 4633 subesse
658 4563 967 4630 virtutem
1027 4564 1453 4641 arbitramur,
1512 4581 1639 4644 6116
1693 4580 1920 4625 061666
1965 4582 2127 4643 quas
2182 4561 2284 4624 in-

328 4650 604 4716 unxerit
627 4650 675 4734 ¹)
732 4670 995 4728 manus,
1061 4651 1302 4732 peritas
1356 4648 1609 4714 Christi
1677 4645 1997 4711 formandi
2053 4645 2288 4711 reddat

330 4737 651 4802 artifices:
706 4742 824 4799 aut
879 4735 1223 4801 sacrificuli
1275 4734 1644 4812 libidinem,
1702 4731 1997 4797 coelestis
2041 4731 2286 4798 decreti

328 4821 596 4907 pondus
652 4821 892 4886 habere
949 4821 1303 4899 credimus,
1362 4829 1438 4884 ut
1493 4819 1744 4903 quoties
1789 4839 1825 4883 6
1870 4816 2044 4882 60610
2090 4816 2285 4882 Chri-

329 4918 515 4975 stum
559 4905 875 4972 deducere
914 4907 1291 4984 decreverit,
1335 4912 1745 4989 praesentem
1783 4904 1863 4968 ad
1902 4909 2132 4967 nutum
2172 4925 2286 4967 ex-

330 4993 588 5077 templo
622 4992 890 5058 habeat:
929 4999 1045 5058 aut
1078 4991 1328 5056 Christi
1361 4990 1576 5056 verbis
1612 4992 1747 5058 vim
1783 4988 2112 5072 quandam
2145 5009 2285 5053 ma-

330 5081 556 5167 gicam
599 5079 987 5163 affingimus,
1036 5098 1200 5161 quae
1237 5076 1581 5141 articulate
1616 5081 1872 5140 tantum
1909 5075 2285 5140 demurmu-

485 5353 544 5420 1)
586 5352 733 5406 Edd.
769 5369 898 5408 rece.
938 5350 1073 5405 15⁷6
1109 5366 1247 5420 seqq.
1297 5348 1600 5402 inunxerint
1648 5346 1854 5415 (quelle
1891 5364 1924 5402 a
1961 5350 2103 5403 oinct
2139 5347 2250 5416 G.).
2288 5400 2295 5404 ,
2342 5342 2348 5353 ’

560 5436 782 5492 Calvisi
813 5454 994 5506 opera.
1059 5437 1171 5492 Vol.
1220 5436 1279 5490 V.

1528 429 1655 494 DE
1698 427 2213 495 FUGIENDIS
2257 427 2741 497 IMPIORUM
2785 428 3134 496 SACRIS.

4205 433 4329 495 258

2383 626 2544 697 rata,
2591 619 2919 703 energiam
2967 640 3152 684 suam
3197 620 3544 704 explicent.
3612 620 3880 686 Talibus
3925 622 4100 685 enim
4143 619 4332 703 inep-

2383 703 2494 767 tiis
2537 724 2574 767 e
2619 723 2784 786 pane
2829 703 3167 772 Christum
3227 726 3297 770 se
3341 706 3646 786 educere,
3707 707 3893 772 nobis
3937 706 4327 789 persuadere

2384 787 2804 854 contendunt.
2875 794 3021 869 [pag.
3062 795 3169 870 23]
3216 789 3551 875 Quidquid
3593 814 3748 877 ergo
3791 793 3891 856 illi
3936 792 4016 857 de
4059 813 4177 857 sua
4210 813 4326 876 po-

2385 880 2652 951 testate,
2713 876 3130 941 consecrandi
3183 876 3578 956 intentione,
3636 878 3985 943 verborum
4037 899 4328 962 pronun·

2383 959 2661 1025 ciatione
2707 959 2936 1025 stolide
2981 963 3300 1045 garriunt,
3352 963 3575 1028 valere
3621 965 3931 1029 sinamus.
3995 964 4132 1029 Nos
4175 985 4328 1046 1110-

2382 1046 2763 1110 missionem
2848 1068 3003 1111 uam
3045 1048 3205 1112 falso
3249 1048 3526 1127 iactant,
3573 1051 3856 1132 primum
3903 1070 4044 1115 esse
4090 1069 4325 1115 coenae

2383 1132 2743 1214 propriam:
2800 1067 3032 1197 deinde
3089 1134 3343 1216 piorum
3401 1133 3550 1199 fidei
3606 1135 3854 1210 datam,
3911 1156 4044 1199 non
4095 1137 4325 1218 impio-

2380 1238 2531 1281 rum
2573 1216 2858 1282 irrisioni
2901 1218 3159 1282 scimus.
3228 1217 3420 1299 Quod
3465 1221 3520 1284 si
3566 1230 3755 1285 extra
3798 1241 4067 1286 coenam
4111 1221 4328 1287 locum

2381 1301 2640 1366 nullum
2687 1302 2904 1380 habet,
2949 1304 3013 1365 in
3058 1304 3276 1381 missa,
3325 1326 3580 1387 quaese,
3629 1328 3820 1389 666111
3861 1307 4151 1383 1161161111,
4200 1328 4327 1389 666

2384 1388 2554 1452 nihil
2589 1409 2865 1470 usquam
2902 1409 3137 1454 coenae
3171 1389 3379 1472 magis
3414 1391 3761 1457 adversum
3799 1392 3941 1457 est?
4007 1393 4158 1458 Etsi
4192 1413 4326 1455 non

2382 1474 2509 1539 nisi
2554 1473 2677 1556 piis
2721 1474 2804 1537 ad
2849 1473 3148 1538 alendam
3204 1477 3841 1560 confirmandamque
3897 1499 4081 1543 suam
4126 1476 4327 1545 fidem

2383 1561 2717 1643 proposita
2761 1565 2877 1638 est,
2925 1561 3034 1641 661
3078 1561 3268 1624 66166
3311 1560 3558 1627 Christi
3619 1564 3968 1642 oblatione,
4017 1587 4213 1647 quam
4257 1568 4328 1631 in

2385 1666 2577 1711 cruce
2632 1646 2885 1727 peregit
2939 1646 3081 1710 Deo
3126 1648 3328 1729 patri,
3384 1654 3718 1712 aeternum
3777 1652 4211 1716 sanctificatos
4255 1674 4325 1718 se

2384 1731 2687 1795 credunt:
2734 1732 2844 1813 qui
2887 1738 3331 1814 praestaretur
3373 1731 3471 1808 116,
3517 1733 3628 1814 661
3668 1754 3787 1798 666
3831 1734 4038 1818 ipsam
4082 1738 4324 1802 intelli-

2385 1823 2568 1900 gunt,
2615 1823 2683 1880 et
2736 1816 2941 1899 ipsius
2983 1825 3330 1899 praetextu
3386 1817 3468 1882 ad
3524 1818 3925 1883 illudendam
3977 1822 4115 1887 61116
4155 1826 4327 1889 veri·
4387 1890 4390 1893 ,

2384 1910 2589 1967 161616
2654 1901 2965 1967 666161616
3040 1901 3443 1971 abutuntur?
3545 1903 3743 1968 Illum
3820 1906 4021 1989 igitur
4085 1910 4322 1985 Deum,

2386 2007 2578 2071 quem
2616 1987 3012 2053 ludibundus
3050 1988 3347 2054 sacerdos
3384 2009 3905 2072 quaquaversum
3927 1992 4100 2058 circa
4134 2016 4326 2060 suum

2386 2073 2594 2138 altare
2648 2073 2951 2152 ventilat,
2995 2095 3126 2139 non
3175 2096 3211 2138 6
3255 2075 3459 2153 60610,
3506 2082 3582 2139 ut
3624 2075 3799 2142 credi
3844 2076 4104 2153 volunt,
4149 2081 4326 2147 elici-

2384 2165 2557 2223 tum:
2605 2159 2717 2223 sed
2761 2159 2959 2223 talem
2984 2180 3145 2239 esse,
3194 2160 3405 2243 qualis
3451 2182 3487 2225 e
3532 2161 3812 2244 pistrino
3848 2163 3936 2227 sit
3976 2173 4323 2247 extractus,

2383 2244 2601 2328 palam
2645 2252 2760 2310 est.
2833 2245 3005 2311 Nam
3046 2247 3549 2328 promissionem
3593 2269 3759 2329 quae
3799 2247 4046 2314 Christi
4093 2271 4326 2335 corpus

2384 2328 2503 2395 sub
2546 2332 2738 2412 panis
2762 2329 3056 2415 symbolo
3086 2330 3385 2397 fidelibus
3421 2334 3707 2416 praebet,
3753 2355 3884 2398 non
3930 2334 4013 2399 ad
4049 2357 4157 2401 eos
4191 2359 4329 2403 166-

2385 2416 2502 2499 gis,
2550 2436 2748 2497 quam
2791 2416 2872 2481 ad
2916 2417 3230 2499 pecudes:
3275 2439 3396 2483 nec
3441 2417 3524 2482 ad
3569 2420 3799 2484 missas
3842 2422 4083 2504 magis,
4131 2444 4330 2505 quam

2384 2500 2465 2566 ad
2511 2501 2932 2567 bacchanalia
2976 2510 3091 2567 aut
3134 2504 3500 2570 Turcarum
3546 2503 3822 2587 prandia
3865 2514 4178 2588 spectare,
4223 2510 4329 2573 ni-

2385 2586 2476 2651 hil
2523 2594 2622 2650 est
2674 2586 2808 2651 iam
2863 2589 3343 2673 ambigendum.
3423 2589 3644 2671 Quid?
3705 2591 4123 2658 histrionicae
4178 2594 4330 2660 illae

2384 2672 2940 2757 gesticulationes,
2987 2675 3082 2739 ita
3132 2676 3474 2741 indecorae
3527 2696 3797 2759 prorsus
3856 2684 3923 2742 et
3978 2678 4330 2746 immodes-

2384 2767 2528 2838 tae,
2574 2766 2651 2823 ut
2693 2780 2732 2823 a
2776 2760 2955 2824 sanis
3011 2761 3369 2844 sobriisque
3422 2761 3793 2827 hominibus
3836 2762 4152 2846 proficisci
4197 2787 4328 2831 non

2370 2844 2685 2929 debeant,
2729 2844 2886 2908 dum
2928 2845 2998 2909 in
3044 2845 3381 2912 Christum
3427 2848 3872 2927 conferuntur,
3916 2858 4329 2916 sacrosancto

2383 2931 2524 2995 eius
2577 2930 2824 2994 nomini
2869 2929 3262 2996 videnturne
3320 2933 3439 2998 tibi
3503 2932 3737 2997 leviter
3781 2935 4327 3001 contumeliosae?

2386 3016 2448 3081 A
2504 3015 2909 3082 morionibus
2962 3017 3128 3082 forte
3186 3017 3342 3084 talia
3384 3018 3644 3084 tolerari
3700 3018 3952 3085 ludicra
4006 3028 4326 3104 poterant.

2384 3101 2746 3166 Dominum
2788 3124 2945 3169 vero
2988 3103 3119 3169 illis
3154 3104 3438 3184 inscribi,
3476 3113 3552 3170 ut
3591 3106 3879 3189 graviter
3911 3106 4052 3172 eius
4088 3109 4329 3172 sancti-

2386 3187 2510 3252 tati
2553 3188 2869 3253 iniurium
2911 3197 3027 3268 est,
3072 3189 3167 3254 ita
3206 3190 3678 3275 indignissime,
3725 3197 3841 3255 aut
3875 3190 4076 3276 (quod
4109 3195 4330 3260 verius

2386 3273 2696 3358 dixerim)
2741 3274 2924 3340 nullo
2977 3275 3171 3340 modo
3225 3275 3409 3342 nobis
3454 3284 3554 3341 est
3594 3276 3955 3342 ferendum.
4020 3279 4334 3344 Praeser-

2386 3361 2507 3423 tim
2550 3381 2758 3442 quum
2797 3380 2871 3424 eo
2916 3368 3094 3427 recta
3136 3362 3406 3428 tendere
3450 3363 3805 3441 videamus,
3851 3372 3929 3427 ut
3962 3365 4331 3430 institutam

2388 3445 2704 3509 divinitus
2762 3447 3120 3528 spiritualis
3165 3467 3405 3514 coenae
3449 3452 3921 3515 caeremoniam
3939 3501 3953 3529 ,
4009 3450 4335 3534 sepultam

2384 3530 2892 3613 subversamque
2934 3534 3194 3614 penitus
3248 3535 3688 3619 exstinguant.
3757 3535 4081 3619 Agedum,
4128 3537 4210 3601 ad
4248 3537 4335 3601 si-

2386 3614 2765 3680 mulandam
2822 3617 3057 3682 missae
3100 3618 3476 3703 religionem
3495 3673 3510 3700 ,
3571 3642 3700 3704 qua
3742 3623 4139 3688 conscientia
4182 3645 4330 3707 1161-

2389 3701 2658 3786 agendis
2704 3702 2845 3766 6166
2887 3704 3221 3787 mysteriis
3263 3706 3544 3783 intersis,
3591 3726 3848 3771 meeum
3892 3729 4068 3773 nunc
4109 3729 4335 3792 recog-

2386 3808 2597 3853 nosce.
2674 3787 2899 3852 Primo
2954 3790 3176 3853 statim
3230 3791 3300 3855 16
3383 3813 3532 3856 66611
3591 3813 3731 3857 6666
3787 3794 3856 3855 16
3917 3800 4335 3875 606611661616

2385 3873 2587 3937 infert
2631 3871 2854 3951 altare,
2899 3895 3133 3956 parum
3177 3813 3382 3940 mugi·
3383 3876 3650 3960 quidem
3695 3900 3734 3941 a
3773 3898 4038 3942 mensae
4074 3898 4337 3961 compo·-

2387 3958 2620 4024 sitione
2664 3956 2994 4038 differens,
3041 3959 3154 4024 sed
3199 3962 3367 4044 quod
3412 3963 3555 4046 ipsa
3588 3969 3808 4028 tamen
3853 3964 4335 4047 nuncupatione

2388 4043 2814 4109 sacrificando
2870 4065 2941 4109 se
2998 4044 3401 4111 destinatum
3455 4049 3706 4113 clamet.
3785 4048 3928 4112 Iam
3985 4047 4109 4112 boc
4161 4056 4336 4115 certe

2388 4129 2598 4195 solum
2645 4128 3052 4212 blasphemia
3087 4153 3221 4197 non
3261 4141 3455 4199 caret.
3522 4133 3728 4197 Vides
3763 4133 4195 4214 prodeuntem
4233 4156 4337 4200 sa-

2388 4216 2711 4294 crificum,
2771 4216 2884 4298 qui
2937 4223 3213 4300 quatuor
3266 4218 3615 4301 digitorum
3672 4218 3981 4284 unctione
4034 4220 4337 4303 pacifica-

2386 4308 2597 4365 torem
2642 4323 2712 4366 se
2768 4302 2947 4368 inter
2991 4304 3207 4369 Deum
3252 4312 3318 4369 et
3362 4304 3656 4369 homines
3713 4305 4142 4370 constitutum
4199 4307 4336 4390 glo-

2388 4388 2621 4451 rietur:
2662 4387 2773 4470 qui
2809 4387 3060 4455 Christi
3094 4390 3604 4473 promissionem,
3642 4411 3770 4472 qua
3803 4411 4037 4474 corpus
4082 4398 4148 4456 et
4182 4414 4333 4458 666-

2388 4474 2654 4557 guinem
2698 4495 2891 4538 suum
2936 4476 3054 4541 sub
3097 4476 3287 4559 panis
3324 4483 3392 4540 et
3426 4477 3563 4540 vini
3608 4476 3919 4561 symbolis
3956 4479 4160 4544 servis
4197 4479 4330 4543 suis

2389 4558 2715 4623 edendum
2768 4558 3247 4644 bibendumque
3302 4563 3633 4645 proponit,
3688 4570 3981 4645 ereptam
4039 4564 4329 4628 fidelium

2389 4644 2712 4723 ecclesiae,
2761 4653 2953 4728 atque
2997 4647 3076 4711 ab
3119 4646 3263 4729 ipsa
3306 4669 3504 4714 coena
3546 4648 3902 4731 abreptam,
3947 4648 4067 4714 sibi
4104 4649 4332 4715 simili-

2387 4730 2636 4814 busque
2681 4731 2780 4795 sui
2824 4733 3232 4797 carnificibus
3275 4733 3604 4800 vendicat:
3652 4735 3764 4816 qui
3808 4734 4149 4801 coelestem
4187 4736 4328 4799 cius

2389 4838 2651 4882 coenam
2698 4817 2932 4881 11116666
2975 4819 3268 4898 nomine,
3321 4820 3393 4883 in
3429 4842 3556 4902 qua
3599 4827 3736 4885 tota
3791 4821 3933 4903 ipsa
3976 4820 4331 4884 invertitur

2390 4924 2464 4969 ac
2504 4902 2919 4982 deformatur,
2955 4904 3322 4969 inhonorat.
3386 4905 3629 4971 Adstat
3662 4906 3954 4990 populus,
3993 4905 4160 4969 nihil
4196 4926 4328 4969 non

2390 5009 2614 5052 eorum
2673 4986 2971 5053 divinum
3015 5011 3155 5054 esse
3197 5012 3574 5072 persuasus:
3632 4992 3737 5057 cui
3781 4991 4170 5073 permixtus,
4219 5010 4329 5055 ea·

2390 5073 2537 5138 dem
2583 5081 2646 5137 te
2671 5075 2720 5156 ¹)
2781 5075 2988 5139 teneri
3045 5075 3357 5160 religione
3425 5078 3711 5143 simulas.
3789 5076 3920 5142 Ubi
3973 5074 4055 5140 ad
4121 5076 4336 5142 altare

2526 5347 2584 5412 1)
2621 5352 2675 5400 te
2712 5348 2962 5403 omittunt
2997 5364 3178 5405 omnes
3208 5357 3425 5419 praeter
3458 5350 3537 5404 ed.
3567 5350 3918 5487 principm.7

3852 5435 3878 5487 1
