5100 6061
755 407 877 468 33⁴.)

755 615 872 675 per
915 591 1134 656 omnia
1179 589 1412 656 similis
1460 588 1674 666 nobis,
1731 593 2002 669 excepto
2048 585 2370 649 duntaxat
2411 591 2696 667 peccato,

800 679 870 742 ui
912 678 1150 742 nostris
1193 673 1687 755 infirmitatibus
1731 678 2020 737 tentatus
2054 671 2213 753 ipsis
2248 668 2701 736 condolescere

825 774 1050 830 sceret.
1140 762 1328 828 Idem
1380 774 1596 825 tamen
1652 757 1935 823 mirabili
1990 757 2306 839 nobisque
2362 757 2700 822 inenarra-

759 849 870 914 bili
927 850 1194 932 spiritus
1254 848 1460 914 sancti
1505 847 1746 911 virtute
1804 845 1872 908 in
1928 843 2136 925 ipsius
2180 842 2458 926 virginis
2511 853 2700 906 utero

758 944 1108 1019 conceptus
1152 935 1301 1013 fuit,
1360 955 1442 997 ne
1485 953 1612 1014 qua
1656 929 1902 995 carnali
1946 929 2356 1011 corruptione
2398 929 2699 1010 inquina-

757 1029 884 1101 tus,
931 1020 1044 1086 sed
1087 1040 1341 1087 summa
1383 1019 1662 1102 puritate
1708 1016 2147 1080 sanctificatus
2193 1022 2589 1080 nasceretur.

758 1200 1078 1280 Passus
1173 1198 1328 1278 sub
1417 1194 1727 1276 Pontio
1803 1192 2129 1297 Pilato,
2225 1191 2700 1295 crucifixuS,

759 1331 1142 1398 mortuus
1218 1331 1306 1395 et
1379 1315 1767 1426 sepultus
1858 1312 2294 1394 descendit
2384 1313 2489 1392 ad
2574 1312 2701 1392 in-

1605 1437 1852 1516 feros,

927 1587 1053 1652 His
1090 1585 1307 1651 verbis
1346 1582 1669 1662 docemur,
1715 1582 2037 1665 quomodo
2075 1589 2368 1646 nostram
2404 1578 2703 1662 redemp-

754 1674 1020 1750 tionem,
1064 1673 1247 1736 cuius
1291 1692 1488 1735 causa
1531 1679 1725 1734 natus
1771 1670 1966 1733 homo
2011 1668 2304 1732 mortalis
2349 1678 2507 1743 erat,
2555 1687 2702 1748 per-

758 1761 982 1843 egerit.
1058 1758 1230 1821 Nam
1275 1759 1427 1838 quia
1482 1755 1771 1820 hominis
1826 1752 2269 1818 inobedientia
2312 1760 2703 1835 provocatus

756 1854 896 1910 erat
939 1843 1022 1908 ad
1066 1844 1234 1907 iram
1278 1842 1481 1920 DeuS,
1529 1862 1670 1906 eam
1711 1843 1848 1923 ipse
1886 1862 2004 1905 sua
2038 1838 2406 1904 obedientia
2441 1837 2701 1915 delevit,
2756 1867 2759 1882 ·

754 1931 926 2015 patri
950 1951 1020 1995 se
1043 1928 1451 1993 obedientem
1476 1927 1809 2010 praebens,
1841 1948 2047 2008 usque
2071 1925 2151 1989 ad
2176 1934 2453 1989 mortem
2479 1925 2700 2006 (Rom.

759 2023 817 2092 6,
862 2021 935 2078 12
975 2037 1089 2093 ss.;
1127 2013 1300 2079 Phil.
1341 2018 1397 2091 2,
1438 2015 1526 2096 8).
1619 2015 1714 2077 Ac
1760 2021 1968 2077 morte
2008 2009 2266 2094 quidem
2314 2033 2432 2076 sua
2475 2011 2546 2073 in
2599 2032 2704 2074 sa-

755 2103 1073 2167 crificium
1116 2121 1187 2164 se
1232 2100 1402 2182 patri
1450 2099 1717 2172 obtulit,
1774 2119 1899 2180 quo
1947 2098 2155 2181 ipsius
2209 2097 2460 2162 iustitia
2502 2096 2704 2160 semel

755 2191 821 2253 in
869 2208 1060 2252 omne
1107 2196 1364 2267 tempus
1409 2185 1811 2267 placaretur,
1861 2205 1986 2266 quo
2031 2195 2367 2248 aeternum
2414 2182 2703 2247 sanctifi-

757 2283 1069 2338 carentur
1124 2269 1376 2348 fideles,
1432 2292 1559 2352 quo
1616 2280 1882 2335 aeterna
1922 2270 2275 2335 satisfactio
2320 2268 2705 2350 impleretur

760 2360 991 2442 (Hebr.
1034 2361 1089 2435 7,
1128 2365 1165 2420 9
1205 2361 1305 2439 s.).
1397 2355 1678 2421 Sacrum
1736 2378 1931 2420 suum
1984 2357 2365 2439 sanguinem
2425 2356 2494 2417 in
2555 2376 2701 2436 pre-

759 2447 924 2508 tium
971 2443 1431 2524 redemptionis
1477 2442 1726 2520 effudit,
1775 2464 1900 2524 quo
1946 2454 2014 2506 et
2056 2443 2184 2505 Dei
2228 2441 2408 2505 furor
2452 2442 2703 2505 exstin-

758 2541 1097 2614 gueretur,
1170 2527 1517 2593 adversum
1575 2551 1692 2593 nos
1764 2547 2102 2600 accensus,
2174 2539 2240 2590 et
2295 2534 2523 2591 nostra
2575 2526 2703 2589 ini-

758 2617 973 2698 quitas
1029 2624 1439 2698 purgaretur.
1528 2612 1663 2679 Sed
1717 2613 1883 2678 nihil
1940 2627 2041 2679 est
2091 2615 2157 2678 in
2213 2613 2358 2695 ipsa
2400 2610 2702 2695 redemp-

759 2703 937 2765 tione
980 2701 1148 2783 quod
1194 2701 1505 2784 mysterio
1551 2713 1788 2764 careat.
1881 2699 2128 2765 Passus
2171 2704 2259 2763 est
2285 2699 2333 2780 ¹)
2377 2699 2492 2763 sub
2539 2697 2704 2763 Pori-

756 2790 842 2853 tio
892 2786 1118 2862 Pilato,
1164 2787 1398 2851 iudicis
1441 2787 1670 2850 seilicet
1708 2788 2007 2851 seutemia
2048 2787 2401 2862 damnatus,
2434 2805 2560 2864 pro
2598 2805 2704 2848 uo-

757 2878 921 2937 cente
963 2879 1014 2935 et
1057 2873 1348 2952 malefico,
1394 2878 1462 2935 ut
1507 2874 1679 2954 apud
1717 2874 1948 2937 summi
1992 2873 2224 2936 iudicis
2257 2870 2534 2934 tribunal
2569 2872 2703 2934 eius

757 2960 1151 3023 damnatione
1186 2959 1656 3024 absolveremur.
1751 2958 2138 3040 Ortwifiscus,
2184 2964 2330 3037 [pag.
2372 2962 2479 3035 27]
2523 2961 2593 3019 ut
2637 2958 2705 3018 iu

757 3068 950 3121 cruce,
990 3068 1145 3126 quae
1183 3045 1307 3111 Dei
1341 3047 1466 3128 leye
1501 3046 1825 3110 maledicta
1859 3051 2008 3123 erat,
2041 3044 2529 3108 maledictionem
2564 3064 2703 3106 nos-

757 3138 920 3195 tram
940 3134 1285 3209 sustineret,
1320 3152 1508 3211 quam
1521 3137 1772 3212 peccata
1809 3138 2022 3195 nostra
2057 3128 2447 3193 merebantur
2469 3127 2698 3209 (Dent.
2753 3134 2758 3231 Ῑ

761 3221 859 3295 21,
900 3222 1010 3295 23;
1049 3218 1197 3282 Gal.
1240 3222 1296 3295 3,
1343 3224 1466 3291 10).
1558 3218 1878 3291 Mortuus,
1937 3222 2005 3279 ut
2042 3221 2232 3279 morte
2281 3235 2401 3277 sua
2447 3221 2703 3277 mortem

763 3304 1043 3380 vinceret,
1088 3325 1249 3384 quae
1293 3304 1465 3367 nobis
1509 3301 1868 3366 imminebat
1910 3302 2142 3383 (Hebr.
2184 3305 2240 3377 2,
2288 3304 2423 3382 14).·
2481 3300 2703 3365 acab-

757 3390 1035 3467 sorberet,
1076 3410 1119 3452 a
1162 3410 1288 3469 qua
1329 3409 1583 3453 eramus
1623 3388 2000 3452 absorbendi.
2072 3387 2381 3467 Sepultus,
2418 3391 2486 3450 ut
2528 3386 2703 3450 illius

758 3486 1117 3551 consortes,
1181 3475 1465 3538 efficacia
1519 3475 1749 3538 mortis
1802 3474 1970 3549 cius,
2027 3478 2272 3554 peccato
2325 3473 2705 3552 sepeliamur

760 3561 981 3642 (Rom.
1024 3564 1081 3639 G,
1122 3562 1206 3641 3),
1238 3582 1280 3623 a
1311 3559 1545 3623 diaboli
1573 3567 1627 3624 et
1658 3560 1875 3624 mortis
1908 3561 2170 3639 imperio
2204 3559 2463 3623 liberati.
2530 3559 2703 3638 Quod

760 3647 844 3710 ad
887 3648 1120 3726 inferos
1157 3646 1542 3710 descendisse
1587 3646 1843 3722 dicitur,
1889 3647 1958 3710 id
2000 3647 2309 3728 siqnificat
2353 3667 2392 3706 a
2429 3645 2563 3710 Deo
2607 3644 2705 3725 af-

751 3734 993 3811 flictum
1030 3734 1259 3813 tuisse,
1306 3752 1378 3793 ae
1421 3732 1626 3795 div-ini
1671 3732 1898 3796 iudicii
1940 3739 2254 3797 horrorem
2297 3732 2705 3795 severitatem-
2808 3766 2892 3829 ad
2925 3766 3502 3830 eomunvmationem
3536 3765 3771 3828 saeculi
3809 3765 4077 3848 (Matth
4110 3770 4209 3842 23,
4238 3767 4367 3840 20).

757 3840 872 3899 que
915 3820 1198 3893 sensisse,
1245 3824 1313 3882 ut
1355 3819 1492 3880 irae
1527 3818 1652 3881 Dei
1697 3819 2103 3896 intercederet,
2150 3820 2415 3899 eiusque
2459 3817 2704 3879 severi—

761 3905 876 3966 tati
923 3910 1125 3967 nostro
1168 3905 1411 3968 nomine
1449 3905 1846 3986 satisfaceret.
1923 3903 2028 3968 Ita
2070 3904 2307 3967 debitas
2349 3904 2587 3967 solvens
2630 3923 2705 3966 ac

763 3991 938 4053 licens
969 4011 1223 4070 poenas,
1275 4010 1392 4053 non
1438 4011 1619 4067 suae,
1664 4010 1823 4070 quae
1863 3990 2042 4055 nulla
2087 4009 2366 4070 unquam
2404 3989 2552 4071 fuit,
2596 3989 2704 4053 sed

764 4080 1004 4140 nostrae
1046 4076 1386 4156 iniquitati.
1458 4076 1605 4140 Non
1641 4076 1804 4157 quod
1836 4081 2024 4156 pater
2059 4076 2158 4140 illi
2198 4076 2390 4157 fuerit
2421 4095 2705 4154 unquam

761 4164 968 4224 iratus
1023 4163 1343 4241 (quomodo
1398 4163 1560 4225 (mim
1605 4162 1816 4226 dilecto
1877 4162 2037 4242 filie,
2099 4164 2168 4225 iu
2224 4181 2341 4242 quo
2383 4160 2705 4242 complaci-

760 4253 888 4309 tum
933 4247 1029 4311 illi
1073 4253 1176 4321 est,
1222 4248 1597 4312 irasceretur
1612 4247 1647 4311 ,2
1692 4254 1807 4312 aut
1848 4250 1984 4311 eius
2027 4249 2454 4311 intercessione
2485 4246 2705 4326 placa-

759 4337 949 4405 retur,
995 4335 1098 4396 cui
1141 4334 1425 4413 infensus
1465 4335 1697 4414 forest)
1742 4336 1854 4398 sed
1897 4322 2004 4399 hoc'
2044 4354 2232 4398 seusu
2276 4333 2510 4395 dicitur
2545 4333 2705 4395 divi·

759 4440 877 4481 nae
921 4420 1266 4481 severitatis
1304 4420 1674 4500 {pravitatem
1729 4420 2128 4497 sustinuisse,
2174 4419 2468 4499 quoniam
2510 4439 2707 4480 manu

762 4502 889 4568 Dei
911 4524 1256 4583 percussus
1290 4509 1344 4568 et
1378 4507 1664 4585 afflictus,
1706 4507 1917 4569 omnia
1951 4507 2104 4569 irati
2140 4510 2192 4568 et
2217 4504 2544 4593 punientis
2579 4502 2707 4567 Dei

701 4654 708 4661 ,
761 4591 946 4671 siqua
991 4594 1279 4671 arpertus
1323 4595 1441 4653 est:
1495 4598 1562 4652 ut
1601 4598 1844 4656 coactus
1885 4593 2077 4674 fuerit
2118 4594 2368 4673 uryente
2411 4591 2707 4671 anqustia

733 4675 1124 4753 'exclamare
1173 4678 1349 4739 Deus
1391 4696 1589 4753 meus,
1639 4677 1813 4742 Deus
1856 4697 2046 4753 meus,
2092 4684 2160 4741 ut
2204 4677 2359 4758 quid
2402 4696 2497 4738 me
2538 4675 2707 4739 dere-

761 4761 1010 4841 liquisti
1054 4760 1320 4841 (Matth.
1363 4764 1461 4834 27,
1501 4764 1662 4843 410?

904 5052 961 5115 1)
1006 5051 1087 5119 Cf.
1126 5052 1202 5105 ad
1235 5053 1284 5106 h.
1323 5052 1354 5105 l.
1395 5050 1576 5105 Instit.
1608 5068 1667 5119 p.
1703 5052 1805 5104 130
1843 5068 1944 5121 seq.

2405 344 3098 462 oArEomsifflss

4548 487 4549 496 ἵ
4626 397 4738 457 340

2806 585 3314 668 Resurrexit
3376 617 3425 669 a
3484 586 3882 690 mortuis,
3963 586 4341 668 ascendit
4413 585 4497 667 in
4562 615 4739 668 coe-

2806 707 3024 813 lum,
3119 707 3361 788 sedet
3404 747 3421 758 .
3454 707 3561 788 ad
3640 708 4076 788 dexteram
4156 705 4461 817 patriS,
4555 705 4739 788 inde

2805 822 3216 909 venturus
3295 827 3403 908 ad
3479 826 4012 909 iudicandum
4078 827 4313 908 vivos
4377 838 4466 907 et
4528 856 4741 909 mor-

3642 960 3883 1030 ‘tuos

2977 1095 3085 1160 Ex
3129 1096 3267 1160 eius
3312 1096 3786 1161 resurrectione
3819 1105 4067 1162 certam
4102 1096 4412 1162 victoriae
4447 1096 4746 1161 fiduciam

2807 1181 3114 1264 colligere
3171 1181 3322 1246 licet
3340 1233 3354 1259 ,
3411 1181 3490 1246 de
3534 1183 3764 1247 mortis
3807 1182 4082 1266 imperio
4125 1181 4497 1247 obtinendo,
4584 1182 4746 1246 Nam

2808 1275 2881 1332 ut
2934 1268 3076 1332 eius
3133 1267 3459 1332 doloribus
3514 1269 3652 1351 ipso
3706 1268 3986 1334 detineri
4037 1288 4167 1333 non
4212 1269 4422 1350 potuit
4474 1269 4650 1352 (Act.
4691 1272 4742 1345 2,

2809 1355 2939 1435 24),
3008 1351 3123 1417 sed
3199 1354 3466 1418 emersit
3540 1374 3737 1437 supra
3800 1375 4061 1421 omnem
4128 1355 4269 1419 eius
4334 1362 4742 1436 potestatem:

2810 1444 2955 1519 [pag.
2995 1444 3099 1518 28]
3154 1440 3247 1504 ita
3303 1460 3532 1504 omnes
3584 1441 3725 1506 eius
3770 1441 4027 1506 aculeos
4070 1443 4164 1506 sic
4207 1439 4455 1504 retudit
4497 1462 4582 1505 ne
4624 1441 4745 1505 iam

2808 1524 2889 1589 ad
2940 1526 3214 1589 exitium
3250 1529 3551 1610 ‘pungere
3595 1547 3713 1591 nos
3755 1523 4016 1608 queant.
4105 1526 4232 1591 Est
4273 1547 4429 1610 ergo
4472 1527 4611 1591 eius
4653 1548 4747 1590 re-

2809 1612 3151 1688 surrectio,
3211 1612 3497 1694 primum
3553 1613 3919 1678 certissima
3964 1614 4204 1678 veritas
4259 1621 4325 1676 et
4378 1611 4744 1696 hypostasis

2810 1705 3071 1761 nostrae
3107 1698 3604 1762 resurrectionis
3639 1698 3793 1762 olim
3830 1699 4126 1764 futurae:
4176 1697 4409 1763 deinde
4443 1719 4743 1782 praesen-

2808 1783 2892 1848 tis
2929 1804 3180 1866 quoque
3216 1784 3690 1851 vivificationis.
3730 1806 3858 1868 qua
3891 1788 3960 1848 in
3999 1785 4175 1849 vitae
4210 1786 4573 1849 novitatem
4611 1806 4742 1849 sus·

2809 1869 3086 1934 citamur
3144 1870 3362 1952 (Rom.
3406 1875 3460 1948 (ὶ,
3502 1875 3540 1932 8
3579 1872 3712 1953 ss.).
3805 1869 3942 1936 Suo
3995 1874 4066 1935 in
4126 1871 4373 1936 coelum
4422 1873 4742 1952 ascensu¹)

2809 1951 3051 2020 aditum
3085 1957 3260 2039 requi
3296 1956 3607 2034 coelorum,
3653 1959 3762 2038 qui
3807 1959 3873 2020 ire
3914 1959 4129 2022 Adam
4172 1957 4458 2021 omuibus
4498 1957 4747 2022 clausus

2808 2047 2970 2120 erat,
3016 2042 3192 2106 nobis
3232 2043 3513 2122 aperuit.-
3556 2043 3864 2124 siquidem
3906 2044 4139 2109 coelum
4185 2045 4251 2107 iu
4292 2063 4477 2107 carue
4520 2048 4746 2120 nostra,

2807 2129 2992 2207 quasi
3036 2133 3237 2191 nostro
3282 2129 3525 2192 nomine
3568 2130 3889 2212 inqressus
3931 2136 4035 2209 est,
4078 2135 4149 2193 ut
4183 2130 4313 2193 iam
4357 2129 4427 2192 in
4471 2130 4608 2212 ipso
4632 2149 4748 2209 per

2807 2234 2981 2296 spem
3021 2214 3256 2279 coelum
3290 2213 3745 2295 possideamus,
3790 2216 4057 2298 adeoque
4100 2216 4259 2279 iuter
4291 2215 4570 2280 coelestes
4611 2234 4747 2296 quo-

2808 2299 3132 2364 dammodo
3188 2301 3512 2364 sedeamus
3567 2301 3837 2384 (EpheS.
3894 2305 3949 2378 2,
4005 2301 4091 2384 6).
4179 2301 4408 2383 Neque
4463 2299 4598 2365 illic
4653 2310 4749 2364 est

2808 2385 2951 2448 sine
3009 2407 3263 2450 summo
3318 2397 3538 2451 nostro
3592 2388 3789 2464 boun,
3846 2388 4004 2470 quin
4057 2388 4272 2469 potius
4328 2408 4446 2469 pro
4503 2385 4751 2450 aeterni

2808 2471 3151 2535 sacerdotii
3196 2473 3406 2536 officio
3456 2474 3906 2538 sanctuarium
3951 2474 4081 2537 Dei
4125 2493 4260 2537 non
4306 2473 4750 2537 manufactum

2806 2558 3161 2640 ingressus,
3212 2578 3330 2639 pro
3378 2558 3561 2623 nobis
3605 2569 3957 2642 perpetuus
4002 2558 4355 2624 advocatus
4397 2567 4465 2623 et
4507 2558 4750 2623 media-

2807 2653 2912 2707 tor
2955 2643 3299 2708 intercedit
3357 2643 3589 2727 (Hebr.
3630 2654 3686 2723 9,
3734 2647 3858 2726 ll).
3949 2643 4143 2726 Quod
4200 2653 4414 2709 autom
4469 2645 4682 2709 sedere
4699 2644 4751 2724 ²)

2808 2730 2892 2793 ad
2937 2731 3153 2811 patris
3206 2730 3522 2795 dexteram
3588 2728 3851 2808 dicitur,
3909 2733 4303 2814 siquificatur
4360 2733 4748 2795 coustitutum

2807 2836 2881 2879 ac
2933 2817 3321 2880 declaratum
3384 2837 3611 2898 nvem,
3688 2817 3996 2903 arbitrum
4059 2839 4133 2882 ac
4189 2818 4505 2882 domiuum
4566 2836 4752 2898 super

2808 2904 3032 2980 omnia,
3078 2922 3203 2983 quo
3248 2922 3365 2966 nos
3409 2923 3527 2966 sua
3563 2902 3809 2967 virtute
3854 2915 4195 2969 conservet
4237 2925 4310 2967 ac
4352 2902 4748 2967 moderetur:

2809 2996 2883 3051 ut
2926 3010 3202 3072 regnum
3248 2988 3387 3053 eius
3430 2997 3496 3053 et
3539 2988 3747 3073 gloria
3792 2999 4091 3054 nostrum
4136 2989 4223 3055 sit
4265 2988 4494 3068 robur,
4544 2988 4751 3054 virtus

2808 3085 2875 3138 et
2919 3076 3233 3140 adversus
3281 3076 3521 3139 inferos
3558 3076 3886 3159 gloriatio:
3933 3075 4169 3140 deinde
4215 3096 4440 3139 omnes
4487 3076 4752 3158 spiritus

2808 3163 3014 3226 sancti
3072 3164 3316 3245 gratias
3371 3162 3438 3223 in
3494 3158 4041 3243 dispensationem
4104 3164 4453 3244 accepisse,
4518 3162 4773 3244 quibus¹

2752 3266 2757 3327 ι
2807 3247 3032 3313 fideles
3054 3268 3209 3312 suos
3234 3247 3664 3329 locupletaret
3701 3248 3970 3332 (Ephes.
4010 3258 4056 3324 Ι,
4085 3250 4170 3331 3).
4237 3248 4460 3328 Itaque
4474 3250 4532 3331 ⁸)
4558 3268 4752 3329 quau—

2754 3332 2757 3347 *
2807 3354 2997 3415 quam
3040 3336 3104 3398 in
3151 3334 3382 3398 coelum
3436 3334 3743 3409 sublatus,
3796 3336 4069 3417 corporis
4111 3336 4217 3397 sui
4250 3336 4685 3413 praesentiam
4726 3353 4753 3395 e

2806 3425 3127 3501 conspeetu
3170 3425 3373 3484 nostro
3416 3420 3688 3499 sustulit,
3736 3441 3858 3485 nou
3902 3426 4105 3484 tamen
4150 3421 4393 3484 aiirilio
4436 3440 4511 3483 ae
4539 3425 4751 3501 poten-

2805 3508 2900 3572 tia
2941 3508 3168 3571 desinit
3209 3507 3423 3570 adesse
3462 3508 3602 3570 suis
3650 3506 3966 3586 fidelibus,
4019 3508 4535 3589 manifestamque
4568 3526 4753 3585 prae-

2803 3596 3041 3668 sentiae
3075 3612 3227 3656 suae
3262 3593 3545 3679 virtutem
3580 3593 3888 3657 ostendere
3924 3593 4196 3674 (Ephes.
4242 3600 4299 3661 4,
4340 3595 4378 3653 8
4403 3593 4553 3675 ss,),·
4590 3590 4748 3672 quod

2807 3680 2995 3743 etiam
3025 3678 3350 3758 pollicitus
3384 3683 3489 3743 est.
3557 3678 3730 3755 Ecce,
3778 3680 3997 3759 inquit,
4033 3679 4344 3743 vobiscum
4379 3698 4519 3741 sum
4560 3697 4751 3758 usque

4437 3764 4753 3827 Postremo

2809 3851 3169 3927 subiicitur,
3205 3852 3418 3929 ipsum
3450 3850 3687 3915 visibili
3717 3851 3925 3931 forma
3949 3851 4092 3915 iude
4110 3851 4567 3926 descensurum,
4607 3869 4755 3929 qua-

2807 3938 2892 4001 lis
2933 3938 3260 4001 ascendere
3300 3938 3480 4001 visus
3516 3942 3636 4014 est,
3680 3957 3970 4016 supremo
4013 3937 4239 4001 scilicet
4284 3937 4411 4013 die,
4466 3956 4585 4015 quo
4631 3955 4752 3999 om-

2807 4024 2993 4087 uibus
3036 4022 3374 4103 apparebit,
3405 4042 3553 4085 cum
3589 4022 3892 4103 ineffabili
3925 4024 4103 4105 requi
4137 4026 4240 4086 sui
4278 4024 4614 4098 maiestate,
4659 4023 4755 4084 iu·

2809 4111 3136 4174 dicaturus
3178 4110 3350 4173 vivos
3392 4113 3447 4172 et
3489 4113 3789 4173 mortuos:
3832 4108 3940 4172 koc
3976 4114 4082 4186 est,
4128 4114 4257 4171 tom
4291 4129 4442 4189 quos
4475 4109 4616 4173 dies
4652 4107 4753 4171 ille

2807 4197 3170 4275 superstites
3220 4193 3646 4275 deprehendet,
3713 4215 3902 4274 quam
3954 4196 4064 4275 qui
4128 4200 4311 4258 autea
4378 4199 4569 4259 morte
4612 4193 4754 4257 sub·

2809 4283 2924 4345 lati
2974 4281 3247 4363 fuerint.-
3300 4300 3374 4343 ac
3430 4284 3577 4357 [pag.
3617 4284 3723 4359 29]
3776 4282 4112 4345 mercedem
4156 4281 4438 4345 omnibus
4481 4280 4756 4344 redditu·

2809 4388 2969 4444 rum,
3014 4367 3351 4430 secuudum
3391 4386 3577 4446 opera
3619 4386 3767 4443 sua,
3822 4373 3892 4429 ut
3932 4388 3995 4431 se
4036 4368 4295 4449 quisque
4333 4365 4577 4446 fidelem
4620 4367 4757 4428 suis

2810 4454 3096 4532 operibus
3154 4456 3263 4514 aut
3324 4452 3633 4531 infidelem
3690 4452 4069 4532 approbarit.
4158 4453 4248 4517 Et
4294 4453 4457 4517 ‘hinc
4515 4453 4755 4523 eximia

2811 4537 2982 4602 redit
3026 4536 3108 4601 ad
3155 4557 3275 4600 nos
3314 4535 3685 4613 consolatio,
3731 4538 3899 4619 quod
3937 4538 4248 4605 iudicium
4290 4537 4579 4603 delatum
4617 4557 4756 4603 esse

2812 4622 3115 4688 audimus
3152 4623 3229 4696 ei,
3276 4623 3457 4687 cuius
3495 4622 3813 4687 adventus
3859 4644 3988 4687 non
4035 4625 4157 4690 nisi
4205 4625 4273 4688 in
4319 4624 4592 4689 salutem
4640 4645 4754 4687 no·

2811 4710 2911 4775 bis
2954 4731 3095 4775 esse
3134 4710 3353 4791 possit.

3105 4885 3380 4968 Credo
3443 4886 3528 4966 in
3593 4886 3986 4996 spiritum
4050 4898 4451 4969 sanctum.

2986 5039 3165 5102 Dum
3209 5037 3278 5098 in
3316 5035 3615 5117 spiritum
3656 5046 3957 5101 sanctum
3995 5037 4299 5101 docemur
4334 5034 4618 5110 credere,
4669 5037 4756 5098 si-

2813 5124 2950 5188 mul
2987 5124 3183 5187 etiam
3208 5132 3588 5202 exspectare
3609 5122 3761 5187 inde
3787 5122 4104 5200 iubemur,
4140 5120 4309 5204 quod
4340 5120 4437 5186 illi
4462 5123 4530 5185 in
4555 5122 4757 5204 scrip-

2954 5330 3011 5391 1)
3054 5329 3133 5393 LY.
3176 5328 3358 5382 Instit.
3389 5345 3445 5396 p.
3486 5327 3600 5382 133.
3772 5328 3830 5391 2)
3872 5326 4095 5381 Ibidem.
4266 5326 4326 5389 3)
4368 5328 4511 5382 Ibid.
4542 5344 4600 5395 ρ.
4639 5324 4753 5380 134.
