5100 6061
766 423 894 485 259

2486 408 2952 476 EPISOEOLA
2990 409 3047 474 1.

4639 413 4769 476 260

762 607 1038 691 propius
1080 604 1192 670 ille
1236 603 1509 670 accessit
1543 601 2017 687 praestigiator,
2057 599 2313 665 fabulae
2348 621 2505 666 suae
2538 606 2721 666 actus
2825 596 3403 679 statuendamque,
3461 618 3688 663 omnes
3732 597 4122 664 daemonum
4166 598 4468 678 technas,
4514 598 4768 666 machi-

769 694 1009 776 partim
1051 692 1391 769 motorios,
1437 690 1677 771 partim
1720 688 2025 753 statarios
2069 685 2354 763 orditur,
2398 685 2720 770 magicas-

770 801 895 863 que
938 778 1089 841 illas
1123 776 1620 853 susurrationes,
1663 772 1895 857 quibus
1938 795 1975 837 e
2009 772 2185 837 coelo
2222 771 2561 837 Christum
2597 770 2720 836 sibi

771 864 1037 929 videtur
1081 868 1498 937 evocaturus,
1560 861 1705 925 aliis
1750 858 2014 941 quidem
2057 865 2233 924 certe
2275 862 2424 936 [pag.
2474 863 2581 935 24]
2627 857 2720 923 vi-

772 950 912 1014 deri
955 947 1117 1025 vult,
1164 946 1398 1030 quibus
1443 953 1799 1022 evocatum,
1844 943 1927 1009 ad
1968 943 2477 1009 immolationem
2522 942 2718 1008 devo-

773 1044 915 1100 vet:
963 1033 1196 1116 quibus
1242 1031 1371 1097 Dei
1411 1053 1569 1114 erga
1612 1030 1956 1094 hominum
1998 1051 2205 1114 genus
2250 1028 2718 1094 reconciliatio-

774 1142 924 1185 nem
942 1171 956 1198 ,
1017 1141 1091 1184 ac
1147 1120 1201 1182 si
1257 1119 1327 1181 in
1380 1116 1704 1181 demortui
1747 1115 2002 1181 Christi
2056 1115 2271 1179 locum
2328 1113 2718 1197 subrogatus

773 1214 964 1285 esset,
1009 1204 1292 1269 molitur.
1358 1203 1544 1268 Haec
1588 1223 1738 1267 cum
1782 1201 1999 1279 simili,
2045 1221 2173 1282 qua
2207 1198 2544 1282 superiora
2582 1200 2717 1278 illa,

770 1291 1189 1359 veneratione
1225 1289 1438 1370 excipi
1472 1289 1554 1353 ab
1588 1289 1899 1352 universa
1931 1285 2354 1351 multitudine
2386 1285 2588 1364 vides,
2633 1284 2718 1349 ad

772 1398 916 1441 eam
960 1396 1211 1458 quoque
1253 1376 1463 1457 ipsam
1507 1373 1894 1439 imitandam
1938 1372 2194 1437 vultum
2239 1371 2600 1450 assimulas,
2645 1371 2718 1435 in

768 1482 965 1545 quem
1009 1461 1112 1537 (ut
1154 1459 1527 1542 minimum)
1571 1459 1959 1540 inscriptam
1996 1479 2137 1523 esse
2173 1455 2490 1522 eiusmodi
2534 1478 2717 1539 spec-

772 1547 969 1613 taculi
1024 1547 1409 1612 acerrimam
1479 1544 2024 1609 abominationem
2082 1542 2366 1608 decebat.
2453 1543 2547 1606 Et
2602 1540 2717 1606 ad-

771 1633 898 1699 huc
953 1632 1120 1697 mihi
1171 1630 1547 1715 negabitur,
1604 1630 1717 1711 qui
1786 1630 2054 1695 missam
2111 1628 2446 1712 religionis
2503 1629 2718 1711 specie

772 1718 1009 1796 audiat,
1057 1740 1205 1783 eum
1250 1716 1539 1793 totidem,
1586 1722 1745 1796 quot
1777 1716 1849 1779 in
1888 1737 1966 1780 ea
1999 1722 2479 1797 perpetrantur,
2517 1714 2716 1778 sacri-

768 1804 1088 1889 legiorum
1132 1809 1496 1867 consortem
1542 1822 1610 1865 se
1656 1800 1827 1882 apud
1863 1801 2179 1878 homines,
2225 1798 2539 1883 quidquid
2574 1799 2717 1864 ani-

768 1913 915 1956 mus
955 1890 1098 1954 Deo
1142 1890 1321 1952 intus
1365 1892 1589 1964 canat,
1649 1885 1986 1969 profiteri?
2052 1887 2226 1951 Ecce
2270 1886 2533 1951 demum
2577 1885 2716 1950 ido-

764 1977 907 2042 lum
947 1973 1129 2051 illud,
1175 1973 1461 2054 corporis
1504 1971 1767 2054 quidem
1801 1972 2014 2055 specie
2047 1972 2382 2054 pusillum,
2418 1978 2716 2053 aspectu-

769 2084 896 2146 que
949 2058 1333 2136 candidum,
1402 2057 1515 2123 sed
1565 2059 1859 2121 omnium
1910 2057 2107 2141 longe
2153 2064 2219 2122 et
2260 2057 2716 2139 pestilentissi-

767 2168 951 2211 mum
987 2154 1053 2211 et
1087 2144 1514 2217 teterrimum,
1540 2142 1624 2208 ad
1659 2142 2021 2226 tangendos
2046 2144 2510 2227 superstitione
2533 2164 2716 2225 spec-

766 2239 1057 2298 tatorum
1101 2230 1350 2294 animos
1392 2229 1729 2293 attollitur.
1818 2229 1997 2293 Huic
2064 2229 2220 2294 dum
2284 2250 2426 2293 sese
2491 2250 2717 2294 omnes

770 2316 1115 2399 stupefacti
1168 2313 1561 2393 advolvunt,
1615 2324 1690 2378 tu
1756 2315 1951 2380 simul
2006 2337 2318 2381 converso
2377 2315 2445 2378 in
2499 2316 2714 2397 ipsum

770 2404 1035 2480 intuitu,
1073 2400 1571 2466 venerabundus
1595 2400 2044 2483 prosterneris.
2107 2399 2168 2467 O
2204 2400 2530 2483 perditam
2565 2420 2716 2465 nos-

768 2496 945 2553 tram
987 2488 1078 2550 im
1128 2486 1489 2551 udentiam:
1536 2487 1593 2550 si
1638 2486 1991 2568 quidquam
2026 2508 2268 2565 eorum,
2312 2507 2477 2569 quae
2511 2487 2716 2551 sacris

767 2574 979 2639 literis
1034 2594 1073 2637 a
1117 2593 1348 2637 versus
1404 2570 1840 2637 idololatriam
1892 2571 2154 2655 prodita
2208 2580 2394 2651 sunt,
2452 2574 2532 2639 ab
2587 2573 2717 2637 ista

770 2660 863 2725 sic
921 2657 1325 2741 deprehensa
1381 2659 1855 2741 coniunctaque
1880 2660 1930 2739 ¹)
1988 2656 2453 2741 deprecamur?
2535 2656 2716 2740 Quid

769 2743 988 2810 enim?
1049 2764 1134 2807 an
1190 2743 1313 2808 hoc
1365 2751 1466 2808 est
1527 2742 1708 2807 aliud
1774 2741 1931 2808 idoli
1982 2764 2220 2827 genus,
2288 2765 2487 2827 quam
2543 2742 2718 2827 quod

770 2829 1040 2895 adorare
1085 2828 1369 2894 secundo
1413 2829 1577 2912 legis
1621 2830 1828 2911 capite
1872 2829 2218 2896 vetamur?
2287 2828 2480 2910 Quod
2523 2832 2579 2894 si
2623 2830 2732 2915 ita*

768 2924 897 2998 est,
958 2936 1073 2981 cur
1114 2915 1255 2979 eius
1299 2915 1548 2980 cultum
1589 2917 1837 2980 minore
1878 2915 2143 2994 delicto,
2210 2936 2405 2998 quam
2447 2914 2717 2999 babylo-

767 3004 951 3068 nicae
1006 3001 1184 3066 illius
1240 3007 1491 3066 statuae
1545 3002 1969 3068 censeamus?
2038 3023 2235 3085 quem
2303 3009 2526 3066 tamen
2582 3011 2716 3067 tres

767 3088 865 3152 illi
882 3138 895 3165 ,
953 3109 1115 3170 quos
1171 3108 1370 3169 supra
1426 3088 1799 3164 retulimus,
1845 3087 2217 3166 Israelitae,
2265 3094 2331 3153 et
2370 3095 2603 3166 morte,
2651 3096 2718 3152 et

768 3175 1092 3257 exquisito
1119 3171 1203 3237 ad
1234 3174 1572 3238 saevitiam
1611 3174 1839 3238 mortis
1873 3195 2131 3257 genere,
2174 3174 2440 3257 gravius
2479 3173 2717 3238 exhor-

767 3257 1084 3325 ruerunt?
1152 3255 1231 3324 Si
1275 3258 1656 3342 vulgaribus
1700 3281 1776 3325 ac
1830 3259 2226 3342 quibuslibet
2250 3305 2255 3312 -
2281 3261 2576 3342 gentium
2615 3282 2719 3325 su·

767 3344 1259 3428 perstitionibus
1304 3346 1569 3409 subesse
1613 3346 2006 3427 pronunciat
2049 3344 2374 3410 Dominus
2426 3346 2716 3409 immun-

771 3429 999 3495 ditiam
1018 3431 1076 3514 ²)
1120 3450 1256 3493 non
1279 3429 1695 3512 tangendam,
1739 3431 1810 3493 in
1852 3438 2042 3495 tanta
2073 3430 2365 3495 sordium
2391 3432 2713 3515 congerie,

772 3522 1020 3599 quanta
1063 3515 1172 3591 hic
1214 3521 1487 3592 constat,
1531 3524 1633 3581 tot
1674 3517 2166 3600 sacrilegiorum
2208 3517 2485 3582 cumulis
2529 3517 2714 3582 volu·

771 3602 898 3665 tari
945 3601 1057 3684 qui
1109 3599 1347 3666 liceat?
1421 3601 1517 3667 Ut
1572 3609 1790 3666 autem
1849 3624 2077 3667 omnes
2129 3602 2404 3686 apostoli
2450 3610 2713 3668 senten-

768 3687 913 3767 tias,
958 3685 1190 3768 quibus
1227 3687 1299 3750 in
1331 3685 1767 3752 idololatriam
1808 3687 2159 3765 invehitur,
2204 3709 2336 3753 uno
2362 3689 2490 3753 isto
2514 3689 2714 3756 verbo

770 3772 1298 3856 complectamur,
1339 3794 1472 3837 non
1512 3793 1702 3855 posse
1742 3794 1864 3838 nos
1906 3795 2173 3839 mensae
2218 3773 2714 3840 daemoniorum

769 3868 838 3924 et
878 3858 1134 3924 Christi
1175 3879 1439 3923 mensae
1483 3879 1620 3924 una
1660 3860 1805 3924 fieri
1845 3861 2214 3943 participes,
2256 3861 2401 3943 quis
2438 3860 2520 3925 ad
2555 3861 2711 3926 mis-

767 3965 908 4010 sam
951 3945 1020 4009 id
1061 3951 1354 4026 spectare
1395 3944 1636 4027 neget?
1696 3946 1880 4010 cuius
1938 3946 2143 4010 altare
2188 3967 2416 4013 eversa
2461 3945 2712 4011 Christi

766 4052 995 4095 mensa
1051 4031 1357 4113 erigitur:
1415 4031 1597 4096 cuius
1653 4031 1920 4113 epulum
1973 4030 2344 4115 diremptis,
2389 4030 2708 4111 laceratis,

765 4115 1113 4182 sordidatis
1158 4136 1423 4182 mensae
1460 4105 1718 4182 Christi
1772 4117 1984 4199 epulis
2026 4118 2412 4182 instruitur:
2468 4119 2537 4181 in
2582 4139 2734 4201 qua¹

768 4201 1074 4267 Christus
1120 4201 1504 4277 traducitur,
1551 4202 1690 4266 eius
1733 4225 1910 4269 mors
1951 4203 2268 4282 illuditur,
2314 4204 2712 4269 exsecrabile

765 4309 884 4370 pro
928 4286 1073 4352 Deo
1117 4286 1369 4352 idolum
1410 4289 1818 4371 supponitur,
1867 4310 2013 4354 eam
2055 4309 2293 4354 vocare
2336 4289 2710 4354 daemonio-

765 4395 914 4438 rum
955 4394 1255 4437 mensam
1299 4372 1734 4456 suppudebit?
1778 4395 1854 4440 ac
1888 4396 2023 4439 non
2062 4376 2298 4458 potius,
2346 4375 2519 4457 quod
2563 4383 2711 4439 tan-

767 4469 874 4525 tae
917 4458 1272 4541 impietatis
1314 4467 1605 4524 meretur
1657 4460 2032 4542 insolentia,
2092 4482 2337 4527 novum
2379 4461 2711 4544 excogita-

766 4546 986 4612 bimus
1031 4542 1295 4625 aliquod
1328 4566 1586 4624 nomen,
1633 4566 1762 4628 quo
1798 4545 2243 4612 detestabilius
2277 4545 2588 4630 quiddam
2624 4546 2712 4630 (si

765 4631 913 4696 fieri
971 4629 1207 4712 possit)
1264 4630 1688 4712 exprimatur.
1766 4633 1857 4697 Et
1910 4653 2070 4697 sane
2126 4632 2206 4697 de
2261 4653 2336 4698 eo
2381 4632 2711 4696 haesitare

769 4714 1088 4801 quomodo
1143 4714 1516 4781 hominibus
1569 4739 1700 4783 non
1750 4739 2017 4801 prorsus
2060 4718 2267 4785 caecis
2310 4719 2378 4783 in
2422 4728 2714 4782 mentem

767 4803 1023 4879 veniat,
1071 4799 1262 4868 valde
1301 4803 1533 4880 miror,
1592 4826 1677 4868 an
1721 4803 2212 4869 daemoniorum
2256 4824 2553 4868 mensam
2597 4825 2712 4886 ap-

768 4889 1013 4971 pellare
1071 4887 1342 4954 missam
1399 4888 1709 4968 debeant,
1764 4887 1848 4953 ad
1905 4910 2105 4973 quam
2157 4888 2715 4955 exaedificandam

912 5195 970 5260 1)
1011 5195 1104 5251 Sic
1136 5197 1255 5251 sola
1292 5198 1571 5265 princeps.
1640 5194 1895 5249 Gaetu-ae
1931 5210 2116 5251 omnes
2148 5196 2460 5251 emendant:
2504 5198 2714 5251 convic-

771 5271 951 5332 taque.
1014 5263 1207 5345 Gustus
1241 5269 1403 5388 etl-dit?
1437 5266 1625 5320 habet.-
1664 5266 2004 5319 eonvaincue.
2212 5267 2271 5333 2)
2314 5265 2407 5322 Sic
2439 5266 2714 5335 princeps.

776 5331 1060 5386 (laeter-ae.-
1088 5350 1286 5389 immun
1388 5351 1488 5388 em.

2824 705 2965 763 nas,
3009 684 3225 765 copias
3269 684 3689 762 concurrisse,
3734 684 3931 767 plane
3975 685 4400 767 conspiciunt.

2999 776 3143 847 [pag.
3171 774 3288 844 251:
3325 768 3578 834 Verum
3623 790 3834 835 novae
3855 792 4122 835 rursum
4157 770 4466 854 ambages
4501 772 4586 835 ab
4624 771 4769 837 aliis

2822 854 2988 917 mihi
3032 852 3495 919 obtenduntur.
3564 855 3736 920 Nam
3780 876 4007 920 eorum
4052 856 4384 932 nonnulli,
4430 859 4543 939 qui
4589 857 4765 936 olim,

2823 959 3025 1022 quum
3066 941 3138 1002 in
3182 927 3513 1005 communi
3556 962 3853 1005 errorum
3904 941 4281 1027 labyrintho
4323 950 4768 1022 versarentur,

2822 1024 3167 1090 sacerdotii
3216 1026 3465 1108 papalis
3517 1025 3657 1090 oleo
3725 1028 3979 1093 inuncti
4041 1028 4336 1103 fuerunt,
4395 1030 4467 1091 in
4524 1030 4769 1095 veteris

2821 1112 3180 1175 etiamnum
3214 1111 3416 1176 harae
3451 1112 3848 1178 stercoribus
3884 1113 4255 1179 considunt:
4293 1120 4360 1177 et
4391 1134 4772 1197 quanquam

2823 1196 2902 1261 de
2957 1196 3152 1261 unico
3208 1204 3598 1280 aeternoque
3651 1197 3898 1264 Christi
3956 1199 4341 1278 sacerdotiO,
4395 1201 4522 1265 Dei
4569 1201 4770 1266 bene-

2821 1282 2997 1361 ficio,
3053 1282 3384 1365 praeclare
3428 1291 3586 1347 sunt
3629 1284 3867 1361 edocti,
3913 1286 4278 1350 sacrificare
4333 1285 4772 1353 nihilominus

2822 1375 3132 1451 pergunt:
3177 1366 3373 1451 idque
3408 1376 3483 1434 ut
3515 1369 3785 1452 impune
3821 1371 3947 1435 sibi
3983 1370 4188 1447 liceat,
4224 1372 4577 1454 postulant.
4634 1372 4770 1436 Im-

2821 1452 3072 1536 pudens
3116 1475 3274 1518 sane
3319 1454 3734 1536 postulatum.
3802 1456 4058 1540 Nempe
4103 1465 4178 1520 ut
4199 1457 4438 1522 missae
4463 1478 4773 1540 praeesse

2822 1539 2946 1603 sibi
2981 1538 3399 1604 concedatur:
3445 1541 3553 1606 cui
3595 1563 3678 1605 ne
3726 1542 4041 1607 interesse
4078 1542 4341 1624 quidem
4389 1543 4773 1609 christianis

2820 1624 3225 1703 hominibus,
3281 1626 3526 1691 iamdiu
3560 1625 3978 1693 validissimis
4017 1629 4376 1693 rationibus
4419 1629 4768 1694 contend0.

2821 1708 3006 1790 Quas
3059 1718 3281 1776 tamen
3337 1710 3419 1775 ad
3464 1711 3855 1777 elabendum
3900 1714 4256 1797 argutiolas
4300 1724 4600 1793 nectant,
4654 1738 4769 1781 au-

2821 1795 2960 1861 dire
2995 1797 3410 1879 refutareque
3445 1797 3655 1863 obiter
3686 1818 3921 1880 operae
3956 1801 4237 1882 pretium
4274 1808 4391 1865 est.
4461 1799 4769 1882 Quando,

2818 1883 3146 1965 inquiunt,
3191 1903 3401 1965 neque
3444 1884 3760 1967 sacrilega
3801 1885 3916 1949 illa
3950 1886 4336 1950 immolandi
4368 1885 4624 1952 Christi
4668 1910 4774 1953 co-

2819 1968 3069 2051 gitati0,
3115 1988 3238 2033 nee
3258 1989 3430 2033 vana
3473 1967 3554 2033 de
3593 1971 3780 2052 panis
3823 1971 3895 2034 in
3936 1972 4155 2036 Deum
4193 1972 4584 2038 transitione
4631 1975 4773 2057 opi-

2818 2055 2948 2132 ni0‚
2985 2074 3194 2136 neque
3229 2075 3457 2119 earum
3491 2057 4029 2138 superstitionum
4053 2078 4219 2139 quae
4253 2058 4517 2123 missam
4556 2060 4774 2141 ipsam

2818 2139 3091 2221 impiam
3143 2139 3391 2204 faciunt
3434 2142 3670 2205 animis
3723 2143 3967 2208 nostris
4009 2143 4145 2207 ulla
4185 2142 4458 2220 insidet,
4502 2145 4772 2209 externi

2820 2225 3017 2304 ritus,
3074 2246 3357 2307 quorum·
3407 2230 4004 2309 repraesentatione
4059 2228 4468 2295 indoctorum
4520 2231 4772 2313 iniqui-

2819 2311 2943 2375 tati
2987 2311 3359 2376 satisfacere
3395 2313 3704 2396 cogimur,
3743 2315 3967 2396 quales
4004 2315 4151 2391 sint,
4193 2336 4329 2379 non
4367 2335 4771 2399 magnopere

2820 2396 3053 2460 refert:
3098 2417 3221 2462 nec
3254 2419 3409 2462 vero
3444 2407 3735 2482 possunt,
3778 2421 3903 2482 quo
3939 2402 4156 2465 minus
4190 2421 4309 2482 pro
4343 2402 4542 2466 missa
4577 2422 4772 2466 sane-

2819 2490 2956 2546 tam
3007 2482 3276 2547 Domini
3330 2505 3598 2549 coenam
3651 2484 4081 2564 celebremus,
4151 2486 4488 2568 impedire.
4591 2488 4772 2552 Nam

2822 2568 3100 2632 nimium
3154 2590 3466 2652 perversa
3507 2570 3638 2635 ista
3680 2571 3878 2636 fuerit
3916 2572 4287 2637 morositas:
4335 2573 4610 2638 missam
4659 2596 4772 2639 ex-

2820 2662 3012 2718 terna
3055 2655 3612 2722 caeremoniarum
3654 2655 3841 2721 larva
3880 2658 4261 2740 levibusque
4297 2656 4626 2723 duntaxat
4673 2661 4772 2724 in-

2820 2740 3012 2823 eptiis
3055 2741 3431 2820 aestimare,
3475 2762 3609 2833 non
3664 2744 3885 2827 pravis
3928 2742 4336 2826 opinionibus
4380 2763 4455 2808 ac
4498 2746 4772 2810 sacrile-

2822 2826 2923 2909 gis
2964 2825 3341 2905 mendaciiS,
3388 2829 3622 2909 quibus
3664 2830 3735 2893 in
3777 2829 3973 2895 rebus
4030 2830 4224 2894 sitam
4270 2850 4413 2894 esse
4457 2831 4599 2895 eius
4649 2832 4773 2896 im-

2820 2912 3135 2994 pietatem
3188 2933 3412 2978 omnes
3463 2914 3764 2978 fatemur.
3858 2913 4121 2980 Omissa
4182 2915 4389 2998 igitur
4447 2916 4773 2982 offerendi

2821 2996 3174 3078 mentione,
3220 3000 3761 3083 superstitionum
3803 3001 4099 3067 omnium
4143 3003 4438 3067 vanitate
4484 3002 4770 3081 sublata,

2821 3085 2876 3148 si
2929 3099 3196 3149 coenam
3252 3084 3554 3164 Domini,
3612 3106 3738 3169 quo
3798 3087 3990 3151 modo
4043 3108 4161 3170 per
4212 3088 4467 3171 iniquos
4522 3090 4773 3156 saeculi

2818 3190 3034 3234 mores
3096 3169 3279 3248 licet,
3348 3171 3556 3236 colere
3623 3192 3744 3237 nos
3807 3173 3976 3237 nihil
4040 3173 4427 3256 ambigitur,
4495 3175 4772 3241 frivolas

2818 3254 3134 3339 quasdam
3168 3257 3724 3322 caeremoniarum
3759 3280 3988 3342 nugas,
4033 3259 4319 3341 ingentis
4362 3259 4635 3325 sceleris
4670 3263 4771 3325 in-

2821 3349 2974 3419 star,
3020 3342 3328 3408 insectari
3363 3363 3675 3425 perquam
3716 3343 4066 3428 indignum
4110 3353 4227 3423 est.
4296 3346 4389 3409 At
4430 3346 4488 3411 si
4533 3366 4774 3410 eorum

2820 3427 3193 3511 quempiam
3248 3450 3330 3493 ex
3384 3427 3656 3494 adverso
3710 3429 4080 3514 aggrediar:
4157 3451 4426 3495 coenam
4492 3432 4772 3497 Domini

2820 3513 2957 3579 suis
3002 3521 3069 3577 et
3108 3514 3320 3596 ipsam
3365 3516 3816 3594 caeremoniis,
3875 3535 4290 3599 nequaquam
4333 3517 4772 3600 negligendis,

2819 3607 3133 3678 constare,
3178 3599 3351 3681 quod
3395 3608 3462 3664 et
3506 3622 3546 3665 a
3588 3600 3852 3666 coelesti
3886 3603 4200 3684 magistro
4236 3601 4368 3666 sint
4403 3603 4772 3681 institutae,

2819 3694 2887 3749 et
2931 3685 3025 3751 sic
3067 3686 3428 3764 institutae,
3464 3695 3539 3750 ut
3580 3687 3844 3770 propria
3887 3694 4110 3752 essent
4147 3708 4592 3770 germanaque
4626 3710 4776 3755 coe-

2816 3791 2939 3836 nae
2984 3771 3307 3855 symbola,
3347 3773 3581 3854 quibus
3628 3772 3937 3852 sublatis,
3993 3774 4260 3856 agnosci
4301 3774 4432 3837 iam
4477 3773 4594 3839 illa
4638 3796 4774 3840 non

2813 3864 3055 3939 posset:
3097 3859 3281 3922 cuius
3303 3860 3625 3942 permissu
3657 3866 3920 3924 tantum
3955 3879 4025 3924 se
4055 3879 4289 3923 ausum
4322 3880 4464 3924 esse
4495 3881 4775 3943 respon-

2814 3943 3011 4021 debit,
3053 3941 3219 4007 illud
3251 3951 3327 4007 ut
3365 3944 3580 4009 nescio
3624 3945 3779 4026 quid
3825 3945 4126 4010 omnibus
4168 3965 4409 4009 coenae
4451 3946 4777 4029 symbolis

2813 4033 3086 4094 exutum
3121 4048 3195 4093 ac
3218 4028 3671 4109 deformatum,
3707 4029 4088 4113 fabulaeque
4109 4032 4317 4114 magis
4348 4052 4548 4113 quam
4571 4032 4776 4108 ullius

2814 4114 3019 4179 divini
3048 4116 3350 4199 mysterii
3385 4115 3617 4194 simile,
3670 4136 3939 4181 coenam
3982 4124 4408 4199 nuncuparet.
4475 4115 4778 4184 Coenam

2814 4220 2955 4265 esse
2980 4199 3252 4265 Domini
3283 4203 3467 4286 nego,
3507 4200 3591 4266 ad
3621 4202 3807 4267 cuius
3850 4202 4224 4287 spirituales
4252 4201 4500 4284 epulas,
4527 4224 4664 4267 non
4700 4205 4776 4268 in

2814 4306 3161 4350 commune
3206 4308 3429 4352 omnes
3481 4289 3586 4370 qui
3635 4287 3877 4352 adsunt
3917 4286 4142 4353 fideles
4185 4287 4579 4366 invitentur,
4636 4289 4776 4355 nisi

2813 4371 2887 4434 in
2930 4393 3059 4454 qua
3103 4379 3170 4435 et
3215 4382 3440 4438 sancta
3493 4374 3679 4456 panis
3725 4395 3800 4439 ae
3856 4374 4072 4439 calicis
4115 4373 4412 4458 symbola
4457 4373 4776 4440 ecclesiae

2814 4457 3290 4541 proponantur,
3359 4467 3426 4523 et
3477 4459 3966 4541 promissiones,
4034 4460 4270 4542 quibus
4335 4458 4776 4543 obsignandis

2817 4541 2971 4606 data
3012 4550 3130 4621 est,
3178 4553 3587 4623 enarrentur,
3633 4551 3700 4609 et
3741 4545 4056 4628 acquisita
4099 4545 4284 4610 nobis
4328 4566 4447 4628 per
4489 4545 4773 4612 Domini

2815 4636 3095 4693 mortem
3181 4630 3352 4695 vitae
3427 4631 3641 4714 gratia
3735 4631 4164 4713 praedicetur.
4263 4630 4526 4695 Horum
4605 4639 4683 4696 tu
4721 4633 4771 4714 ι)

2815 4714 2982 4778 mihi
3033 4713 3142 4780 vel
3193 4716 3543 4780 minimum
3599 4716 3850 4797 apicem
3901 4717 3975 4781 in
4026 4716 4229 4782 missa
4282 4716 4630 4782 ostendes?
4690 4739 4777 4784 ac

2816 4822 2952 4865 non
3017 4802 3234 4884 potius
3302 4802 3579 4867 adversa
3643 4811 4001 4884 contraque
4065 4803 4429 4886 pugnantia
4491 4802 4770 4868 omnia?

2818 4887 2920 4950 Tu
2959 4888 3163 4970 igitur
3205 4894 3320 4951 aut
3354 4886 3482 4951 Dei
3526 4889 3788 4953 nomine
3823 4887 4057 4953 stolida
4092 4887 4430 4952 hominum
4480 4894 4625 4966 [pag.
4652 4894 4771 4967 26]

2816 4974 3187 5038 temeritate
3235 4973 3670 5056 excogitatam
3732 4973 4168 5039 insulsitatem
4232 4973 4586 5057 insignies,
4647 4980 4775 5038 aut

2816 5079 3052 5124 coenae
3094 5079 3334 5124 nomen
3379 5059 3462 5123 ad
3505 5059 3948 5125 circulatoriae
3988 5061 4187 5139 lusus,
4230 5061 4300 5124 in
4337 5060 4577 5142 quibus
4612 5059 4776 5123 nul-

2953 5335 3009 5401 1)
3047 5342 3158 5389 tum
3197 5333 3344 5388 1576.
3384 5332 3533 5390 159⁷.
3569 5332 3721 5388 1611.
3786 5332 4008 5387 cauus.-
4042 5339 4151 5402 toy.
