5100 6061
702 427 820 489 123

694 634 822 677 nus
866 634 1073 677 sorve.
1166 612 1524 693 Praecipue
1573 632 1724 676 vero
1770 610 1891 675 hoc
1937 609 2018 673 ad
2067 631 2289 693 regem
2333 615 2645 690 spectare,

696 697 868 793 quod
919 705 1157 762 natura
1210 697 1304 761 illi
1361 696 1693 778 exemplar
1748 697 1815 760 in
1863 695 2093 776 apibus
2136 695 2504 777 proposuit,
2564 693 2647 757 ad

694 783 863 868 quod
910 805 979 848 se
1024 792 1383 866 componat.
1683 818 1688 839 ι
2340 802 2347 811 ’

873 869 947 933 Si
989 872 1075 935 ad
1132 876 1394 933 natm-ae
1446 869 1632 950 leyem
1677 865 2090 953 componitur]
2152 869 2260 931 Ex
2303 864 2646 947 disciplina

695 953 1099 1032 Stoicorum,
1159 956 1269 1038 qui
1325 964 1627 1019 naturam
1689 968 1997 1036 tanquam
2044 955 2355 1035 optimam
2413 949 2646 1015 ducem

694 1042 878 1125 sequi
922 1040 1167 1105 iubent.
1534 1082 1540 1089 ι

867 1128 977 1191 Ex
1012 1128 1165 1192 aliis
1202 1123 1609 1211 animalibus]
1658 1126 1751 1191 Ut
1792 1125 1866 1189 in
1908 1124 2198 1208 gruibus,
2244 1143 2407 1206 quae
2444 1143 2645 1185 unam

695 1234 953 1296 semper
990 1218 1352 1294 sequuntur
1393 1208 1618 1275 ordine
1663 1211 1968 1275 literario.

872 1300 1150 1380 Qua-rum
1192 1298 1324 1381 reqi
1368 1297 1827 1377 amplissimum
1871 1292 2091 1381 cubile]
2141 1295 2391 1359 Mirum
2434 1293 2644 1358 videri

692 1387 915 1468 possit,
962 1407 1079 1450 cur
1123 1382 1376 1449 Seneca
1418 1384 1736 1465 poeticam
1784 1382 1954 1447 hanc
2001 1380 2502 1463 descriptionem
2555 1379 2646 1441 ita

693 1491 810 1552 per
863 1482 1078 1552 partes
1136 1478 1563 1552 exsequatur,
1619 1490 1820 1550 quum
1880 1466 2045 1531 nihil
2101 1487 2308 1549 paene
2365 1465 2448 1529 ad
2502 1486 2644 1530 rem

690 1557 902 1620 faeiat.
999 1556 1244 1619 Verum
1285 1554 1353 1619 id
1401 1553 1553 1618 data
1596 1575 1793 1636 opera
1835 1554 2006 1631 fecit,
2056 1565 2132 1617 ut
2173 1551 2501 1635 quandam
2539 1573 2645 1615 re-

693 1642 794 1725 gis
850 1642 1260 1707 maiestatem
1312 1647 1858 1722 repraesentaret,
1918 1661 2002 1703 ne
2049 1637 2382 1704 videretur
2420 1638 2645 1719 inepta

691 1728 1108 1809 comparatio.
1197 1724 1392 1805 Quod
1436 1724 1595 1790 dicit
1639 1746 1779 1789 esse
1822 1725 2034 1791 cubile
2077 1723 2289 1790 medio
2326 1746 2400 1789 ae
2443 1723 2641 1788 tutis-

690 1814 854 1879 simo
907 1813 1079 1889 1000,
1137 1811 1205 1876 id
1267 1812 1591 1894 significat
1630 1810 1967 1893 Vergilius
2023 1832 2097 1875 00
2144 1810 2434 1877 0011111110
2477 1809 2642 1873 111110

689 1910 924 1982 quarto
970 1897 1369 1980 Georgicon:

832 2002 1123 2054 Praeterea
1159 2015 1341 2067 regem
1376 2015 1480 2053 non
1517 1998 1596 2053 sic
1631 2002 1926 2067 Aegyptus,
1964 2007 2018 2051 et
2053 2000 2239 2068 ingens
2692 1974 2697 2037 Ι

829 2070 876 2190 Ιὸ
913 2070 1155 2191 (ggii-alteo
1191 2068 1380 2136 populi
1416 2068 1752 2135 Parthorum,
1791 2078 1885 2121 aut
1922 2067 2113 2121 Medus
2150 2068 2437 2137 Hydaspes
2692 2044 2697 2139 Ι

693 2225 786 2289 Et
828 2222 1087 2287 Plinius
1122 2219 1289 2286 libro
1325 2222 1446 2286 XI.
1495 2244 1631 2305 cap.
1677 2228 1749 2284 17
1769 2244 1782 2286 :
1820 2223 1994 2287 Mira
2029 2221 2239 2305 plebei
2277 2223 2448 2287 cirea
2492 2240 2646 2285 eum

696 2307 1084 2374 obedientia.
1178 2305 1399 2387 Quum
1442 2306 1750 2390 procedit,
1796 2330 1929 2372 una
1973 2321 2075 2372 est
2121 2328 2428 2373 examen:
2475 2306 2648 2373 circa

699 2414 850 2461 eum
895 2394 1338 2477 conglobatur,
1377 2393 1601 2477 cing-it,
1645 2394 1946 2478 protegit,
1993 2395 2174 2458 cerni
2209 2415 2338 2457 non
2374 2393 2642 2475 patitur.

696 2477 917 2560 Quum
981 2497 1378 2562 processere,
1446 2502 1515 2543 se
1570 2501 1864 2563 quaeque
1926 2480 2290 2562 proximam
2347 2478 2442 2543 illi
2503 2500 2645 2543 esse

696 2567 890 2648 cupit,
938 2575 1004 2629 et
1047 2567 1116 2629 in
1161 2565 1368 2630 officio
1413 2566 1698 2647 conspici
1744 2564 2003 2650 gaudet.

874 2652 1067 2716 Onere
1109 2657 1286 2715 vacat
1326 2649 1599 2736 exactor]
1648 2651 2017 2735 Vergilius:
2694 2650 2699 2699 1

866 2753 965 2807 1110
1005 2770 1227 2822 operum
1263 2762 1465 2822 custos,
1501 2754 1654 2812 illum
1692 2753 2039 2821 admirantur,
2078 2763 2133 2806 et
2171 2769 2354 2808 omnes

868 2824 1227 2877 Circumstant
1261 2822 1476 2876 fremitu
1513 2823 1699 2887 denso,
1738 2823 2045 2891 stipantque
2083 2823 2419 2890 frequentes:

866 2892 940 2944 Et
975 2908 1138 2959 saepe
1176 2891 1431 2945 attollunt
1465 2892 1720 2959 humeris,
1758 2902 1814 2946 et
1852 2906 2084 2959 corpora
2120 2891 2266 2946 bello

866 2961 1167 3027 Obiectant,
1205 2960 1589 3028 pulchramque
1627 2970 1818 3028 petunt
1854 2977 1954 3028 per
1989 2960 2214 3013 vulnera
2247 2966 2490 3013 mortem.
2697 2978 2700 2989 ·

697 3048 913 3112 Varro
950 3048 1058 3112 lib.
1100 3047 1223 3110 111.
1265 3046 1343 3110 de
1379 3047 1482 3110 Re
1518 3047 1788 3112 rustica:
1839 3048 2092 3130 Regem
2134 3068 2326 3111 suum
2363 3066 2648 3128 sequun-

694 3142 803 3199 tur
845 3154 1228 3216 quoeunque
1272 3133 1340 3207 it,
1388 3145 1453 3196 et
1496 3135 1743 3197 fessum
1786 3132 2166 3209 sublevant,
2213 3141 2279 3195 et
2321 3133 2376 3197 si
2420 3132 2650 3215 nequit

702 3219 943 3298 volare,
989 3218 1353 3294 subvolant,
1400 3230 1517 3284 ete.
1615 3233 1629 3240 “

865 3304 955 3370 Et
998 3305 1231 3369 amisso
1269 3325 1408 3385 reye
1447 3309 1639 3367 totum
1684 3302 2016 3389 dilabitur]
2064 3303 2431 3387 Vergilius:

1172 3405 1319 3474 Rege
1356 3405 1790 3460 incolumimens
1828 3408 2069 3460 omnibus
2106 3424 2212 3460 una
2249 3414 2357 3461 est:

934 3476 1151 3529 Amisso
1191 3491 1387 3543 rupere
1424 3474 1600 3527 fidem.

642 3617 645 3624 .
694 3562 978 3628 Plinius:
1035 3562 1223 3626 Duce
1268 3561 1591 3643 prehenso
1636 3559 1847 3624 totum
1905 3570 2165 3625 tenetur
2208 3583 2475 3645 agmen,
2523 3562 2645 3624 mi-

693 3657 1014 3733 grantque
1055 3645 1139 3710 ad
1183 3646 1359 3711 alios.
1447 3647 1613 3712 Esse
1658 3651 1806 3725 [pag.
1849 3653 1995 3725 116]
2041 3649 2263 3729 utique
2305 3648 2447 3712 sine
2485 3667 2647 3734 'rego

696 3756 831 3800 non
876 3744 1165 3817 possunt.
1592 3745 1597 3748 ·

870 3819 998 3883 Nec
1038 3815 1317 3899 unquam
1350 3819 1502 3899 plus
1534 3839 1658 3882 uno
1733 3819 1818 3882 In
1862 3817 2091 3900 apibus
2127 3819 2427 3901 princeps
2471 3840 2646 3883 unus

696 3914 814 3984 est,
859 3905 1073 3988 inquit
1115 3904 1566 3988 Hieronymus
1612 3926 1651 3968 a
1736 3904 2101 3968 Rusticum.
2167 3902 2362 3984 Quod
2405 3905 2463 3969 si
2497 3926 2647 3987 pro·

696 3993 841 4074 pius
894 3991 1438 4073 contemplemur,
1499 3991 1619 4055 hoc
1665 3990 1904 4055 animal
1953 3988 2338 4055 documento
2382 3997 2499 4068 est,
2545 3992 2646 4054 in-

696 4076 895 4145 fidam
939 4097 1080 4141 esse
1138 4077 1324 4160 regni
1379 4077 1784 4153 societatem,
1846 4098 1966 4141 nec
2010 4097 2290 4159 regnum
2333 4076 2493 4142 duos
2538 4099 2645 4142 ca-

695 4184 876 4246 pere:
936 4160 1255 4244 siquidem
1311 4160 1437 4226 duo
1507 4183 1695 4245 reges
1749 4163 1843 4225 ita
1901 4162 2290 4227 factionibus
2349 4163 2648 4227 multitu-

698 4248 918 4313 dinem
954 4247 1348 4325 distrahunt,
1393 4257 1468 4311 ut
1502 4247 1585 4312 ad
1622 4249 1819 4312 totius
1856 4247 2092 4312 sobolis
2131 4249 2648 4315 internecionem

696 4334 1077 4418 depugnare
1124 4343 1387 4416 paratae
1430 4334 1581 4411 sint,
1628 4335 1757 4398 nisi
1802 4333 2122 4415 praelium
2159 4334 2506 4402 dirimatur
2549 4334 2646 4398 al-

698 4427 840 4485 tero
882 4441 965 4484 ex
1007 4419 1273 4503 regibus
1311 4420 1721 4503 interempto.

873 4504 1209 4569 Praeterea
1232 4507 1501 4588 insiynis
1521 4507 1652 4588 reyi
1682 4506 1887 4587 forma
1922 4503 2037 4592 est]
2082 4504 2449 4571 Columella
2482 4505 2648 4571 libro

697 4592 852 4656 IX.:
900 4589 1076 4655 Sunt
1111 4600 1331 4654 autem
1374 4593 1420 4655 ii
1466 4613 1651 4675 reges
1698 4596 1973 4655 maiores
2017 4591 2229 4674 paule,
2275 4599 2341 4656 et
2382 4591 2649 4676 oblongi

695 4681 908 4762 magis
951 4698 1146 4759 quam
1191 4685 1486 4741 caeterae
1531 4699 1702 4761 apes,
1749 4678 2129 4743 rectioribus
2173 4678 2488 4755 cruribuS,
2533 4677 2648 4742 sed

699 4764 920 4828 minus
976 4762 1209 4845 amplis
1267 4763 1510 4844 pinnis,
1565 4764 1823 4847 pulchri
1868 4764 2127 4841 coloris,
2175 4777 2241 4827 et
2285 4763 2506 4840 nitidi,
2555 4764 2647 4827 le-

701 4870 959 4933 vesque,
1005 4855 1124 4914 ete.
1183 4848 1542 4932 Vergilius:
2304 4867 2309 4872 ·

1387 4952 1488 5007 Η10
1524 4954 1715 5007 melior
1748 4954 1967 5022 insignis
2005 4961 2060 5006 et
2096 4969 2207 5020 ore,

1141 5021 1217 5074 Et
1248 5021 1421 5075 rutilis
1455 5022 1633 5075 clarus
1669 5023 1954 5089 squammis
1988 5028 2089 5075 ete.

871 5106 1397 5185 Iracundissima,
1442 5113 1500 5171 et
1531 5126 1657 5188 pro
1694 5109 1968 5186 corporis
2008 5105 2221 5193 captu]
2282 5106 2646 5191 Vergilius:

873 5207 989 5261 Illis
1025 5209 1105 5262 ira
1140 5209 1355 5263 modum
1392 5224 1556 5277 supra
1593 5214 1693 5276 est,
1732 5208 2020 5277 laesaeque
2056 5226 2319 5263 venenum

869 5276 1138 5332 Morsibus
1174 5280 1449 5346 inspirant,
1487 5284 1543 5331 et
1578 5277 1783 5344 spicula
1821 5293 1982 5332 caeca
2018 5279 2324 5346 relinquunt

869 5344 1051 5399 Affixa
1084 5347 1139 5400 in
1176 5349 1340 5414 venis,
1378 5347 1684 5413 animasque
1723 5346 1776 5398 in
1814 5347 2032 5401 vulnere
2069 5356 2294 5416 ponunt.

2339 419 2466 483 DE
2513 417 3059 485 CLEMENTIA

4581 422 4701 486 124

2753 607 2907 673 Huc
2952 608 3174 682 allusit
3218 608 3488 674 Curtius
3543 609 3614 673 in
3673 608 4070 673 Alexandro,
4171 608 4536 673 Temeritas
4579 618 4698 686 est,

2753 693 2982 775 inquit,
3030 716 3227 777 quam
3267 694 3498 760 adhue·
3528 716 3645 777 pro
3691 696 3931 759 virtute
3977 695 4318 761 timuistis:
4374 715 4541 777 quae
4587 694 4701 760 ubi

2751 780 3038 861 primum
3081 782 3398 863 impetum
3442 781 3700 859 effudit,
3765 780 3948 844 velut
3995 779 4318 862 quaedam
4371 780 4698 857 animalia,

2752 867 2990 930 amisso
3013 866 3237 931 aculeo
3283 877 3512 949 torpet.
3572 868 3664 931 Et
3690 865 3919 931 Cicero
3952 887 4069 949 pro
4095 866 4361 932 Flacco:
4391 867 4700 931 Mortuus

2753 961 2856 1014 est
2880 951 3102 1016 aculeo
3129 953 3261 1016 iam
3285 952 3570 1031 dimisso,
3607 973 3682 1016 ac
3705 950 3877 1017 dicto
3903 951 4285 1017 testimonio.
4333 951 4511 1016 Illud
4541 972 4698 1017 vero

2750 1037 2924 1101 inter
2965 1038 3313 1120 scriptores
3359 1060 3489 1102 non
3524 1039 3847 1115 convenit,
3894 1038 4203 1102 statimne
4237 1038 4440 1102 infixo
4478 1037 4700 1105 aculeo

2750 1124 3168 1201 emoriantur,
3206 1146 3292 1188 an
3337 1132 3594 1189 tantum
3635 1124 4032 1207 degenerent
4073 1124 4142 1188 in
4178 1124 4376 1189 fucos.
4444 1123 4703 1189 Plinius

2748 1207 2915 1274 libro
2956 1209 3253 1275 XVIII.:
3312 1209 3638 1275 Aculeum
3693 1209 3924 1291 apibus
3981 1217 4218 1274 natura
4259 1208 4437 1274 dedit
4480 1209 4700 1273 ventri

2750 1303 3123 1359 consertum
3136 1320 3152 1375 ;
3211 1295 3296 1361 ad
3339 1317 3545 1360 unum
3589 1297 3791 1361 ictum
3837 1296 3958 1361 1100
4001 1296 4232 1372 infixe,
4280 1294 4547 1377 quidam
4588 1316 4700 1360 008

2751 1381 2980 1445 statim
3045 1383 3247 1446 emori
3305 1389 3577 1464 putant,
3643 1381 3871 1463 aliqui,
3953 1404 4082 1445 non
4164 1382 4289 1446 nisi
4339 1381 4701 1455 „intantum

2750 1464 3010 1544 adacto,
3069 1476 3143 1531 ut
3194 1468 3584 1532 intestinum
3637 1488 3830 1549 saepe
3874 1478 4287 1549 assequatur:
4357 1467 4471 1532 sed
4514 1466 4699 1532 fucos

2749 1559 2975 1633 postea
3029 1573 3202 1631 0880,
3268 1574 3392 1618 1100
3450 1553 3646 1618 1110110
3699 1554 3930 1619 facere.
4023 1553 4226 1617 Vides
4283 1574 4526 1637 magna
4585 1552 4702 1617 illa

2748 1639 3031 1720 ingenia,
3076 1660 3290 1721 quum
3321 1661 3391 1704 se
3437 1647 3775 1721 tantopere
3820 1640 3890 1703 in
3939 1640 4133 1705 rebus
4176 1638 4525 1703 minutulis
4565 1647 4700 1703 tor-

2748 1723 2973 1802 serint,
3016 1746 3103 1788 ne
3146 1722 3224 1789 (10
3270 1747 3469 1808 apum
3514 1724 3776 1807 quidem
3820 1725 4086 1807 spiculis
4130 1725 4515 1790 consentire.
4605 1726 4701 1788 At

2747 1808 2911 1874 illud
2965 1811 3365 1876 nostratibus
3422 1812 3683 1876 rusticis
3727 1811 4002 1895 vulgare
4047 1823 4177 1889 est,
4224 1811 4551 1895 spiculum
4593 1810 4698 1873 in-

2747 1896 2954 1959 fixum
3008 1918 3141 1961 non
3185 1897 3419 1962 afferre
3462 1905 3743 1961 mortem
3798 1898 4058 1980 apibus,
4117 1897 4233 1961 sed
4278 1896 4361 1961 ad
4414 1896 4548 1960 mel
4602 1897 4700 1960 fa—

2747 1981 3050 2046 ciendum
3092 1982 3359 2047 inutiles
3400 1980 3690 2047 reddere.
4170 1987 4180 1998 ⁴

2923 2067 3062 2132 Rex
3102 2070 3239 2148 ipse
3280 2070 3416 2135 sine
3457 2068 3663 2133 cotaleo
3710 2066 3825 2154 est]
3887 2068 4116 2151 Neque
4175 2070 4296 2133 1100
4337 2069 4503 2132 eitra
4545 2088 4701 2133 con-

2750 2154 3133 2218 troversiam
3177 2160 3293 2233 est,
3340 2176 3426 2220 an
3463 2154 3580 2219 1811
3617 2176 3815 2236 apum
3852 2163 4072 2221 careat
4107 2155 4346 2221 aculeo,
4401 2153 4699 2218 Plinius:

2747 2239 2897 2303 Non
2941 2244 3200 2304 'constat
3241 2241 3416 2306 inter
3456 2251 3744 2318 autores,
3791 2262 3910 2305 rex
3965 2240 4310 2305 nullumne
4355 2239 4531 2305 solus
4567 2260 4702 2304 non

2751 2323 2987 2389 habeat
3028 2326 3358 2405 aculeum,
3401 2328 3741 2392 maiestate
3783 2335 4042 2391 tantum
4087 2335 4410 2405 armatus,
4457 2346 4546 2390 an
4588 2324 4703 2390 de-

2750 2410 2918 2475 derit
2957 2432 3107 2476 eum
3146 2412 3412 2494 quidem
3456 2424 3715 2490 natura,
3761 2410 3877 2477 sed
3912 2434 4109 2477 usum
4151 2412 4249 2476 illi
4293 2419 4551 2476 tantum
4585 2432 4704 2477 ne-

2749 2498 3022 2578 gaverit.
3099 2497 3278 2562 Illud
3321 2505 3597 2573 constat,
3644 2498 4110 2580 imperatorem
4148 2498 4371 2563 aculeo
4416 2520 4546 2561 non
4582 2497 4697 2562 uti.

2753 2583 3130 2648 Aristotelis
3190 2593 3255 2647 et
3300 2584 3702 2649 Columellae
3745 2584 3974 2649 eadem
4025 2586 4352 2650 sententia
4395 2597 4523 2662 est,
4573 2584 4701 2647 nisi

2749 2667 2921 2749 quod
2963 2670 3181 2733 verbis
3223 2670 3491 2752 paulum
3538 2670 3926 2752 discrepant
3987 2670 4376 2736 Aristoteles
4421 2670 4597 2735 enim
4632 2670 4704 2733 in

2751 2753 2915 2818 libro
2970 2754 3051 2819 de
3106 2755 3497 2820 animalibus
3552 2757 3838 2819 affirmat
3894 2757 4165 2834 11011010,
4232 2756 4348 2820 sed
4401 2775 4702 2821 exarma-

2753 2850 2922 2915 tum,
2977 2863 3098 2906 nec
3153 2862 3413 2926 pugnae
3468 2841 3794 2906 idoneum.
3886 2841 4250 2908 Columella
4306 2863 4438 2905 11011
4485 2841 4699 2924 spicu-

2750 2926 2916 3003 lum,
2977 2925 3093 2991 sed
3148 2928 3507 3010 pleniorem
3560 2929 3743 3010 quasi
3799 2928 4107 3010 capillum
4151 2937 4356 2995 vocat.
4445 2928 4700 2993 Utcun-

2752 3035 2875 3096 que
2920 3036 3024 3078 res
3069 3013 3323 3094 habeat,
3370 3014 3493 3080 hoc
3537 3025 3637 3079 est
3679 3013 3851 3097 quod
3895 3014 4041 3081 vult
4072 3012 4345 3091 Seneca,
4391 3035 4524 3079 non
4559 3034 4702 3079 0880

2751 3098 2980 3164 (10111111
3024 3100 3167 3183 regi
3220 3122 3259 3165 a
3302 3109 3542 3165 natura
3585 3101 3885 3165 aculeum
3928 3099 4013 3165 ad
4067 3100 4438 3166 nocendum
4481 3100 4701 3165 effica-

2750 3206 2926 3264 00111,
2994 3206 3077 3249 110
3132 3207 3364 3252 saevus
3422 3195 3624 3263 esset,
3681 3194 3801 3251 ant
3842 3186 4109 3256 ultionis
4164 3195 4506 3270 appetens:
4573 3205 4702 3269 quo

2750 3271 3124 3353 exemplum
3176 3272 3440 3356 regibus
3495 3279 3911 3354 proponeret,
3982 3293 4066 3336 ne
4124 3281 4345 3338 essent
4400 3271 4700 3348 aculeati,

2750 3357 2873 3421 hoc
2917 3369 3018 3422 est
3060 3358 3128 3422 in
3174 3357 3579 3424 iracundiam
3623 3366 3691 3422 et
3732 3359 4095 3424 vindictam
4138 3358 4477 3440 proclives.

2928 3443 3173 3508 Pudeat
3235 3467 3274 3508 a
3330 3445 3560 3524 parvis
3622 3441 4030 3530 animalibus]
4115 3444 4567 3527 Quintilianus
4631 3445 4704 3509 in

2751 3530 3008 3612 Apibus
3044 3531 3377 3613 pauperis:
3433 3537 3579 3610 [pag.
3623 3536 3770 3610 117]
3814 3530 4055 3597 Dicam
4091 3530 4336 3595 animal
4385 3529 4703 3613 quodam-

2751 3614 2939 3680 modo
2973 3637 3262 3726 7parvum
3307 3616 3591 3681 hominis
3635 3616 4012 3699 exemplar?

2935 3702 3189 3766 Utinam
3229 3704 3444 3767 eadem
3485 3701 3750 3790 homini]
3819 3701 3900 3767 Id
3945 3713 4071 3782 est,
4135 3703 4433 3766 homines
4491 3722 4703 3783 quum

2751 3808 2982 3852 nocere
3024 3787 3211 3852 alteri
3256 3789 3514 3866 volunt,
3563 3788 3852 3852 animam
3909 3790 3975 3852 in
4031 3788 4306 3853 vulnere
4361 3802 4701 3871 ponerent,

2753 3881 2820 3938 et
2861 3873 3174 3938 damnum
3219 3873 3502 3939 alienum
3546 3874 3746 3939 simul
3790 3896 3907 3938 suo
3961 3874 4135 3938 malo
4178 3881 4700 3956 compensarent.

2750 3960 2900 4024 Non
2945 3959 3038 4023 ita
3080 3968 3299 4025 essent
3343 3959 3427 4024 ad
3469 3959 3833 4025 nocendum
3875 3960 4195 4042 protervi,
4242 3960 4299 4024 si
4338 3960 4707 4043 cogitarent

2751 4064 2821 4110 se
2868 4047 3040 4110 vitae
3083 4067 3236 4110 suae
3281 4045 3618 4129 dispendio
3661 4047 3830 4109 iram
3873 4037 4270 4110 effundere.x

2926 4131 3050 4196 Sed
3086 4153 3162 4196 ne
3201 4153 3362 4197 mmo
3404 4133 3656 4212 quidem
3698 4132 3800 4195 illi
3841 4131 4089 4214 cursus]
4148 4132 4208 4196 N
4217 4153 4342 4197 unc
4387 4151 4503 4213 per
4546 4131 4703 4195 rhe-
4731 4138 4746 4149 '

2752 4218 3024 4283 toricam
3068 4218 3534 4282 correctionem
3576 4218 3851 4297 subiicit,
3896 4239 4027 4282 non
4073 4218 4284 4301 magis
4319 4224 4536 4281 tutum
4581 4216 4704 4280 ho-

2749 4304 3040 4368 minibus
3075 4324 3272 4384 (1110111
3306 4304 3555 4385 apibus,
3594 4303 3730 4369 vim
3769 4325 3955 4367 suam
3992 4302 4339 4368 saeviendo
4374 4322 4701 4367 exercere.

2748 4387 2957 4471 quue
3000 4389 3233 4470 probat
3274 4390 3601 4454 sententia
3633 4388 3748 4452 1110
3782 4389 3981 4473 vulgo
4016 4400 4347 4471 usurpata.
4415 4388 4705 4454 Necesse

2751 4482 2853 4538 est
2893 4474 3135 4539 multos
3178 4474 3423 4553 timeat,
3470 4496 3665 4557 quem
3699 4475 3891 4539 multi
3927 4476 4175 4540 timent.
4244 4475 4476 4555 Itaque
4509 4494 4704 4556 opor-

2753 4567 2847 4624 tet
2889 4569 2966 4624 ut
3007 4560 3120 4641 qui
3164 4558 3500 4625 assiduum
3544 4572 3864 4626 terrorem
3908 4562 4160 4640 incutit,
4209 4560 4490 4645 singulis
4531 4571 4703 4624 tem-

2752 4646 2928 4728 poris
2982 4646 3275 4711 articulis
3327 4648 3415 4710 sit
3468 4645 3548 4712 de
3604 4647 3743 4711 vita
3796 4646 4139 4726 sollicitus,
4196 4654 4262 4712 et
4308 4666 4484 4711 nova
4524 4645 4703 4729 peri-

2752 4731 2902 4797 cula
2942 4731 3015 4795 in
3063 4732 3258 4797 horas
3294 4731 3417 4797 sibi
3449 4732 3837 4816 impendere
3880 4735 4138 4817 cogitet.
4196 4733 4571 4819 Cyprianus
4615 4729 4705 4796 ad

2753 4816 3091 4882 Donatum
3168 4817 3249 4882 de
3327 4827 3357 4880 t
3403 4839 3636 4885 ranno:
3720 4820 3888 4884 Tam
3950 4819 4062 4884 1110
4127 4820 4360 4884 11111010
4426 4818 4699 4902 cogitur,

2751 4924 2949 4985 quam
2994 4903 3282 4994 timetur.
3355 4841 3594 4988 {Exigit
3634 4926 3875 4988 poenas
3917 4906 4163 4988 pariter
4208 4905 4289 4970 (10
4329 4904 4702 4989 potentiore

2751 4987 3133 5066 sublimitas,
3180 4991 3268 5054 sit
3307 4989 3461 5054 licet
3501 4992 3856 5056 satellitum
3892 5013 4092 5056 manu
4128 5000 4372 5075 septus,
4418 4999 4485 5054 et
4518 4990 4703 5056 elau-

2751 5096 2900 5139 sum
2943 5096 3018 5140 ac
3053 5081 3423 5157 protectum
3455 5077 3631 5143 latus
3665 5099 4014 5143 numeroso
4049 5078 4366 5160 stipatore
4401 5083 4699 5142 tueatur:

2750 5181 2946 5242 quam
2988 5181 3249 5226 securos
3291 5181 3426 5226 non
3463 5163 3622 5229 sinit
3664 5184 3805 5229 esse
3848 5164 4196 5242 subiectos,
4255 5173 4396 5229 tam
4433 5181 4703 5228 necesse

2752 5255 2852 5310 est
2897 5252 2968 5310 ut
3010 5267 3145 5311 non
3180 5248 3267 5312 sit
3308 5249 3448 5331 ipse
3490 5271 3774 5316 securus.

2923 5332 3107 5397 Hanc
3161 5335 3398 5416 aliquis
3438 5356 3694 5419 aegram
3746 5337 3942 5401 vitam
3984 5336 4267 5419 sustinet]
4324 5334 4708 5416 Exprobrat
