5100 6061
980 1666 1232 1748 QUAE
1279 1661 1728 1731 CONDITIO
1776 1665 1893 1728 ET
1938 1664 2164 1729 VITA
2211 1660 2722 1731 ANIMARUM
2766 1658 3004 1726 POST
3048 1663 3304 1746 HANG
3352 1665 3670 1732 VITAM.
3703 1670 3753 1753 ¹)

535 1844 655 1918 [fol.
701 1843 760 1917 1]
808 1838 889 1902 In
934 1838 1057 1926 hac
1114 1836 1549 1919 disputatione
1606 1834 2014 1919 expolienda,
2061 1842 2137 1899 ut
2183 1855 2315 1898 non

363 1924 652 1989 multum
689 1946 729 1989 a
761 1946 868 1989 1113
904 1922 1105 1989 studii
1140 1930 1435 2006 ponetur,
1473 1923 1570 1987 ita
1620 1921 1882 1987 dabitur
1925 1942 2139 2004 opera,
2185 1940 2314 2003 quo

366 2024 634 2076 sensum
671 2031 907 2088 meum,
947 2031 1146 2092 quam
1182 2008 1663 2091 simplicissima
1697 2008 2178 2091 perspicuitate,
2203 2027 2317 2071 ex-

365 2096 677 2179 plicatum
724 2095 1008 2162 habeant
1062 2095 1354 2160 lectores.
1444 2095 1537 2159 Et
1593 2115 1751 2159 sane
1804 2114 2187 2176 quacunque
2238 2090 2317 2157 de

364 2204 436 2247 re
488 2184 880 2246 instituatur
934 2180 1312 2265 disputatiO,
1381 2201 1583 2262 quum
1652 2181 1892 2262 ubique
1956 2179 2319 2261 plurimum

363 2269 593 2346 refert,
649 2290 789 2332 rem
833 2268 1043 2350 ipsam
1088 2288 1253 2350 quae
1309 2266 1598 2349 agitatur
1647 2273 1714 2331 et
1758 2266 2060 2348 scriptori
2117 2265 2319 2348 probe

362 2362 774 2437 perspectam
826 2375 967 2420 esse
1025 2361 1090 2417 et
1146 2352 1373 2418 lectori
1424 2352 1765 2435 perspicue
1813 2350 2174 2416 definitam:
2235 2372 2319 2415 ne

366 2448 484 2504 aut
539 2440 648 2504 ille
705 2461 858 2504 suos
913 2442 1080 2504 fines
1136 2437 1498 2503 transsiliat
1565 2459 1641 2504 ac
1699 2437 1955 2520 longius
2026 2437 2319 2502 oratione

2422 1853 2547 1914 (1113
2593 1830 3005 1897 evidentibus
3041 1836 3404 1918 scripturae
3431 1838 3822 1905 testimoniis
3849 1856 3968 1905 n‘os
3989 1844 4380 1925 probaturos

2420 1917 2791 2000 recipimus.
2885 1917 3124 1984 Valeat
3168 1920 3275 1987 hic
3310 1922 3627 2005 quidquid
3684 1932 3785 1990 est
3836 1925 4162 1995 humanae
4222 1953 4380 2015 pru-

2423 2001 2710 2067 dentiae:
2758 2023 2923 2085 quae
2966 2006 3179 2071 multa
3222 2006 3485 2090 quidem
3530 2008 3610 2073 de
3648 2011 3868 2076 anima
3911 2015 4169 2096 cogitat,
4216 2017 4381 2083 nihil

2424 2096 2646 2154 tamen
2686 2095 2942 2187 rectum
2967 2090 3017 2175 ¹)
3060 2094 3352 2176 percipit.
3447 2094 3735 2161 Valeant
3793 2097 4190 2199 philosqqhi:
4237 2105 4380 2185 qui-

2421 2175 2562 2253 bus,
2608 2196 2808 2257 quum
2852 2197 2921 2237 111
2966 2178 3266 2245 omnibus
3311 2201 3518 2261 paene
3555 2183 3753 2248 rebus
3799 2183 4064 2250 solenne
4110 2188 4212 2265 sit,
4260 2210 4379 2254 nec

2420 2262 2641 2358 finem,
2679 2281 2799 2325 nec
2834 2261 3101 2326 modum
3137 2266 3350 2330 facere
3377 2265 3908 2347 dissensionibus,
3949 2271 4055 2336 hic
4091 2273 4185 2338 ita
4206 2274 4382 2339 inter

2423 2368 2491 2411 se
2528 2354 2849 2424 tuantur,
2886 2355 2963 2411 ut
2996 2351 3109 2413 vix
3149 2349 3313 2416 duos
3350 2358 3550 2417 testes
3586 2352 3930 2420 habiturus
3968 2358 4076 2434 sis,
4116 2359 4182 2422 in
4220 2380 4379 2441 qua-

2425 2450 2680 2515 cunque
2715 2432 2981 2497 tandem
3017 2436 3322 2517 opinione
3358 2439 3744 2520 acquiescas.
3837 2439 3941 2505 De
3978 2445 4235 2509 animae
4281 2446 4379 2509 fa-

365 2534 710 2609 evagetur,
759 2534 874 2590 aut
925 2525 1032 2591 hic
1077 2525 1146 2588 in
1190 2520 1332 2606 ipso
1389 2522 1846 2607 disputatioms
1904 2516 2132 2622 campo
2178 2524 2319 2588 sine
2371 2574 2374 2619 t
2425 2516 2779 2583 cultatibus
2822 2520 3157 2600 praeclare
3202 2522 3451 2606 aliquot
3489 2524 3646 2589 locis
3681 2525 3897 2590 Plato:
3961 2530 4378 2611 argutissime

270 2662 281 2672 .
365 2623 547 2677 certa
599 2612 709 2678 via
753 2610 1037 2676 aberret:
1100 2620 1242 2675 tum
1287 2609 1355 2673 id
1400 2631 1554 2675 vero
1597 2611 1980 2692 praesertim
2027 2633 2097 2673 111
2142 2610 2320 2674 omni

362 2698 813 2763 controversia
848 2696 1194 2781 diligenter
1217 2695 1723 2760 observandum:
1751 2694 2007 2777 quando
2042 2695 2149 2760 hic
2187 2717 2319 2760 non

2425 2617 2650 2702 autem·
2699 2606 2991 2669 omnium
3049 2606 3438 2673 Aristoteles
3497 2608 3817 2675 disseruit.
3909 2612 4165 2678 Verum
4218 2616 4376 2698 quid

2424 2697 2510 2755 s1t
2546 2710 2782 2766 anima,
2822 2700 2891 2753 et
2926 2692 3100 2756 unde
3136 2695 3237 2772 sit,
3276 2696 3520 2759 frustra
3555 2693 3638 2759 ab
3673 2696 3753 2761 iis
3790 2704 3856 2760 ct
3891 2699 4201 2765 universa
4237 2722 4377 2765 om-

364 2782 641 2848 docendi
676 2783 886 2847 solum
915 2782 1217 2848 habenda
1253 2801 1428 2860 cura,
1467 2781 1580 2846 sed
1610 2802 1757 2846 cum
1796 2779 2168 2846 adversario
2205 2803 2318 2845 113-
2367 2790 2373 2859 1
2422 2775 2580 2839 111110
2625 2776 2996 2857 sapientum
3051 2780 3316 2843 natione
3373 2802 3677 2862 quaeras,
3735 2804 4111 2865 quanquam
4164 2786 4374 2851 multo

362 2870 619 2954 gotium
654 2876 770 2946 est,
808 2870 914 2951 qui
954 2877 1129 2934 certe
1166 2868 1269 2949 (ut
1310 2868 1445 2932 fere
1482 2875 1642 2932 sunt
1662 2868 2002 2931 hominum
2024 2866 2319 2951 ingenia)
2368 2864 2373 2925 f

2423 2873 2598 2927 certe
2643 2869 2709 2925 et
2747 2861 3133 2944 prudentius
3177 2872 3244 2928 et
3285 2866 3598 2930 sincerius
3634 2876 3996 2946 senserunt,
4036 2892 4232 2952 quam
4267 2872 4376 2935 isti

362 2977 489 3019 1100
526 2956 699 3021 vinei
728 2976 797 3019 ge
832 2976 1121 3038 unquam
1140 2955 1429 3038 patietur
1466 2953 1593 3017 nisi
1627 2953 2045 3032 anitUS,³neo
2070 2955 2317 3019 victum
2367 2934 2373 3005 Ι
2421 2948 2648 3025 nostri,
2695 2948 2806 3029 qul
2850 2969 2919 3011 ΒΘ
2960 2947 3210 3014 Christi
3252 2950 3601 3033 dlSOiPUlOS
3645 2974 3787 3018 OSSO
3828 2955 4210 3037 gloriantur.

365 3064 438 3107 se
477 3041 791 3108 fatebitur
813 3062 1008 3124 quam
1046 3041 1160 3106 diu
1181 3040 1566 3120 cavillando,
1593 3039 1970 3119 restitando,
1995 3041 2313 3124 tergiver-

364 3127 589 3207 sando,
624 3128 855 3192 ludere
876 3149 967 3195 -ac
1005 3127 1268 3193 delicias
1304 3129 1515 3192 facere
1550 3127 1805 3210 poterit.
1873 3127 2058 3191 Haec
2095 3133 2315 3191 autem

363 3215 615 3296 optima
656 3212 997 3296 premendi
1015 3265 1031 3293 ,
1076 3213 1571 3298 stringendique
1630 3211 2014 3292 adversarii,
2062 3235 2144 3277 ne
2188 3231 2319 3294 qua

366 3299 684 3378 elabatur,
731 3301 896 3364 ratio
933 3308 1055 3364 est:
1103 3300 1160 3364 si
1204 3301 1686 3366 controversiae
1732 3306 1927 3382 caput
1970 3300 2061 3362 ita
2105 3297 2317 3381 desig-

364 3396 525 3450 nate
570 3384 976 3469 dilucideque
1021 3386 1336 3468 explices,
1395 3407 1470 3450 ac
1512 3387 1579 3450 in
1626 3384 1918 3449 medium
1972 3404 2315 3467 proponas,

364 3480 463 3550 nt,
510 3473 697 3555 quasi
740 3472 812 3535 in
855 3493 997 3536 rem
1045 3480 1475 3553 praesentem,
1531 3492 1731 3535 manu
1787 3477 2161 3535 consertum
2205 3483 2323 3534 vo-'

367 3579 519 3624 care
563 3558 788 3639 possis.

540 3644 644 3708 De
668 3643 951 3709 hominis
974 3665 1129 3727 ergo
1154 3643 1371 3707 anima
1395 3642 1582 3707 nobis
1603 3649 1931 3706 certamen
1968 3649 2084 3719 est,
2122 3661 2319 3723 quam

2592 3033 2787 3099 Prius
2831 3041 3052 3100 tamen
3093 3057 3290 3119 quam
3331 3037 3596 3121 longius
3642 3041 4156 3123 progrediamur,
4210 3064 4372 3108 ansa

2420 3119 2864 3204 logomachiae
2906 3121 3365 3203 praecidenda:
3405 3144 3602 3206 quam
3646 3129 3934 3209 arripere
3977 3149 4060 3192 ex
4103 3149 4179 3192 eo
4224 3150 4372 3211 pos-

2424 3214 2588 3283 sent,
2634 3207 2805 3289 quod
2840 3229 3017 3273 nunc
3063 3209 3366 3291 spiritum
3411 3218 3476 3273 et
3519 3211 3806 3275 animam
3850 3213 4213 3295 promiscue
4257 3236 4372 3279 vo-

2423 3292 2715 3357 cabimus
2757 3293 2825 3357 id
2870 3292 2950 3358 de
2994 3316 3118 3376 quo
3162 3316 3339 3360 nunc
3383 3294 3569 3361 nobis
3612 3300 4056 3363 controversia
4097 3307 4225 3363 est:
4272 3302 4374 3364 in-

2422 3376 2713 3456 tardum,
2751 3386 2825 3443 ut
2870 3379 3146 3460 diversa,
3196 3380 3501 3447 distincte
3546 3384 4055 3449 enunciabimus.
4146 3391 4264 3466 [fol.
4306 3391 4371 3465 2]

2423 3463 2598 3527 Nam
2641 3463 2747 3529 hic
2789 3472 2888 3529 est
2929 3487 3086 3532 usus
3129 3469 3508 3551 scripturae,
3557 3469 3712 3534 dare
3747 3469 3851 3535 his
3894 3470 4111 3536 verbis
4156 3473 4375 3538 varias

2425 3549 2862 3648 acceptiones:
2921 3572 3200 3634 quarum
3248 3553 3538 3638 plerique
3598 3555 3756 3620 dum
3809 3557 4058 3621 nullam
4129 3557 4377 3623 habent

2424 3641 2763 3714 rationem,
2810 3643 2886 3700 ut
2927 3655 3220 3720 quaeque
3259 3641 3475 3721 prima
3507 3641 3632 3705 sibi
3675 3643 3975 3722 occurrit,
4015 3663 4160 3708 33111
4204 3666 4375 3709 11101·-

369 3729 482 3796 3111
524 3730 819 3793 fatentur
854 3728 1114 3811 quidem
1170 3749 1311 3793 esse
1368 3728 1638 3811 aliquid:
1689 3725 1804 3792 sed
1830 3753 1833 3760 ¹
1859 3723 1905 3790 a'
1950 3733 2190 3804 morte,
2238 3725 2322 3790 ad
2427 3720 2611 3785 dicus
2667 3727 2896 3786 tenent
2949 3730 3014 3787 et
3068 3725 3492 3805 pervicaciter
3547 3725 3919 3792 defendunt.
4009 3729 4375 3812 Aliquoties

368 3803 596 3881 ffimeii
632 3837 838 3897 usque
874 3815 1064 3894 diem,
1103 3835 1230 3897 quo
1255 3835 1289 3878 3
1325 3835 1551 3879 30111110
1588 3835 1703 3879 3110
1726 3813 2143 3896 expergefiet,
2181 3813 2320 3877 31113

366 3902 716 3979 memoria,
760 3902 901 3966 sine
943 3900 1401 3984 intelligentia,
1448 3901 1589 3964 sine
1634 3921 1827 3964 sensu
1872 3898 2156 3963 dormire
2198 3919 2321 3981 pu-

367 3996 529 4053 tant.
622 3987 754 4074 aiij
804 3987 971 4050 nihil
1014 3987 1234 4051 minus
1268 4007 1463 4069 quam
1508 3986 1943 4051 substantiam
1983 4005 2125 4050 esse
2169 4005 2322 4049 con-

372 4073 615 4140 cedunt
627 4071 649 4138 :⁷
687 4053 802 4137 se'd
840 4074 973 4138 vim
1015 4071 1340 4137 duntaxat
1377 4072 1553 4137 vitae
1599 4093 1741 4136 esse
1766 4072 1981 4147 aiunt,
2072 4092 2195 4134 uae
2240 4092 2324 4134 ex

373 4160 610 4242 spiritu
667 4160 973 4237 arteriae,
1034 4167 1147 4223 aut
1201 4159 1585 4240 pulmonum
1639 4158 1991 4241 agitatione
2081 4157 2321 4221 ucitur:

373 4255 442 4310 et
476 4247 630 4330 quia
665 4246 806 4310 31113
843 4266 1110 4329 corpore
1156 4245 1444 4310 subiecto
1487 4243 1842 4309 subsistere
1891 4243 2135 4325 nequit,
2181 4241 2323 4306 idco

370 4353 508 4397 una
552 4354 705 4397 cum
749 4352 1019 4413 corpore
1062 4332 1288 4395 interit
1331 4338 1397 4394 et
1433 4327 1854 4413 evanescit,²)
1900 4328 2106 4394 donec
2150 4335 2325 4392 totus

2424 3807 2727 3890 legerunt
2771 3809 3059 3871 animam
3105 3831 3221 3892 pro
3266 3811 3430 3876 vita:
3473 3811 3541 3875 id
3585 3820 3977 3895 perpetuum
4020 3822 4260 3896 putant
4308 3823 4374 3878 et

2425 3893 2656 3958 acerbe
2712 3895 3117 3957 confirmant.
3208 3897 3303 3959 At
3352 3898 3408 3960 si
3465 3898 3610 3980 quis
3654 3906 3882 3963 contra
3925 3899 4184 3964 obiiciat
4227 3921 4374 3966 ver-

2426 3999 2574 4044 sum
2629 3978 2906 4044 Davidis
2950 3981 3153 4060 (Psal.
3190 3985 3293 4060 49,
3337 3983 3468 4066 19):
3527 3983 3775 4048 Anima
3830 4005 4058 4049 eorum
4111 3986 4181 4049 in
4239 3986 4378 4051 vita

2427 4062 2875 4130 benedicetur:
2930 4065 3540 4149 interpretabuntur
3593 4071 3798 4134 vitam
3856 4072 3924 4133 in
3984 4070 4126 4135 vita
4182 4072 4379 4136 bene-

2428 4149 2601 4214 dici?
2661 4148 2981 4215 Similiter
3026 4153 3080 4216 si
3121 4152 3301 4218 locus
3340 4154 3453 4219 ille
3499 4177 3582 4219 ex
3630 4154 3937 4219 Samuele
3974 4157 4376 4238 proferatur:

2426 4236 2561 4300 Per
2596 4237 2803 4300 vitam
2839 4243 3053 4316 tuam,
3105 4245 3171 4304 et
3211 4260 3329 4321 per
3363 4240 3566 4305 vitam
3592 4241 3850 4304 animae
3893 4248 4044 4306 tuae
4091 4243 4157 4325 (2
4199 4241 4377 4309 Sam.

2435 4327 2530 4400 11,
2578 4321 2716 4404 11);
2756 4344 2841 4387 311
2885 4324 3029 4389 istis
3065 4324 3284 4423 xserbis
3319 4325 3481 4389 nihil
3521 4325 3874 4409 significari
3913 4325 4173 4392 dicent?
4241 4330 4380 4395 Nos

368 4417 566 4484 homo
604 4418 971 4483 suscitetur.
1041 4418 1176 4482 Nos
1211 4438 1368 4482 vero
1404 4423 1470 4480 et
1495 4414 1928 4480 substantiam
1948 4436 2092 4480 esse
2113 4415 2325 4498 ipsam
2429 4409 2646 4490 itaque
2691 4410 2949 4488 scimus,
2997 4432 3281 4475 ammam
3326 4412 3701 4494 saepissime
3743 4433 3864 4494 pro
3907 4413 4048 4478 vita
4091 4415 4264 4497 poni,
4310 4423 4384 4480 ut

367 4504 848 4580 contendimus,
888 4510 955 4568 et
998 4524 1152 4568 vere
1188 4509 1335 4585 post
1372 4502 1658 4584 corporis
1694 4501 2039 4566 interitum
2074 4502 2321 4579 vivere,

368 4613 571 4656 sensu
602 4587 910 4656 videlicet
946 4597 1012 4654 et
1044 4588 1480 4673 intelligentia
1514 4586 1910 4669 praeditam:
1960 4609 2035 4652 ac
2071 4594 2327 4651 utrum-

2428 4495 2500 4558 in
2536 4494 2683 4558 istis
2716 4493 2903 4559 locis:
2951 4497 3195 4561 Anima
3216 4518 3364 4562 mea
3386 4498 3456 4561 in
3492 4498 3794 4563 manibus
3821 4499 3986 4564 meis
4015 4500 4218 4581 (Psal.
4241 4505 4379 4579 119,

2438 4580 2618 4661 109);
2662 4580 2848 4644 item:
2890 4579 3111 4661 Quare
3146 4583 3358 4648 lacero
3394 4605 3622 4649 carnes
3655 4605 3837 4650 meas
3874 4585 4178 4650 dentibus
4200 4590 4381 4667 meis,

2431 4673 2499 4731 et
2518 4667 2809 4731 animam
2830 4688 3046 4732 meam
3069 4675 3254 4750 porto
3288 4670 3358 4734 in
3377 4669 3682 4735 manibus
3705 4671 3869 4735 meis
3909 4669 4071 4754 (Iob.
4103 4675 4199 4749 13,
4231 4673 4339 4756 14)
4353 4672 4384 4735 P

2429 4752 2616 4816 item:
2674 4752 2935 4832 Nonne,
2989 4755 3211 4818 anima
3255 4756 3466 4838 pluris
3519 4763 3621 4819 est
3670 4777 3865 4838 quam
3912 4776 4059 4821 esca
4113 4756 4383 4841 (Matth.

516 4864 574 4929 1)
635 4863 937 4930 Insmffiio
991 4863 1122 4916 haec
1172 4860 1369 4928 ἱερέων
1422 4861 1484 4912 in
1540 4858 1871 4913 editionibus
1924 4861 2048 4912 ant·
2084 4863 2328 4916 uiorffim
2435 4843 2492 4918 6,
2533 4837 2689 4922 25)?
2731 4839 2918 4902 item:
2959 4837 3194 4919 Stulte,
3233 4842 3451 4906 anima
3492 4850 3608 4907 tua
3651 4841 3775 4907 hac
3814 4849 4004 4906 nocte
4050 4851 4384 4925 repetetur

378 4931 744 4986 1542—1563.
802 4932 968 4986 Abest
1003 4947 1039 4984 a
1075 4930 1417 4998 sequentibus
1454 4925 1810 4980 1576—1611.
1871 4928 1976 4981 Am
2076 4930 2326 4984 odamen-

377 5002 462 5054 sis
495 5000 728 5070 denique
761 5000 859 5055 hoc
892 5001 1006 5054 loco
1050 5004 1338 5067 utramque
1382 4998 1597 5050 titulum
1642 4997 1868 5051 iunctim
1915 4998 2150 5052 exhibet.-
2194 4998 2325 5079 Psy-

379 5070 793 5138 chopannychia
827 5086 934 5137 (1113
967 5068 1234 5122 refellitur
1270 5065 1601 5135 quorundam
1636 5067 2003 5134 imperitorum
2048 5083 2200 5121 error
2237 5085 2328 5135 qm

378 5139 587 5193 animas
630 5143 757 5206 post
800 5145 1027 5192 mortem
1062 5152 1231 5204 usque
1279 5135 1349 5189 ad
1382 5135 1626 5188 ultimum
1673 5135 1921 5188 iudicium
1956 5136 2185 5191 dormire
2224 5152 2326 5257 ffi
2432 5173 2568 5182 -—--

378 5214 518 5275 tant,
555 5206 815 5275 simulque
852 5206 1078 5261 docetur
1113 5221 1249 5273 quae
1287 5205 1358 5259 sit
1392 5203 1627 5257 conditio
1665 5209 1757 5257 etc.
1964 5202 2025 5271 2)
2064 5203 2157 5259 Sic
2191 5204 2220 5257 1

380 5281 436 5330 et
475 5276 655 5329 versio
695 5275 910 5342 qallica.
988 5274 1334 5329 Recentiores
1381 5286 1564 5326 omnes
1610 5271 1741 5326 inde
1788 5287 1824 5324 a
1872 5271 2008 5327 1545
2056 5274 2330 5329 scribunt.-

379 5346 599 5398 interire
634 5350 693 5402 et
726 5360 1048 5399 evanescere
1085 5343 1307 5412 fingunt.

593 5428 816 5485 Oalvini
838 5445 1022 5500 opera.
1084 5430 1198 5485 Vol.
1245 5429 1307 5485 V.

2434 4928 2548 4992 abs
2589 4935 2656 4992 te
2701 4927 2893 5010 (Luc.
2950 4932 3057 5007 12,
3107 4926 3250 5011 20);
3294 4936 3362 4992 et
3399 4927 3740 5007 similibus,
3786 4948 3948 5009 quos
3992 4928 4104 4992 isti
4147 4930 4379 4994 animi-

2434 5012 2616 5078 cidae
2662 5032 2918 5094 semper
2958 5014 3028 5078 in
3071 5035 3182 5079 ore
3216 5013 3478 5079 habent.
3570 5014 3721 5078 Non
3765 5020 3985 5078 tamen
4030 5021 4159 5094 est,
4206 5016 4377 5098 quod

2572 5271 2631 5334 1)
2681 5269 2774 5325 Sic
2826 5274 2945 5327 sola
2991 5270 3150 5340 1542,
3197 5289 3429 5342 quacum
3486 5273 3752 5326 consentit
3800 5270 3996 5325 Gallus
4042 5273 4140 5340 qui
4191 5273 4382 5329 habet.-

2435 5357 2537 5409 pur
2573 5349 2628 5393 et
2662 5340 2818 5394 droit.
2895 5341 3149 5397 δαείω-αθ
3182 5341 3390 5410 layum:
3428 5350 3646 5395 certum.

3917 5425 3982 5477 12
