5100 6061
339 424 452 484 141

1634 418 1925 484 LIBER
1967 418 2020 482 I.
2113 416 2415 484 CAPUT
2460 415 2687 483 XXV.
2753 418 3016 483 XXVI.

4219 427 4335 488 142

333 617 561 675 cantur
609 618 1057 692 tyrannorum
1092 608 1464 686 saevitiam,
1521 628 1685 690 quae
1740 615 1837 672 tot
1887 606 2163 706 populos
2217 614 2283 670 et
2329 613 2335 673 ἱ
2370 604 2501 669 bro
2524 604 2715 671 VIL:
2776 607 3083 690 Denique
3142 562 3399 674 caetera
3454 608 3762 675 animalia
3813 610 3886 673 in
3940 631 4056 675 suo
4099 632 4341 695 genere

331 704 426 759 tot
449 706 661 761 terras
696 696 956 779 premit,
988 715 1188 777 quum
1226 693 1295 757 id
1317 714 1559 777 magna
1593 715 1707 777 spe
1742 693 2154 776 impunitatis
2188 693 2281 756 fa-

330 802 472 846 cere
505 780 802 881 possint?
864 781 1219 845 Memmius
1252 778 1428 862 apud
1465 778 1861 845 Salustium.
1901 777 2092 845 Servi
2131 799 2281 843 aere

330 869 537 949 parati
588 868 839 933 iniusta
896 866 1175 948 imperia
1233 863 1645 931 dominorum
1710 888 1844 931 non
1910 866 2278 947 perferunt:

334 974 466 1032 vos,
512 951 830 1033 Quirites,
885 953 957 1016 in
1001 953 1276 1035 imperio
1317 952 1479 1031 nati,
1515 953 1899 1018 servitutem
1945 949 2279 1016 toleratis?

506 1040 629 1104 Sed
672 1045 836 1120 puta
890 1044 1087 1103 tutam
1141 1036 1298 1123 esse]
1355 1038 1707 1103 Concessio
1765 1060 1879 1103 seu
1936 1036 2279 1119 permissio

332 1126 673 1191 rhetorica.

516 1211 873 1293 Voluptates
914 1212 1092 1291 ipsae
1136 1207 1455 1296 timentur]
1514 1210 1699 1274 Haec
1744 1210 1964 1274 omnia
2019 1209 2279 1272 tametsi

329 1301 391 1365 in
453 1307 776 1383 tyrannos
830 1298 1261 1376 conveniunt,
1329 1306 1405 1361 ιιι
1467 1297 1537 1359 ιιι
1597 1316 1706 1360 eos
1763 1296 1874 1377 qui
1929 1293 2280 1379 tyrannide

326 1391 731 1466 premuntur,
778 1383 961 1449 locus
1003 1391 1225 1447 tamen
1263 1383 1550 1465 postulat
1593 1388 1667 1446 ut
1711 1379 1791 1446 de
1835 1382 1915 1446 iis
1950 1379 2279 1463 intelliga-

324 1492 469 1535 mus
516 1469 662 1543 dici,
710 1469 821 1552 qui
866 1468 988 1532 sub
1032 1480 1316 1569 tyranno
1355 1470 1622 1533 vivunt:
1671 1467 1842 1550 quod
1880 1490 1963 1531 ει
2000 1487 2278 1549 sequen-

326 1554 499 1621 tibus
544 1556 733 1621 facile
773 1555 1186 1653 perspicitur.

496 1641 647 1707 Non
700 1642 979 1706 convivia
1033 1661 1253 1705 secura
1308 1642 1551 1716 ineunt,
1618 1640 1686 1703 in
1742 1639 1970 1721 quibus
2027 1634 2333 1729 linqua]

229 1748 234 1757 ·
324 1727 513 1805 Nam,
563 1738 637 1791 ut
680 1729 773 1792 ait
813 1726 1046 1792 Horat.
1095 1726 1167 1790 in
1207 1727 1403 1790 Arte:

533 1840 709 1909 Reges
746 1839 1000 1893 dicuntur
1033 1838 1211 1893 multis
1248 1853 1441 1906 urgere
1480 1836 1710 1903 culullis‚

529 1907 605 1963 Et
639 1919 914 1989 torquere
935 1923 1104 1973 mero,
1142 1924 1299 1975 quem
1336 1907 1681 1975 perspexisse
1718 1905 1971 1959 laborant

527 1980 616 2030 An
656 1978 728 2032 ειι
761 1976 999 2030 amicitia
1036 1977 1246 2044 dignus.

330 2073 575 2138 Notum
621 2078 720 2136 est
764 2078 829 2135 et
871 2069 1039 2134 illud
1072 2070 1304 2134 Plinii.
1351 2068 1488 2133 Alii
1529 2069 1867 2133 mortifera
1906 2070 2278 2151 loquuntur,

332 2158 785 2240 rediturasque
827 2178 947 2238 per
989 2157 1284 2240 iugulum
1331 2176 1527 2220 voees
1573 2176 1705 2218 non
1750 2157 2103 2220 continent.

503 2243 653 2309 Non
696 2243 1045 2325 spectacula
1089 2264 1166 2306 ea:
1208 2239 1466 2327 quibus]
1514 2241 1696 2304 Bene
1734 2239 1902 2305 dixit
1935 2242 2279 2305 materiam

332 2330 623 2396 criminis
670 2348 745 2395 ac
785 2327 1059 2410 periculi
1114 2328 1249 2411 peti
1305 2349 1387 2392 ex
1444 2326 1851 2426 spectaculis
1920 2327 2057 2391 Vix
2102 2329 2278 2391 enim

334 2416 751 2481 abstinebant
795 2415 1173 2492 histriones,
1236 2415 1391 2497 quin
1450 2413 1627 2477 locos
1673 2414 1967 2496 insignes
2015 2434 2094 2478 ex
2141 2419 2279 2477 tra-

330 2501 574 2587 goediis
621 2508 737 2566 aut
781 2500 1110 2565 attellanis
1155 2507 1537 2582 torquerent
1571 2500 1641 2561 in
1677 2500 1882 2564 malos
1925 2499 2276 2580 principeS,

2384 691 2584 773 probe
2631 691 2904 776 degunt:
2964 696 3347 779 congregari
3389 694 3714 773 videmuS,
3775 703 3840 759 et
3897 706 4074 761 Stare
4114 705 4343 762 contra

2386 776 2744 842 dissimilia.
2813 778 3112 845 Leonum
3147 781 3374 845 feritas
3405 781 3579 846 inter
3601 803 3671 846 se
3706 803 3835 845 non
3873 780 4158 861 dimicat,
4203 805 4339 848 ser-

2384 864 2679 944 pentium
2717 885 2975 930 morsus
3020 888 3153 931 non
3198 867 3362 950 petit
3383 876 3775 967 serpentes:
3822 889 3908 933 ne
3953 869 4154 933 maris
4197 870 4339 951 qui-

2385 947 2535 1013 dem
2579 947 2810 1014 beluae
2857 971 2932 1015 ac
2976 953 3212 1033 pisces,
3272 954 3401 1017 nisi
3457 953 3524 1016 ιιι
3586 953 3847 1018 diversa
3945 975 4143 1019 encra
4197 976 4339 1020 sae·

2385 1033 2594 1099 viunt.
2685 1036 2778 1098 At
2822 1034 3085 1101 hercule
3131 1039 3382 1103 homini
3427 1061 3511 1104 ex
3556 1039 3820 1103 homine
3864 1060 3905 1122 p
3935 1040 4149 1103 urima
4183 1049 4338 1107 Sunt

2386 1121 2576 1185 mala.
2668 1119 3120 1201 Quintilianus
3184 1126 3255 1187 ιιι
3312 1125 3512 1190 Pasto
3579 1125 3925 1191 cadavere:
3994 1124 4144 1192 Hoc
4207 1148 4339 1191 non

2384 1227 2611 1271 omnes
2654 1207 2831 1271 ferae
2867 1209 3140 1273 faciunt:
3189 1218 3255 1273 et
3287 1212 3587 1293 quamvis
3624 1233 3820 1276 sensu
3855 1219 4121 1276 careant
4154 1220 4342 1277 muta

2386 1292 2716 1371 animalia,
2761 1293 3070 1376 pleraque
3111 1302 3331 1359 tamen
3369 1298 3825 1363 innocentibus
3862 1295 4022 1362 cibis
4057 1318 4339 1379 pascun-

2386 1388 2494 1441 tur
2550 1378 2678 1460 (uti
2734 1400 2985 1461 quoque
3044 1393 3448 1446 consuerunt
3502 1383 3676 1446 inter
3730 1382 4084 1463 homines):
4142 1385 4340 1447 etiam

2385 1465 2440 1527 si
2487 1485 2618 1545 qua
2661 1464 2894 1529 alienis
2952 1465 3263 1531 membris
3318 1468 3706 1550 imprimunt
3762 1466 4055 1545 dentem,
4113 1480 4340 1533 mutuo

2384 1557 2604 1613 tamen
2651 1550 2900 1616 laniatu
2947 1552 3302 1617 abstinent.
3367 1575 3486 1618 nec
3542 1564 3644 1618 est
3697 1554 3832 1618 ulla
3885 1575 4084 1636 supra
4128 1564 4339 1619 terras

2386 1634 2546 1699 adeo
2590 1637 2848 1702 rabiosa
2890 1637 3114 1712 belua,
3173 1640 3275 1703 cui
3339 1659 3473 1703 non
3533 1640 3750 1723 imago
3796 1660 3917 1704 sua
3961 1649 4188 1704 sancta
4234 1641 4334 1705 sit.

2387 1720 2714 1787 Iuvenalis
2756 1721 3003 1807 Satyra
3045 1689 3230 1787 X'V.:

2557 1823 2662 1877 Sed
2697 1826 2802 1877 iam
2841 1834 3152 1893 serpentum
3188 1827 3360 1880 maior
3396 1827 3702 1892 concordia,
3743 1828 3916 1893 parcit

2558 1893 2813 1959 cognatis
2850 1894 3072 1948 maculis
3110 1896 3294 1949 similis
3330 1895 3462 1948 fera.
3539 1895 3764 1959 Quando
3803 1896 3945 1948 leoni
4037 1938 4041 1942 .

2557 1962 2779 2016 Fortior
2814 1964 3010 2029 eripuit
3046 1962 3206 2016 vitam
3245 1965 3374 2017 leo?
3411 1981 3516 2031 quo
3555 1979 3778 2017 nemore
3816 1979 4046 2031 unquam

2556 2031 2867 2098 Exspiravit
2904 2048 3037 2098 aper
3071 2033 3291 2086 maioris
3327 2032 3578 2087 dentibus
3615 2034 3771 2100 apri?

2557 2099 2741 2153 ludica
2778 2100 2928 2167 tigris
2965 2101 3078 2181 agit
3113 2101 3303 2168 rapida
3341 2117 3460 2154 cum
3497 2101 3688 2182 tigride
3728 2116 3945 2169 paeem3

2559 2169 2886 2235 Perpetuum
2925 2169 3100 2222 saevis
3138 2170 3276 2222 inter
3312 2186 3369 2222 se
3409 2172 3661 2224 convenit
3698 2171 3851 2223 ursis.

2384 2253 2705 2319 Horatius
2750 2255 2816 2318 in
2862 2253 3138 2337 EpodiS:

2691 2356 2814 2410 Non
2851 2358 2938 2410 hic
2975 2358 3118 2424 lupis
3153 2374 3288 2437 mos,
3324 2372 3424 2411 nec
3462 2357 3565 2411 fuit
3600 2358 3884 2424 rapacibus

2795 2426 3036 2494 Unquam
3075 2428 3174 2479 nisi
3214 2428 3265 2479 in
3303 2427 3488 2495 dispar
3531 2427 3677 2479 feris.

2384 2511 2836 2594 Augustinus,
2885 2533 3141 2609 quoque
3184 2512 3351 2578 libro
3397 2512 3558 2576 XII.
3608 2511 3687 2575 de
3732 2511 4051 2575 Civitate:
4111 2512 4341 2595 Neque

330 2589 384 2654 si
426 2590 496 2653 ιιι
541 2608 758 2652 ιιιοιεε
802 2608 1025 2652 εοιιιιιι
1072 2586 1302 2651 cadere
1336 2585 1738 2649 viderentur.
1832 2584 2017 2666 Quae
2062 2586 2115 2648 si
2162 2606 2276 2649 ex·

330 2674 704 2758 ciperentur
747 2694 1062 2738 consensu
1108 2668 1174 2736 dt
1218 2672 1538 2754 applausu
1590 2671 1843 2752 populi,
1903 2678 1970 2735 et
2024 2681 2278 2736 actores

331 2769 394 2826 et
433 2767 835 2843 spectatores
880 2759 1302 2840 rapiebantur
1338 2757 1421 2821 ad
1456 2777 1753 2838 poenam.
1823 2758 2045 2822 Pauca
2081 2778 2278 2838 quae-

331 2846 480 2910 dam
526 2846 811 2927 exempli
855 2850 1003 2923 [pag.
1047 2850 1195 2923 135]
1243 2864 1439 2908 causa
1483 2841 1918 2908 subiiciemus.
2008 2843 2277 2907 Tiberio

329 2933 715 3015 imperante,
754 2951 967 3013 quum
1013 2932 1082 2994 in
1127 2930 1501 2995 attellanico
1547 2928 1778 2993 exodio
1822 2930 2047 2994 hircus
2093 2941 2279 2993 vetu-

328 3020 430 3085 lus
496 3019 746 3101 capreis
807 3028 1113 3083 naturam
1172 3016 1502 3100 liguriret,
1558 3018 1741 3081 visus
1796 3026 1897 3082 est
1949 3014 2277 3100 designari

328 3106 633 3208 liguritor
679 3106 997 3171 Tiberius.
1088 3105 1179 3167 Et
1232 3111 1568 3200 spectante
1622 3103 2017 3185 imperatore
2061 3103 2278 3166 Maxi·
2327 3113 2332 3180 1

328 3194 532 3271 mino,
593 3194 702 3275 qui
760 3214 829 3257 se
883 3192 964 3256 ob
1010 3191 1385 3255 vastitatem·
1404 3173 1504 3254 et
1559 3189 1756 3254 robur
1809 3190 2100 3282 eorporis
2155 3190 2278 3252 im·
2327 3191 2333 3260 !

328 3245 671 3343 mortalem
717 3277 1038 3354 credebat,
1086 3277 1503 3358 pronunciati
1550 3284 1705 3341 sunt
1746 3295 2009 3341 versus:
2034 3277 2085 3360 ¹)

428 3381 505 3435 Et
536 3382 629 3449 qui
664 3381 733 3434 ab
770 3397 875 3434 uno
912 3396 1022 3433 non
1060 3386 1242 3447 potest
1279 3378 1466 3445 occidi,
1503 3395 1537 3432 a
1572 3379 1753 3433 multis
1793 3379 2068 3433 occiditur.

2383 2596 2561 2660 enim
2606 2617 2899 2678 unquam
2943 2598 3121 2662 inter
3165 2620 3234 2663 se
3289 2599 3542 2669 leones,
3603 2607 3717 2661 aut
3772 2600 3946 2661 inter
3989 2619 4059 2662 se
4114 2598 4340 2664 draco-

2382 2703 2517 2759 nes,
2562 2681 2784 2764 qualia
2826 2684 3001 2747 inter
3046 2705 3113 2748 se
3160 2684 3478 2760 homineS‚
3525 2651 3697 2748 bella
3740 2691 4103 2766 gesserunt.

2555 2784 2888 2849 Abs-tinent
2929 2784 3096 2872 suis]
3146 2786 3352 2850 Varia
3407 2794 3508 2851 est
3565 2786 3762 2850 huius
3806 2784 3990 2850 verbi
4037 2788 4340 2869 syntaxis

2382 2872 2451 2935 in
2495 2871 2620 2936 hac
2665 2871 3160 2954 significatione.
3252 2872 3486 2936 Livius
3531 2872 3698 2937 libro
3743 2872 3830 2936 I..
3885 2870 4162 2936 Duobus
4206 2872 4339 2935 Ae-

2381 2978 2508 3021 nea
2534 2959 3000 3040 Antenoi-eque
3038 2977 3228 3022 omne
3264 2958 3367 3022 ius
3402 2957 3558 3022 belli
3597 2957 3886 3022 Achivos
3922 2956 4334 3023 abstinuisse.

2382 3044 2700 3109 Horatius
2746 3043 3132 3108 Garminum
3176 3045 3338 3109 ΠΙ..

3206 3148 3511 3215 Αιιειιιιειο,

2625 3217 2788 3284 Dixit,
2827 3217 3024 3269 irarum
3062 3216 3373 3284 calidaeque
3413 3190 3558 3284 [pag.
3597 3213 3719 3283 136]
3757 3216 3925 3269 rixae.

2327 3249 2333 3358 i
2384 3303 2620 3368 Livius
2663 3303 2829 3367 libro
2874 3302 3100 3367 XXI.
3145 3303 3238 3367 Et
3283 3301 3594 3367 Annibali
3640 3300 4132 3379 denunciarent,
4178 3310 4256 3364 ut
4299 3322 4338 3366 a

431 3451 677 3517 Elephas
712 3449 931 3518 grandis
967 3456 1069 3515 est,
1106 3457 1163 3502 et
1200 3446 1474 3502 occiditur.

429 3519 547 3573 Leo
585 3518 741 3573 fortis
779 3528 879 3584 est,
918 3527 973 3571 et
1010 3517 1285 3570 occiditur.

432 3588 609 3657 Tigris
646 3588 803 3641 fortis
839 3595 940 3654 est,
978 3595 1035 3639 et
1069 3585 1344 3639 occiditur.

431 3656 574 3711 Cave
612 3656 828 3723 multos,
867 3657 911 3709 si
950 3653 1189 3723 singulos
1226 3671 1333 3707 non
1370 3654 1541 3708 times,

332 3744 505 3808 Hinc
550 3743 794 3806 factum
839 3747 941 3804 est
981 3747 1053 3803 ut
1095 3740 1420 3839 principes
1478 3740 1654 3804 mala
1699 3739 2097 3804 conscientia
2131 3759 2279 3821 per-

332 3830 513 3908 culsi,
559 3826 877 3911 quaedam
923 3825 1007 3890 ad
1051 3847 1121 3889 se
1167 3821 1587 3908 pertinentia,
1635 3825 1818 3908 quasi
1865 3825 1944 3890 de
1989 3847 2058 3889 se
2104 3824 2279 3891 dicta

331 3926 566 3990 essent,
611 3934 821 3996 prava
865 3912 1231 3995 suspicione
1277 3911 1704 3977 vindicarent.

500 4003 934 4082 Apparentur,
970 3999 1191 4079 inquit,
1224 3995 1388 4083 licet]
1426 3998 1664 4063 Haec
1647 4020 1718 4062 ιιι
1752 4019 2031 4081 persona
2062 3997 2279 4061 cuius-

330 4088 487 4153 libet
520 4087 699 4164 civiS,
736 4085 846 4167 qui
884 4083 1090 4149 satius
1127 4083 1323 4148 ducat
1356 4085 1621 4148 omnino
1656 4083 1985 4148 abstinere
2020 4104 2060 4146 a
2096 4104 2279 4166 spec·

334 4173 596 4251 tacuIiS,
643 4192 836 4254 quam
885 4171 1054 4235 tanti
1100 4169 1420 4234 redimere
1478 4168 1744 4236 brevem
1797 4169 2144 4249 laetitiam,
2205 4177 2281 4234 ut

335 4259 412 4325 de
452 4259 605 4324 ludo
649 4260 718 4321 in
764 4277 1092 4323 carcerem
1136 4254 1455 4320 trahatur.

510 4347 681 4426 Quae
736 4344 872 4408 alia
927 4344 1056 4406 vita
1109 4339 1289 4427 esset]
1347 4341 1795 4426 Exaggeratio
1851 4363 1891 4405 a
1943 4346 2299 4424 eompara-⁸

337 4434 522 4498 tione.

507 4518 553 4581 I
556 4518 647 4583 lla
679 4515 945 4580 rationis
980 4511 1285 4614 expedia]
1333 4512 1487 4578 Alia
1521 4514 1940 4598 exaggeratio
1976 4535 2093 4596 per
2130 4535 2295 4578 con-

337 4605 706 4669 tentionem.
795 4601 982 4665 Haec
1025 4622 1202 4665 emm
1246 4608 1424 4665 mter
1465 4620 1535 4664 se
1579 4606 2084 4699 componuntur,
2141 4599 2281 4663 ani-

339 4690 531 4756 malia
564 4689 835 4755 rationis
872 4688 1183 4769 expertia,
1221 4686 1417 4750 homo
1449 4686 1721 4760 rationis
1754 4685 2095 4785 particeps.
2157 4685 2284 4750 Illa

339 4776 764 4842 immanitatis
808 4774 1082 4852 erimine
1127 4771 1464 4850 damnata,
1521 4773 1717 4837 homo
1759 4772 1899 4855 ipse
1943 4771 2054 4855 qui
2098 4769 2282 4835 dam-

342 4874 450 4927 nat
462 4886 487 4928 z.
520 4863 636 4926 illa
676 4860 1001 4926 abstinere
1046 4858 1148 4923 sui
1192 4859 1453 4941 generis
1496 4858 1906 4936 animalibus,
1950 4856 2283 4921 hominem

346 4970 472 5014 non
515 4948 725 5014 solum
772 4944 1150 5010 hominibus
1194 4966 1327 5008 non
1372 4964 1667 5027 parcere,
1725 4942 1840 5010 sed
1882 4964 1965 5007 ne
2010 4962 2284 5006 consan-

347 5036 589 5119 guineis
633 5031 913 5117 quidem.
1004 5031 1087 5094 In
1146 5028 1421 5104 eandem
1467 5030 1861 5096 sententiam
1904 5028 2161 5094 Plinius
2206 5027 2283 5090 li-

282 5325 283 5328 =
477 5293 532 5356 1)
578 5291 779 5347 Graeci
799 5292 1016 5357 scilicet,
1052 5281 1279 5359 quorum
1316 5289 1458 5341 hanc
1494 5286 1725 5340 latinam
1764 5288 2081 5340 sententiam
2119 5284 2286 5350 refert

348 5359 528 5417 Julius
565 5361 911 5429 capitolinus
946 5363 1005 5411 in
1044 5359 1373 5412 Maximino.

2328 3367 2333 3480 ξ
2385 3387 2775 3472 Saguntinis
2815 3389 3036 3471 populi
3081 3390 3333 3454 romani
3379 3388 3566 3453 sociis
3612 3388 3985 3453 abstineret.
4067 3387 4150 3451 Ιιι
4196 3387 4337 3470 qui-

2328 3489 2334 3532 ι
2382 3476 2505 3538 bus
2553 3474 2830 3557 singulis
2876 3475 3195 3557 exemplis
3239 3474 3540 3559 syntaxis
3586 3474 3816 3537 variat.

2328 3561 2593 3623 forma
2637 3561 2743 3625 hie
2790 3559 3042 3625 Seneca
3086 3560 3255 3625 dixit
3299 3560 3629 3625 abstinere
3675 3561 3840 3639 suis,
3887 3473 4340 3625 ἕξιιιεωὲιιῗᾞ

2382 3654 2779 3728 temperare:
2827 3646 3136 3729 Templis,
3182 3648 3416 3729 inquit,
3464 3655 3723 3710 tantum
3760 3644 3954 3711 deum
3999 3647 4126 3730 (ita
4160 3646 4339 3710 enim

2381 3731 2462 3795 ab
2508 3753 2664 3816 rege
2699 3731 2984 3796 edictum
3030 3733 3274 3815 fuerat)
3320 3739 3761 3814 temperatum
3807 3740 3924 3796 est.

2555 3835 2986 3900 Immanitatis
3023 3836 3283 3899 crimine
3326 3829 3655 3919 damnata]
3706 3834 3916 3898 Plena
3960 3842 4065 3913 est
4104 3832 4338 3914 loquu-

2382 3921 2492 4000 ιιο,
2538 3922 2708 3986 ειειιι
2751 3920 2926 4002 apud
2970 3919 3285 3985 Ovidium
3328 3921 3683 3985 Fastorum
3727 3919 3877 3982 VI.:

2611 4024 2774 4091 Vixit,
2811 4031 2872 4077 ut
2909 4023 3180 4077 occideret
3215 4024 3499 4077 damnatus
3537 4021 3752 4074 crimine
3792 4020 3957 4088 regni.

2383 4114 2474 4178 Et
2530 4111 2759 4175 Cicero
2804 4109 3092 4173 Verrina
3137 4108 3323 4172 VIL:
3382 4107 3664 4171 Nomine
3716 4105 3982 4171 sceleris
4036 4107 4338 4170 coniura-

2385 4189 2713 4278 tionisque
2756 4194 3069 4273 damnati,
3117 4194 3197 4259 ad
3241 4194 3466 4277 palum
3511 4192 3780 4274 alligati,
3824 4190 3908 4255 ad
3925 4191 4340 4274 *supplicium

2386 4283 2627 4348 traditi.
2721 4280 2944 4362 Quum
2988 4282 3166 4346 enim
3211 4281 3486 4346 dicimus
3530 4276 3763 4355 iudico,
3811 4276 4067 4356 damno,
4113 4299 4336 4361 arguO,

2385 4390 2616 4436 accuso
2656 4376 2740 4433 ιε
2766 4367 3009 4446 caedis,
3057 4365 3444 4432 subauditur
3487 4364 3761 4429 erimine
3805 4363 3912 4428 vel
3958 4385 4184 4440 eausa,
4233 4363 4338 4429 vel

2386 4455 2628 4538 aliquid
2664 4455 2894 4521 ειιιιιιε.
2955 4452 3149 4534 Quod
3183 4450 3265 4515 ad
3297 4451 3733 4515 imitationem
3771 4441 4176 4514 Graecorum
4214 4448 4340 4513 dici

2386 4551 2576 4608 autor
2620 4550 2720 4607 est
2761 4539 3035 4607 Servius
3080 4546 3425 4604 comment.
3458 4535 3584 4601 XI.
3609 4534 3971 4600 Aeneidos:
4017 4535 4124 4599 nli
4161 4535 4337 4599 enim

2387 4650 2588 4711 quum
2645 4628 2875 4694 dicunt
2929 4627 3235 4710 κατηγορῶ
3292 4647 3360 4687 σε
3413 4622 3630 4706 φόνου,
3691 4621 4098 4687 subaudiunt
4151 4620 4334 4684 ἕνεκα.

2387 4651 2582 4795 unod
2627 4734 2780 4778 vero
2838 4712 3006 4778 dixit
3060 4712 3293 4778 Cicero
3338 4708 3626 4790 Philipp.
3674 4707 3801 4785 Π.,
3859 4709 4079 4771 ιιιίιιιιε
4132 4707 4336 4772 usita—

2388 4811 2529 4866 tum
2566 4809 2680 4865 est.
2748 4798 3099 4875 Licinium,
3145 4797 3375 4878 inquit,
3423 4794 3841 4860 Lenticulam
3886 4793 3966 4857 de
4003 4793 4148 4857 alea
4183 4813 4337 4857 eon-

2361 4886 2768 4951 ¹demnatum
2811 4884 3197 4981 collusorem
3254 4903 3448 4947 suum
3507 4881 3816 4944 restituit.
3907 4878 4114 4959 Quasi
4161 4878 4337 4943 dicas

2388 4971 2808 5038 condemnari
2854 4969 2935 5034 de
2979 4969 3271 5035 crimine.

2562 5075 2644 5139 In
2686 5094 2880 5156 aequo
2922 5069 3126 5158 habet]
3174 5073 3404 5154 Aeque
3449 5069 3799 5146 existimat,
3846 5067 4051 5132 nihilo
4097 5089 4166 5132 se
4213 5069 4335 5133 hu-

2388 5162 2646 5227 manius
2698 5181 2935 5242 gerens
2990 5179 3149 5242 erga
3203 5158 3632 5234 necessarios,
3703 5175 3901 5236 quam
3968 5161 4333 5220 extraneos

2318 5261 2321 5268 ²
2386 5249 2655 5313 Habere
2696 5246 2891 5324 enim,
2937 5247 3286 5311 aestimare
3329 5241 3662 5308 interdum
3706 5240 4050 5323 signifieat.
4140 5238 4336 5306 Salu-

2388 5336 2555 5400 stius
2591 5334 2660 5397 in
2696 5297 3009 5397 Catilina:
3048 5331 3276 5413 Neque
3312 5330 3614 5410 cuiquam
3649 5326 4079 5390 mortalium
4061 5327 4338 5393 iniuriae
