5100 6061
309 413 426 473 349

303 617 428 662 cem
471 596 866 675 concipimus,
907 593 1297 675 praefamur,
1341 596 1411 655 ut
1454 591 1591 654 eius
1633 589 1915 654 voluntas
1953 587 2095 669 fiat,
2141 587 2249 651 ubi
2352 591 2498 665 [pag.
2540 591 2647 666 44]

301 685 434 748 iam
479 683 616 746 eius
648 680 950 745 voluntati
981 682 1264 743 nostram
1298 677 1685 754 subiicimus,
1729 696 1848 757 quo
1881 675 2041 740 velut
2072 675 2249 756 freno

1969 396 2646 465 CATEOHJSMUS.

4187 402 4311 463 350

2998 589 3128 654 DE
3174 581 3671 658 BAPTISMO.

2525 707 2908 799 Baptismus
2937 710 2984 792 ¹)
3029 709 3206 773 nobis
3249 731 3290 774 a
3327 708 3464 775 Deo
3506 711 3711 788 datus,
3745 709 4029 790 primum
4063 711 4134 770 ut
4176 727 4314 772 nos-

304 771 521 834 im'ecto
555 767 827 844 coercita,
865 765 1075 830 Deum
1111 763 1180 828 in
1214 763 1491 827 ordinem
1526 783 1729 847 coyere
1762 764 2249 842 nepraesumat.
2354 798 2491 857 trae
2531 795 2706 872 apud
2749 815 2815 858 33
2853 795 3030 874 fidei,
3088 796 3307 860 deinde
3347 801 3418 859 ut
3470 796 3840 876 confessioni
3894 795 4067 875 apud
4120 792 4313 868 homi?

308 854 402 934 Si,
447 854 688 919 animis
729 853 798 916 in
839 851 1000 917 lianc
1042 848 1446 914 obedientiam
1489 848 1841 929 compositis
1855 898 1869 925 ,
1915 847 2251 928 providen-

195 973 209 985 ·
306 943 431 1006 tiae
473 939 728 1004 divinae
771 936 1041 1002 arbitrio
1077 957 1188 1000 nos
1220 935 1351 1017 reyi
1372 935 1681 1015 patimur,
1722 934 1913 1032 facile
1946 933 2254 998 discemus

305 1049 378 1092 vn
419 1027 697 1091 oratione
719 1043 1140 1104 perseverare,
1187 1041 1259 1086 ac
1301 1022 1624 1102 suspensis
1656 1019 1991 1086 desideriis
2013 1018 2257 1099 patien-

307 1118 398 1178 ter
440 1116 795 1192 exspectare
818 1108 1193 1174 Dominum:
1235 1108 1405 1184 certi,
1449 1107 1637 1171 etiam
1670 1106 1730 1170 si
1771 1106 2026 1169 minime
2060 1124 2257 1185 appa-

237 1209 245 1218 ’
308 1203 416 1276 ret,
462 1197 639 1262 nobis
677 1202 881 1265 tamen
922 1214 1161 1275 semper
1201 1194 1433 1270 adesse,
1478 1213 1709 1273 suoque
1753 1197 2021 1272 tempore
2055 1189 2256 1254 decla-

311 1290 626 1362 raturum,
697 1282 859 1362 quod
917 1302 1041 1345 non
1095 1278 1378 1343 habuerit
1430 1278 1664 1342 surdas
1719 1297 1903 1342 aures
1947 1275 2256 1356 precibus,

309 1391 469 1452 quae
514 1370 585 1433 in
627 1368 945 1433 hominum
1001 1366 1197 1430 oeulis
1251 1365 1551 1447 neylectae
1605 1362 1987 1428 videbantur.
2085 1361 2260 1442 Quod

309 1457 369 1521 si
413 1456 677 1533 demum,
721 1474 828 1518 nec
855 1460 1001 1535 post
1042 1452 1289 1533 lonyam
1333 1452 1855 1533 exspectationem
1891 1452 2260 1530 assequatur

282 1562 532 1607 *sensus
578 1545 794 1619 noster,
845 1539 1000 1622 quid
1041 1538 1275 1602 orando
1307 1536 1658 1618 profectum
1699 1535 1798 1613 sit,
1845 1554 1950 1598 nec
1987 1536 2261 1616 fructum

307 1627 455 1691 inde
495 1627 697 1692 ullum
740 1627 993 1690 sentiat.-
1029 1624 1187 1704 fides
1221 1628 1426 1686 tamen
1460 1627 1674 1687 nostra
1710 1621 1872 1703 quod
1905 1641 2092 1685 sensu
2119 1639 2261 1699 per-

306 1715 435 1795 cipi
470 1713 853 1794 mnfflterit‚
892 1710 1065 1775 nobis
1099 1714 1326 1773 certum
1357 1709 1559 1789 faciet,
1598 1729 1711 1772 nos
1744 1706 2078 1771 obtinuisse
2099 1705 2263 1786 quod
2311 1703 2316 1762 i

305 1798 676 1880 expediebat.
766 1797 973 1879 Atque
1017 1797 1109 1860 ita
1153 1795 1399 1876 efficiet,
1445 1799 1514 1858 ut
1555 1796 1624 1858 in
1654 1798 2028 1891 paupertate
2071 1791 2263 1855 abun-
2311 1765 2318 1882 ἰ

307 1885 610 1963 dantium,
648 1886 719 1948 in
741 1884 1072 1965 afflictione
1094 1881 1558 1946 consolationem
1571 1881 2032 1961 possideamus,
2093 1877 2264 1941 Nam

306 1976 376 2035 ut
421 1970 717 2051 deficiant
750 1971 977 2046 omnia,
1016 1968 1196 2034 Deus
1232 1973 1438 2031 tamen
1475 1971 1622 2045 [pag.
1651 1971 1758 2044 43]
1795 1984 2117 2046 nunquam
2153 1983 2266 2026 nos

305 2057 621 2122 destituet:
653 2059 763 2137 qui
787 2056 1292 2136 exspectationem
1327 2075 1400 2116 ac
1425 2053 1803 2133 patientiam
1837 2070 2095 2115 suorum
2127 2051 2266 2130 fru-

307 2144 509 2208 strari
550 2163 673 2208 non-
705 2147 954 2223 potest„
1014 2140 1164 2204 Erit
1205 2142 1343 2220 ipse
1375 2159 1544 2203 unus
1585 2137 1761 2202 nobis
1791 2157 1919 2217 pro
1963 2134 2264 2212 omnibu-3,

306 2229 556 2310 quando
597 2228 753 2294 bona
797 2227 1008 2291 omnia
1052 2228 1121 2290 in
1164 2248 1228 2291 se
1272 2225 1705 2305 complectitur,
1760 2243 1918 2304 quae
1972 2221 2120 2286 olim
2163 2241 2266 2284 no-

307 2314 405 2380 bis
451 2315 533 2379 ad
579 2315 844 2397 plenum
890 2312 1195 2377 revelabit.

856 2518 983 2584 DE
1030 2516 1709 2591 SAORAMEN'JJIS.

484 2657 917 2724 Sacramenta
959 2654 1104 2720 ideo
1149 2662 1307 2720 sunt
1349 2655 1681 2731 instituta,
1740 2660 1815 2716 111
1859 2660 2001 2717 111111
2044 2672 2265 2716 coram

307 2746 484 2822 Deo,
544 2754 688 2807 tum
745 2741 916 2825 apud
959 2742 1257 2806 homines
1309 2740 1461 2804 fidei
1507 2747 1768 2804 nostrae
1812 2737 2124 2803 exercitia
2163 2759 2264 2802 es-

2357 899 2467 942 nes
2511 880 2785 944 serviret.
2879 880 3080 946 Fides
3128 882 3625 963 promissionem
3668 881 3960 963 respicit,
4016 900 4145 961 qua
4191 877 4314 941 mid

2359 964 2638 1029 sericors
2693 974 2881 1047 pater
2924 965 3175 1031 Christi
3232 969 3337 1032 sui
3392 967 4048 1033 communicationem
4101 965 4311 1041 offert,

2361 1059 2438 1115 ut
2480 1051 2620 1132 ipso
2662 1049 2896 1126 induti,
2943 1054 3235 1116 omnium
3283 1054 3424 1118 eius
3469 1052 3788 1118 bonorum
3832 1051 4182 1134 participes
4227 1050 4314 1114 si-

2362 1157 2528 1200 mus.
2622 1137 2771 1201 Duo
2818 1147 3036 1201 tamen
3080 1139 3499 1220 peculiariter
3545 1149 4018 1221 repraesentat:
4073 1157 4314 1219 purga-

2363 1223 2629 1294 tionem,
2675 1244 2871 1305 quam
2908 1224 2979 1287 111
3017 1223 3269 1288 Christi
3306 1226 3624 1308 sanguine
3659 1225 4049 1289 obtinemus:
4098 1223 4315 1286 carnis

2362 1319 2626 1382 nostrae
2663 1309 3246 1380 mortificationem,
3293 1331 3486 1393 quam
3524 1314 3663 1375 eius
3698 1321 3910 1373 morte
3946 1330 4173 1372 sumus
4210 1329 4314 1372 as-

2363 1395 2637 1476 sequuti.
2728 1395 2934 1459 Iussit
2971 1396 3147 1458 enim
3169 1397 3494 1460 Dominus
3539 1418 3689 1461 suos
3732 1395 4044 1477 baptizari
4098 1395 4167 1456 in
4212 1415 4315 1457 re-

2364 1481 2740 1546 missionem
2789 1492 3220 1563 peccatorum.
3296 1483 3387 1545 Et
3431 1482 3678 1547 Paulus
3732 1481 3947 1556 docet,
4002 1479 4318 1544 ecelesiam

2366 1589 2407 1630 a
2448 1588 2676 1646 sponso
2725 1565 2969 1631 Christo
3014 1567 3466 1647 sanctificatam
3508 1589 3637 1632 esse
3651 1620 3664 1644 ,
3722 1574 3777 1632 et
3818 1567 4183 1631 mundatam
4229 1566 4319 1629 la-

2364 1672 2549 1718 vacro
2594 1673 2811 1732 aquae,
2858 1655 2925 1716 in
2970 1652 3149 1718 verbo
3184 1655 3346 1716 vitae
3391 1654 3664 1735 (Ephes.
3706 1659 3762 1730 5,
3803 1658 3932 1732 29).
4020 1653 4318 1715 Rursum

2366 1740 2437 1801 in
2482 1736 2733 1802 Christi
2783 1751 3063 1802 mortem
3108 1739 3469 1821 baptizatos
3526 1760 3668 1804 6666
3722 1757 3869 1811 nos,
3926 1739 4319 1818 interpreta-

2369 1835 2498 1899 tur,
2540 1827 2736 1888 morti
2785 1826 2924 1889 eius
2968 1825 3407 1907 consepultos,
3452 1831 3522 1888 ut
3564 1827 3627 1887 in
3674 1826 3834 1888 vitae
3876 1826 4142 1888 novitate
4187 1842 4317 1885 am-

2369 1910 2645 1975 bulemus
2689 1911 2909 1992 (Rom.
2952 1917 3008 1988 (5,
3048 1914 3136 1994 4).
3227 1909 3487 1991 Quibus
3529 1933 3662 1975 non
3696 1911 4117 1994 significatur,
4163 1930 4318 1991 pur-

2370 1998 2656 2080 gationis
2695 2018 2768 2060 ae
2814 1997 3325 2078 regenerationis
3370 2018 3662 2074 causam,
3710 1996 3816 2061 vel
3861 1995 4057 2059 etiam
4103 1995 4319 2058 effica-

2371 2083 2539 2147 ciam
2586 2103 2793 2163 aquae
2837 2083 3135 2147 subesse:
3194 2084 3306 2147 sed
3354 2083 3680 2147 duntaxat
3724 2081 3951 2146 talium
3996 2078 4319 2143 donorum

2369 2169 2440 2232 in
2485 2169 2608 2232 hoc
2654 2179 3059 2232 sacramento
3104 2170 3348 2252 percipi
3392 2169 3862 2251 cognitionem,
3910 2166 4167 2249 quando
4213 2188 4317 2230 ac·-

2370 2255 2606 2337 cipere,
2653 2255 2962 2330 obtinere,
3008 2256 3361 2336 impetrare
3406 2253 3700 2332 dicimur,
3744 2252 3914 2336 quod
3950 2251 4137 2317 nobis
4181 2271 4320 2315 cre-

2372 2341 2586 2404 dimus
2644 2362 2682 2403 a
2726 2341 3008 2404 Domino
3066 2339 3322 2404 datum:
3385 2341 3521 2405 sive
3578 2339 3647 2404 id
3690 2350 3833 2403 tum
3878 2340 4163 2421 primum
4206 2358 4320 2420 ag-

2370 2427 2730 2502 noscimus,
2779 2427 2917 2491 sive
2962 2428 3261 2510 agnitum
3305 2436 3499 2491 antea
3544 2427 3785 2491 certius
3828 2423 4318 2507 persuademur.

2375 2513 2762 2594 Confessioni
2780 2514 2836 2594 ²)
2900 2518 3103 2577 autem
3158 2519 3405 2578 nostrae
3449 2513 3623 2592 apud
3665 2511 3937 2575 homines
3980 2511 4072 2574 sic
4115 2511 4320 2587 servit,

2368 2599 2677 2678 siquidem
2722 2604 2863 2663 nota
2907 2604 3011 2677 est,
3056 2621 3179 2679 qua
3214 2599 3442 2678 palam
3474 2599 3864 2678 profitemur,
3910 2616 4024 2659 nos
4059 2596 4184 2659 Dei
4210 2616 4324 2677 po-

2359 2685 2516 2767 pulo
2573 2685 2882 2750 accenseri
2935 2685 3110 2762 velle,
3180 2707 3304 2768 quo
3372 2706 3575 2749 unum
3632 2704 3781 2748 cum
3837 2682 4142 2744 omnibus
4198 2682 4323 2762 piis

2369 2770 2605 2847 Deum,
2655 2770 2881 2834 eadem
2928 2771 3241 2852 religione
3288 2771 3595 2836 colamus.
3687 2768 3910 2848 Quum
3958 2787 4114 2848 ergo
4163 2766 4321 2848 bap-

310 2843 475 2896 sent'
568 2832 669 2895 Ao
739 2849 956 2894 coram
1027 2829 1087 2891 D
1093 2848 1312 2892 ⁰m¹¹¹⁰
1381 2826 1644 2909 qmdem
1707 2826 1905 2890 fidem
1971 2833 2260 2888 nostram
2369 2860 2562 2922 tismo
2606 2858 2954 2939 praecipue
3000 2854 3224 2921 foedus
3271 2856 3539 2920 Domini
3584 2857 3919 2919 nobiscum
3966 2853 4320 2926 sanciatur,

309 2927 650 2993 exercent,
721 2915 878 2978 dum
940 2916 1009 2978 in
1062 2913 1197 2978 Dei
1250 2912 1526 2978 veritate
1591 2912 1801 2994 ipsam
1856 2912 2261 2976 confirmant.

310 3003 481 3069 Nam
530 3001 699 3086 quod
745 3001 1152 3087 ignorantiae
1196 3000 1412 3065 carnis
1458 3006 1718 3064 nostrae
1774 2996 2080 3082 expedire
2126 2998 2263 3061 Do-

310 3092 536 3155 minus
602 3087 1016 3171 providebat,
1085 3085 1388 3179 sublimia
1455 3085 1879 3167 coelestiaque
1946 3085 2265 3167 mysteria

312 3175 434 3241 sub
502 3174 873 3241 carnalibus
940 3173 1280 3238 elementis
1346 3170 1843 3253 contemplanda
1906 3172 2263 3253 proposuit.

311 3262 461 3326 Non
501 3261 688 3345 ,quod
745 3261 909 3324 tales
961 3257 1205 3324 inditae
1261 3259 1394 3322 sint
1450 3257 1632 3322 dotes
1698 3258 1954 3321 naturis
2019 3278 2260 3335 rerum,

309 3370 478 3431 quae
535 3348 608 3410 in
666 3345 1092 3412 sacramentis
1147 3345 1335 3410 nobis
1390 3352 1880 3427 proponuntur:
1943 3341 2058 3407 sed
2112 3344 2264 3426 quia
2372 3332 2518 3403 [1³²²ss
2572 3328 2679 3400 45]

310 3433 587 3499 Domini
624 3434 822 3497 verbo
859 3433 926 3496 in
963 3432 1133 3498 hanc
1180 3431 1718 3515 significationem
1756 3430 2054 3512 signatae
2092 3436 2260 3492 sunt.

309 3519 661 3586 Praecedit·
704 3520 879 3584 enim
925 3540 1181 3601 semper
1224 3516 1595 3600 promissiO,
1655 3536 1819 3597 quae
1864 3513 2064 3579 verbo
2111 3535 2263 3578 con-

309 3608 594 3671 tinetur:
642 3605 906 3670 additur
950 3605 1349 3689 symbolum,
1405 3600 1576 3685 quod
1622 3601 2118 3684 promissionem
2163 3601 2263 3683 ip-

315 3714 458 3758 sam
503 3694 723 3757 firmet
760 3700 953 3775 atque
1002 3691 1328 3774 obsignet,
1385 3689 1695 3769 nobisque
1739 3686 1921 3750 velut
1973 3685 2262 3751 testatio·

316 3801 456 3844 rem
502 3780 727 3857 faciat,
783 3776 1101 3860 quomodo
1146 3786 1407 3840 nostrae
1453 3773 1795 3838 tenuitatis
1840 3773 2056 3855 captui
2110 3794 2263 3837 6611-

316 3866 543 3929 venire
587 3865 899 3947 prospicit
940 3862 1286 3927 Dominus.
1380 3861 1487 3924 Sic
1513 3860 1561 3945 ¹)
1606 3861 1771 3923 enim
1814 3860 2042 3941 exiqua
2087 3863 2176 3922 est
2209 3864 2267 3922 et

317 3950 620 4016 imbecilla
664 3955 879 4015 nostra
931 3950 1092 4030 fides
1106 4001 1120 4027 ,
1180 3954 1248 4012 ut
1301 3948 1434 4013 nisi-
1488 3947 1763 4027 undique
1813 3945 2135 4027 fulciatur,
2193 3963 2265 4009 ac

315 4038 520 4103 modis
542 4036 828 4101 omnibus
852 4040 1237 4115 sustentetur,
1264 4034 1477 4099 statim
1499 4033 1900 4110 concutiatur,
1919 4032 2264 4111 fluctuetur,

312 4124 574 4188 vacillet.
640 4122 785 4187 Iam
832 4130 899 4186 et
942 4122 1081 4204 ipsa
1126 4128 1468 4186 exercetur
1504 4118 1677 4202 apud
1714 4117 2013 4182 homines
2050 4138 2263 4182 sacra·

312 4209 585 4285 mentis,
643 4208 801 4272 dum
847 4209 916 4272 in
960 4206 1290 4291 publicam
1335 4208 1470 4270 exit
1513 4204 1982 4270 confessionem
2001 4255 2014 4275 ,
2075 4211 2141 4267 et
2183 4201 2267 4266 ad

316 4295 723 4361 referendam
767 4294 1054 4359 Domino
1098 4293 1359 4358 laudem
1407 4292 1748 4357 excitatur.

787 4499 1017 4581 QUID
1065 4497 1791 4566 SAORAMEN'PUM.

489 4639 609 4704 Est
625 4642 681 4723 ²)
738 4640 893 4722 ergo
937 4642 1394 4703 sacramentum
1446 4637 1697 4719 siquam
1750 4639 2091 4711 externum,
2149 4655 2269 4716 quo

318 4726 538 4792 bonam
595 4746 780 4791 suam
836 4744 982 4807 erya
1025 4744 1137 4789 nos
1182 4724 1550 4788 voluntatem
1596 4720 1912 4786 Dominus
1954 4720 2130 4784 nobis
2172 4741 2266 4784 re-

307 4817 669 4894 praesentat
723 4832 796 4875 ac
852 4809 1233 4890 testificatur,
1287 4810 1372 4873 ad
1427 4808 1898 4873 imbecillitatem
1940 4806 2090 4886 fidei
2133 4827 2269 4870 nos-

318 4904 449 4964 trae
490 4899 936 4963 sustinendam.
1024 4897 1166 4960 Aut
1204 4895 1472 4959 brevius
1527 4914 1602 4959 ac
1657 4895 1920 4960 clarius:
1976 4892 2268 4955 Testimo-

318 4987 492 5049 nium
531 4986 779 5069 9ratiae
825 4983 971 5068 Dei,
1017 4986 1261 5046 externo
1303 4980 1570 5062 symbolo
1613 4980 2011 5045 declaratum.
2082 4978 2267 5040 Duo-

319 5071 440 5136 bus
485 5072 754 5135 omnino
810 5068 1236 5134 sacramentis
1291 5068 1502 5130 utitur
1559 5067 1918 5132 christiana
1976 5062 2264 5129 ecclesia.

460 5351 516 5415 1)
557 5349 741 5402 Instit.
768 5362 826 5414 p.
863 5342 981 5398 201.
1189 5340 1249 5409 2)
1291 5339 1431 5394 Ibid.
1466 5356 1520 5408 p.
1556 5336 1675 5391 200.

2367 2945 2508 3008 iure
2554 2944 2838 3006 infantes
2885 2952 3143 3006 nostros
3188 2943 3622 3024 baptizamus,
3686 2951 4020 3006 consortes
4076 2936 4323 3001 scilicet

2312 3021 2318 3123 Ι
2365 3028 2644 3095 foederis
2689 3029 3099 3112 sempiterni:
3157 3050 3283 3111 quo
3325 3028 3667 3112 pollicetur
3712 3025 4034 3090 Dominus
4081 3046 4150 3088 se
4186 3024 4323 3086 fore

2367 3119 2609 3191 Deum,
2656 3138 2785 3180 non
2832 3126 3125 3180 nostrum
3168 3114 3381 3190 modo,
3428 3114 3541 3179 sed
3585 3113 3852 3179 seminis
3893 3111 4117 3175 nostri.

2899 3320 3029 3385 DE
3076 3298 3385 3387 eonNA
3434 3318 3795 3385 nomm.

2548 3461 2820 3540 Quemss)
2876 3462 2949 3523 in
3020 3460 3212 3538 finem
3280 3460 3633 3523 institutum
3705 3457 3788 3521 sit
3840 3477 4078 3521 coenae
4143 3476 4323 3538 mys-

2370 3546 2614 3610 terium
2632 3596 2647 3621 ,
2705 3566 2779 3609 ae
2833 3565 3132 3626 quorsum
3183 3551 3404 3627 spectet
3417 3594 3431 3622 ,
3493 3544 3839 3627 promissio
3904 3543 4037 3607 illic
4101 3542 4324 3606 addita

2360 3632 2692 3713 perspicue
2735 3632 3029 3696 declarat.
3113 3632 3351 3713 Nempe
3403 3637 3473 3695 ut
3516 3630 3693 3695 nobis
3734 3628 4065 3709 confirmet,
4101 3647 4324 3706 corpus

2369 3717 2637 3781 Domini
2694 3718 2786 3781 sic
2830 3738 2953 3797 pro
2996 3717 3174 3781 nobis
3217 3718 3403 3782 semel
3457 3717 3790 3792 traditum,
3844 3721 3916 3779 ut
3957 3734 4121 3777 nunc
4186 3732 4322 3775 nos-

2367 3810 2532 3867 trum
2603 3805 2688 3866 sit
2703 3853 2716 3880 ‚
2750 3824 2757 3831 ·
2796 3823 2870 3867 ac
2940 3808 3243 3883 perpetuo
3309 3804 3499 3867 etiam
3562 3802 3878 3882 futurum:
3954 3799 4322 3880 sanquinem

2370 3892 2506 3953 eius
2560 3889 2652 3952 sic
2695 3910 2817 3970 pro
2874 3889 3048 3952 nobis
3104 3889 3288 3953 semel
3346 3890 3611 3969 effusum
3629 3938 3642 3965 ‚
3687 3893 3755 3950 ut
3798 3891 4002 3949 noster
4044 3886 4128 3947 sit
4169 3903 4323 3947 sem-

2358 3998 2482 4058 per
2543 3978 2816 4055 f'uturuS.
2902 3972 3220 4058 Symbola
3276 3987 3462 4050 sunt,
3522 3974 3713 4055 panis
3767 3979 3837 4036 et
3881 3971 4136 4044 vinum,
4197 3969 4321 4034 sub

2369 4063 2604 4145 quibus
2663 4082 2885 4125 veram
2941 4062 3227 4141 corporis
3282 4083 3357 4125 ac
3411 4058 3750 4141 sanguinis
3804 4057 3904 4121 6111
3961 4054 4323 4121 communi-

2370 4149 2692 4214 cationem
2750 4145 3076 4211 Dominus
3129 4146 3420 4211 exhibet:
3492 4145 3605 4209 sed
3658 4142 4102 4225 spiritualem,
4158 4162 4325 4222 quae

2371 4235 2618 4300 scilicet
2676 4232 2932 4298 vinculo
2988 4234 3253 4315 spiritus
3298 4234 3437 4297 eius
3494 4241 3829 4305 contenta,
3886 4228 4322 4309 praesentiam

2373 4330 2488 4386 aut
2530 4319 2749 4383 carnis
2792 4319 2912 4384 61111
2958 4340 3155 4401 pane,
3216 4326 3329 4382 aut
3370 4316 3710 4399 sanguinis
3764 4314 3885 4379 sub
3928 4313 4128 4380 calice
4171 4334 4325 4378 con-

2373 4407 2625 4473 clusam
2660 4415 2728 4470 et
2762 4406 3318 4487 circumscriptam
3354 4404 3622 4467 minime
3659 4402 3965 4483 requirat.
4033 4399 4326 4463 Tametsi

2374 4495 2550 4558 enim
2594 4493 2734 4574 ipse
2776 4494 2846 4556 in
2890 4492 3141 4557 coelum
3187 4490 3481 4554 sublatus
3538 4487 3823 4553 residere
3874 4488 3947 4550 in
3989 4494 4169 4550 terra
4213 4483 4326 4548 de-

2374 4581 2502 4656 siit,
2548 4579 2622 4642 in
2667 4600 2796 4660 qua
2836 4600 2955 4642 nos
2999 4576 3212 4640 adhuc
3247 4576 3762 4658 peregrinamur,
3809 4572 4067 4637 nullum
4106 4580 4326 4633 tamen
4412 4637 4420 4649 ,

2372 4664 2798 4731 intervallum
2844 4665 2982 4728 eius
3026 4664 3340 4727 virtutem
3386 4661 3639 4725 solvere
3685 4668 3916 4742 potest,
3963 4658 4120 4740 quin
4164 4654 4324 4719 fide-

2371 4755 2467 4819 les
2523 4752 2872 4832 semetipso
2930 4758 3180 4830 pascat,
3244 4768 3320 4813 ac
3376 4748 3616 4813 efficiat
3677 4756 3752 4811 111
3807 4745 3948 4810 1666
4002 4742 4324 4817 absentes,

2373 4850 2594 4904 tamen
2640 4835 3172 4919 praesentissima
3226 4835 3329 4899 sui
3374 4833 3961 4900 communicatione
4003 4831 4323 4893 fruantur.

2372 4926 2592 4989 Huius
2636 4924 2729 4987 rei
2776 4921 3238 4987 documentum
3282 4920 3471 4985 nobis
3515 4923 3584 4983 in
3621 4939 3821 4984 coena
3860 4915 4131 4999 praebet
4165 4913 4326 4977 adeo

2372 5023 2626 5077 certum
2671 5031 2747 5073 ac
2791 5007 3218 5083 luculentum,
3278 5016 3354 5071 ut
3397 5005 3624 5089 procul
3665 5004 3860 5068 dubio
3904 5000 4327 5067 statuendum

2374 5100 2488 5173 sit,
2541 5095 2883 5161 Christum
2939 5114 3090 5167 cum
3135 5093 3271 5157 suis
3314 5093 3617 5157 omnibus
3659 5088 3935 5164 divitiis,
3980 5085 4167 5151 nobis
4209 5109 4329 5151 ex-

2512 5335 2569 5403 1)
2610 5335 2793 5390 Inani.
2820 5332 3002 5403 1:217
3019 5349 3159 5404 seqq.
3283 5332 3344 5399 2)
3382 5330 3527 5386 Ibid.
3556 5327 3751 5399 p.227.
3854 5326 3915 5393 3)
3954 5325 4097 5383 Ibid.
4128 5325 4324 5397 1223&
