5100 6061
722 362 846 425 147

728 546 926 611 libro:
973 545 1146 608 Tum
1188 544 1478 628 legiones
1522 543 1909 625 classesque,
1957 552 2024 607 et
2068 541 2241 629 quod
2285 562 2451 619 rare,
2498 561 2687 623 prae·-

728 632 1025 697 torianus
1068 628 1492 711 urbanusque
1536 629 1727 693 miles
1767 631 1841 693 in
1877 628 2082 692 aciem
2126 626 2405 692 deducti.
2475 627 2688 691 'Pran-

729 717 974 800 quillus
1023 717 1094 781 in
1146 717 1477 799 Augusto:
1538 716 1826 797 Legavit
1878 714 2311 796 praetorianis
2367 710 2687 777 militibus

727 802 989 887 singula
1033 801 1245 867 millia
1283 821 1721 879 nummorum,
1766 799 2142 866 cohortibus
2188 799 2457 864 urbanis
2494 797 2686 880 quin-

729 910 931 973 genos
949 940 964 967 ,
1020 888 1400 972 legionariis
1458 896 1757 952 trecenos
1813 907 2138 951 nummos.
2240 883 2686 965 Quamobrem

729 976 948 1040 nescio
996 996 1081 1039 an
1126 974 1326 1057 probe
1369 973 1647 1038 verterit
1688 972 2059 1037 Politianus
2104 971 2412 1054 praefecti
2455 969 2686 1035 cohor-

730 1061 904 1127 tibus
928 1060 1213 1137 urbanis,
1250 1080 1366 1141 pro
1402 1080 1477 1123 eo
1498 1056 1674 1141 quod
1695 1057 2116 1122 Herodianus
2138 1055 2309 1120 dixit
2330 1045 2689 1140 ἐπάρχοντος

729 1150 849 1210 τῶν
891 1144 1338 1230 στρατοπεδῶν,
1384 1166 1586 1227 quum
1632 1144 1712 1209 de
1755 1143 2109 1209 Plautiano
2172 1141 2575 1224 loqueretur;
2624 1148 2691 1205 et

732 1231 922 1311 alibi,
982 1232 1270 1297 urbanas
1327 1231 1625 1296 cohortes
1642 1282 1657 1309 ,
1716 1230 1887 1313 quod
1946 1226 2369 1293 Herodianus
2430 1227 2689 1292 dixerat

732 1321 861 1392 ποῦς
892 1324 951 1380 ἐν
970 1322 1042 1401 τῇ
1060 1316 1268 1400 Ῥώμῃ
1291 1310 1680 1399 στρατιώτας,
1702 1337 1908 1398 quum
1929 1315 2091 1379 satis
2114 1322 2370 1379 constet
2391 1312 2471 1378 de
2493 1334 2685 1396 prae-

733 1404 1004 1469 torianis
1048 1404 1314 1470 dictum.
1405 1404 1550 1467 Iam
1594 1401 2045 1483 praetorianae
2089 1400 2387 1465 cohortes
2432 1399 2683 1481 disper-

731 1511 842 1555 sae
898 1510 1016 1573 per
1066 1490 1349 1571 hospitia
1402 1489 1848 1572 vagabantur,
1916 1486 2120 1551 donec
2178 1494 2395 1551 castra
2446 1486 2684 1568 quibus

728 1578 1254 1653 continerentur,
1313 1574 1395 1638 ad
1449 1573 1681 1638 urbem
1734 1573 2038 1637 Tiberius
2094 1573 2457 1638 constituit:
2517 1593 2683 1653 quae

731 1673 947 1728 castra
999 1662 1331 1744 praetoria
1389 1668 1705 1725 vocantur
1761 1660 1844 1724 ab
1898 1658 2279 1724 Herodiano
2335 1657 2502 1723 libro
2558 1658 2681 1722 IV.

734 1748 1116 1830 simpliciter
1159 1746 1230 1808 τοὶ
1273 1749 1572 1828 βασίλεια.
1662 1745 1747 1808 In
1797 1745 1878 1809 iis
1936 1744 2170 1809 castris
2230 1744 2422 1826 signa
2482 1744 2682 1809 habe-

731 1835 918 1911 bant,
978 1833 1092 1898 sed
1146 1832 1444 1915 singulae
1500 1832 1799 1897 cohortes
1856 1852 1973 1913 per
2017 1831 2194 1895 vices
2245 1829 2680 1907 excubabant,

732 1941 808 1985 ac
863 1920 1211 1985 stationem
1273 1917 1604 1983 habebant
1656 1917 1723 1980 in
1776 1918 2033 1999 palatio.
2135 1915 2560 1997 Tranquillus
2608 1918 2682 1979 in

732 2005 1028 2071 Othone:
1096 2004 1368 2068 'I'ulerat
1420 2004 1707 2080 animus,
1776 2012 1925 2085 post
1982 2001 2397 2085 adoptionem
2457 2002 2684 2065 statim

730 2100 949 2158 castra
1003 2110 1350 2171 occupare,
1410 2098 1923 2171 coenantemque
1982 2088 2055 2151 in
2109 2088 2351 2172 palatio
2395 2087 2682 2152 Galbam

733 2176 1035 2261 aggredi:
1095 2176 1210 2240 sed
1267 2176 1518 2240 obstitit
1572 2183 1906 2256 respectus
1959 2174 2244 2239 cohortis
2301 2193 2468 2256 quae
2522 2180 2684 2239 tunc

730 2260 1113 2338 excubabat,
1161 2282 1244 2325 ne
1280 2269 1661 2344 oneraretur
1696 2260 1965 2338 invidia,
2011 2260 2185 2343 quod
2221 2259 2511 2323 eiusdem
2549 2268 2685 2324 sta-

735 2350 910 2413 tione
955 2356 1021 2411 et
1062 2347 1261 2412 Caius
1309 2352 1456 2427 [pag.
1499 2352 1642 2425 141]
1688 2348 1904 2411 fuerat
1946 2347 2223 2425 occisus,
2282 2355 2349 2409 et
2390 2344 2685 2410 desertus

736 2435 931 2498 Nero.
1022 2434 1228 2497 Libro
1271 2432 1398 2497 111.
1446 2432 1812 2497 Herodiani
1870 2433 2263 2497 Plautianus
2321 2433 2684 2513 praefectus

736 2520 1056 2603 praetorio
1093 2520 1431 2583 tribunum
1466 2521 1558 2584 sic
1594 2519 1972 2601 alloquitur:
2013 2518 2276 2583 Intrare
2310 2518 2430 2582 tibi
2466 2518 2537 2581 in
2573 2539 2685 2583 cu-

736 2606 1023 2675 biculum
1070 2605 1182 2669 ubi
1226 2625 1524 2669 somnum
1574 2607 1842 2687 capiunt
1883 2605 2006 2670 soli
2051 2626 2286 2686 nempe
2344 2604 2521 2680 licet,
2581 2625 2685 2668 re-

737 2691 977 2756 deunte
1001 2692 1140 2755 vice
1183 2700 1539 2755 nocturnae
1585 2691 1915 2756 custodiae
1958 2699 2078 2756 etc.
2147 2689 2352 2770 Libro
2377 2691 2526 2753 [V.:
2577 2687 2685 2755 Si-

737 2777 876 2842 mul
920 2778 1200 2859 imperat
1240 2775 1558 2841 militibus
1614 2777 1839 2858 palatii
1897 2776 2305 2855 custodibus,
2364 2786 2438 2840 ut
2494 2798 2565 2840 se
2617 2778 2685 2840 in

738 2872 953 2929 castra
993 2863 1405 2929 deducerent.
1469 2864 1677 2927 Libro
1701 2863 1813 2926 V.:
1860 2864 1955 2926 At
1998 2862 2097 2926 illi
2136 2862 2376 2929 animis
2419 2883 2686 2927 rumore

2370 351 2497 421 DE
2543 349 3092 417 CLEMENTIA

736 2948 849 3013 illo
907 2948 1298 3014 exulceratis
1351 2947 1856 3033 indignabundi,
1886 2970 2119 3032 neque
2164 2948 2425 3012 solitam
2472 2956 2687 3013 custo-
2737 2990 2742 3021 s

736 3034 912 3100 diam
967 3037 1290 3101 miserunt
1341 3038 1706 3114 Antonine,
1767 3045 1834 3100 et
1891 3035 2125 3100 inclusi
2184 3037 2415 3100 castris
2462 3035 2687 3099 videre

736 3121 1193 3187 Alexandrum
1240 3122 1406 3186 velle
1461 3124 1530 3185 in
1587 3122 1829 3203 templo
1881 3123 2023 3203 ipso
2070 3120 2468 3186 dictitabant.
2560 3121 2686 3186 Oo-

737 3207 1037 3272 hortibus
1072 3206 1232 3272 duos
1266 3208 1626 3289 praefectos
1661 3209 1906 3272 creavit
1942 3209 2302 3290 Augustus,
2364 3205 2476 3273 Sic
2511 3208 2689 3272 enim

736 3288 1136 3375 interpretor
1191 3292 1367 3376 apud
1412 3295 1694 3358 Dionem
1756 3291 1882 3355 δύω
1930 3293 2228 3375 ἐπάρχους
2270 3295 2389 3356 τῶν
2434 3292 2688 3377 δορυφό-

2737 3035 2743 3152 ἰ

2738 3155 2742 3260 Ι

4623 360 4737 421 148

2795 538 3016 603 tianus
3059 540 3417 624 ignorasse,
3462 542 3573 624 qui
3617 542 3686 606 in
3724 542 4108 607 Alexandro
4145 543 4229 607 ad
4265 543 4443 608 hunc
4475 541 4741 608 modum

2794 623 3022 687 tradit:
3078 626 3438 692 Praefectis
3493 629 3818 710 praetorio
3863 630 4261 694 senatoriam
4306 628 4559 694 addidit
4602 628 4741 712 dig-

2793 709 3086 789 nitatem,
3141 720 3217 776 ut
3261 713 3386 777 viri
3425 714 3773 779 clarissimi
3831 722 3898 778 et
3941 722 4158 779 essent
4216 720 4285 778 bt
4338 713 4738 781 dicerentur:

2793 796 2966 877 quod
3008 806 3205 863 antea
3250 798 3352 864 vel
3399 819 3624 863 rarum
3667 801 3908 877 fuerat,
3957 800 4060 865 vel
4117 802 4383 865 omnino
4426 822 4560 865 non
4604 801 4741 866 fue-

2792 889 2927 958 rat,
2989 904 3276 966 eousque
3334 893 3411 950 ut
3468 886 3525 949 si
3582 885 3728 967 quis
3781 887 4246 968 imperatorem
4304 906 4744 953 successorem

2791 969 3194 1049 praefectum
3237 972 3566 1053 praetorio
3610 971 3767 1035 dare
3808 971 4035 1047 vellet,
4093 971 4493 1039 laticlaviam
4532 972 4743 1037 eidem

2790 1074 2906 1135 per
2941 1054 3250 1120 libertum
3288 1057 3716 1122 submitteret.
3787 1057 4167 1122 Alexander
4201 1067 4422 1124 autem
4455 1058 4604 1131 ideo
4640 1080 4739 1123 se-

2790 1146 3054 1205 natores
3091 1162 3234 1206 esse
3269 1143 3480 1216 voluit
3513 1144 3873 1227 praefectos
3910 1144 4252 1227 praetoriO,
4299 1165 4384 1209 ne
4472 1146 4575 1209 uis
4610 1165 4742 1209 non

2790 1233 3052 1291 senator
3105 1227 3186 1292 de
3240 1249 3511 1293 romano
3568 1236 3864 1295 senatore
3917 1228 4258 1295 iudicaret.
4348 1232 4412 1294 A
4456 1229 4742 1295 dendum

2788 1319 3118 1393 postremo
3153 1322 3222 1379 et
3254 1314 3420 1379 illud
3457 1336 3536 1379 ex
3568 1315 3738 1379 Iulio
3773 1314 4163 1397 Capitolin0,
4201 1315 4518 1382 Caesares
4552 1337 4740 1399 prae-

2785 1398 2971 1463 fectis
3015 1400 3176 1465 suis*
3197 1401 3494 1465 osculum
3536 1400 3690 1465 dare
3736 1401 3957 1466 solitos
4016 1402 4283 1467 honoris
4338 1422 4553 1469 causa.
4643 1403 4742 1467 Eo

2784 1484 3100 1565 paulatim
3143 1495 3532 1568 pervenerat
3576 1495 3879 1569 potestas,
3927 1487 4232 1552 militaris
4278 1490 4585 1572 primum,
4634 1488 4743 1553 de·

2786 1569 2938 1635 inde
2994 1593 3097 1636 res
3156 1573 3381 1637 civiles
3427 1573 3758 1654 amplexa,
3815 1595 3980 1655 quas
4033 1574 4243 1639 libera
4296 1574 4744 1640 iurisdictione

2787 1664 2854 1719 et
2897 1657 3040 1721 sine
3083 1658 3541 1741 provocatione
3597 1658 4125 1738 administrabat,
4178 1668 4255 1724 ut
4309 1681 4442 1725 non
4487 1659 4743 1725 dubita-

2787 1744 3008 1806 verint
3051 1745 3344 1827 plerique
3389 1765 3472 1809 ex
3516 1765 3591 1809 eo
3637 1745 3846 1828 gradu
3883 1745 4218 1829 adspirare
4254 1745 4338 1810 ad
4373 1747 4740 1829 imperium,

2786 1838 2854 1893 et
2887 1829 3199 1912 Philippo
3236 1831 3434 1895 etiam
3472 1833 3868 1896 successerit.
3931 1832 4077 1897 Hoc
4114 1834 4312 1897 etiam
4350 1840 4742 1916 argumento

2789 1914 2926 1979 eius
2971 1916 3168 1981 officii
3211 1917 3741 2001 magnitudinem
3787 1918 4105 1983 coniicere
4147 1938 4525 2000 possumus,
4573 1916 4742 2000 quod

2790 2022 2994 2083 quum
3022 2001 3399 2067 Gordianus
3445 2025 3529 2068 ne
3576 2024 3648 2067 os
3693 2024 3954 2068 summa
3996 2004 4216 2068 omnia
4260 2004 4334 2067 in
4357 2003 4744 2069 Misitheum

2791 2106 3090 2151 socerum
3135 2088 3386 2153 deferre
3433 2089 3650 2167 velet,
3695 2098 3952 2153 tantum
3998 2111 4129 2154 non
4183 2090 4439 2172 imperii
4477 2090 4742 2172 partici-

2786 2194 2956 2253 pem,
3003 2173 3172 2237 nihil
3213 2178 3360 2253 [pag.
3391 2180 3537 2254 142]
3585 2173 3816 2239 habuit
3849 2176 4258 2256 praefectura
4279 2176 4509 2241 maius.
4577 2176 4744 2241 Nos-

2786 2260 2907 2323 tris
2943 2259 3320 2325 homim’bus
3352 2282 3487 2326 non
3507 2261 3698 2325 aliter
3715 2282 3984 2342 possum
4014 2270 4525 2344 repraesentare,
4545 2282 4744 2344 quam

2787 2347 2841 2409 si
2889 2346 3034 2425 quis
3058 2344 3543 2429 Constabularii
3577 2348 3862 2412 officium
3899 2369 4047 2411 cum
4074 2346 4560 2413 Cancellariatu
4595 2348 4743 2411 iun·

2789 2438 2919 2515 gat.
3011 2432 3195 2497 Haec
3238 2432 3537 2515 pluribus
3579 2454 3776 2515 quam
3824 2440 4200 2498 statueram.

2965 2517 3050 2580 In
3093 2519 3278 2582 cuius
3311 2520 3495 2582 verba
3527 2521 3855 2599 principe-9
3889 2521 4311 2584 duramen-mm
4340 2517 4614 2604 faciant]
4664 2519 4742 2583 Id

2790 2611 2908 2681 est,
2953 2604 3022 2667 in
3066 2605 3252 2669 cuius
3278 2604 3478 2669 verba
3522 2606 3951 2681 consentiant,
3998 2613 4065 2669 et
4098 2606 4281 2688 quasi
4318 2605 4742 2669 iureiurando

2790 2690 3181 2770 conspirent,
3221 2691 3480 2755 Nerone
3517 2690 3766 2757 scilicet
3786 2691 3988 2756 verba
4020 2700 4393 2774 praeeunte,
4432 2692 4592 2773 ipsis
4628 2713 4743 2756 au-

2790 2783 2926 2839 tem
2970 2777 3038 2839 in
3061 2776 3264 2841 verba
3302 2785 3614 2859 concepta
3644 2777 4032 2841 iurantibus
4102 2775 4214 2842 Sic
4239 2778 4459 2842 Acron
4491 2785 4560 2841 et
4580 2777 4742 2842 Por-

2790 2861 3026 2946 phyrio
3067 2862 3396 2945 accipiunt
3438 2862 3602 2927 illud
3647 2863 3910 2927 Horatii
3954 2864 4025 2927 in
4067 2862 4346 2946 Epodis:

2999 2964 3170 3030 Quum
3208 2974 3265 3018 tu
3303 2980 3614 3046 magnorum
3653 2981 3846 3018 numen
3885 2966 4101 3019 laesura
4136 2965 4377 3032 deorum,

3103 3034 3162 3086 In
3200 3036 3365 3088 verba
3402 3036 3617 3088 iurabas
3653 3051 3786 3088 mea.

2793 3117 3014 3183 Huius
3077 3122 3276 3184 etiam
3338 3120 3733 3201 loquutionis
3801 3121 4348 3203 significationem
4403 3120 4743 3186 evidenter

2791 3203 3075 3268 ostendit
3118 3207 3353 3271 Livius
3411 3204 3575 3270 libro
3620 3206 3809 3271 VII.:
3867 3207 3958 3270 Et
4010 3227 4208 3288 super
4261 3206 4504 3271 lectum
4560 3217 4743 3273 stans

2792 3291 2962 3355 ferro
3008 3291 3290 3370 intentO,
3349 3294 3477 3355 nisi
3532 3293 3599 3356 in
3662 3314 3827 3375 quae
3883 3293 4021 3375 ipse
4076 3293 4480 3375 concepisset
4521 3293 4740 3372 verba,

739 3402 899 3528 (ρωνε
952 3381 1257 3460 quoniam
1315 3377 1573 3443 Suidas'
1600 3401 1716 3460 pro
1761 3379 1987 3442 eodem
2037 3398 2216 3448 nunc
2262 3381 2526 3459 ἔπαρχον
2571 3383 2690 3441 τῶν
2738 3417 2742 3472 g
2792 3377 3072 3454 iuraret,
3141 3400 3210 3442 se
3270 3379 3474 3460 patris
3535 3380 3677 3441 cius
3734 3377 4082 3444 accusandi
4137 3399 4338 3442 causa
4396 3379 4741 3444 concilium

778 3465 1115 3548 ορυφόρων,
1151 3487 1327 3530 nunc
1364 3465 1623 3547 ἔπαρχον
1659 3468 1778 3528 τῶν
1809 3465 2267 3550 πραιτωριάνων
2301 3467 2501 3548 ponit.
2547 3465 2687 3530 He·-
2738 3479 2743 3552 ζ
2792 3462 2997 3544 plebis
3042 3478 3378 3546 nunquam
3424 3464 3818 3542 habiturum,
3866 3485 3935 3529 se
3973 3485 4126 3527 eum
4163 3464 4492 3546 extemplo
4528 3474 4741 3529 trans-

738 3550 1053 3616 rodianus
1118 3550 1282 3615 libro
1334 3550 1448 3615 V.:
1511 3551 2011 3631 σωματοφύλακες
2066 3556 2168 3613 καὶ
2217 3543 2537 3636 δορυφὸροο
2592 3550 2688 3625 οὓς

740 3636 812 3714 δὴ
847 3635 1313 3718 πραιτωριανοῦς
1355 3640 1650 3716 καλοῦσιν,
1697 3636 1763 3700 id
1807 3644 1908 3702 est
1949 3639 2238 3721 corporis
2284 3636 2586 3703 custodes
2622 3646 2689 3702 et

740 3723 1001 3802 hastati,
1047 3744 1209 3805 quos
1252 3725 1699 3805 praetorianos
1735 3731 1987 3788 vocant.
2078 3724 2226 3789 Hoc
2270 3732 2491 3788 tamen
2537 3745 2686 3806 per-

737 3818 1009 3893 petuum
1062 3830 1193 3873 non
1247 3810 1397 3872 fuit:
1450 3811 1603 3891 quia
1654 3830 1772 3892 pro
1828 3809 2141 3892 temporis
2184 3831 2258 3875 ac
2301 3830 2524 3874 rerum
2572 3832 2688 3875 va-

740 3897 993 3973 rietate,
1041 3917 1215 3961 nunc
1252 3916 1466 3962 'unum
1510 3897 1726 3971 fuisse,
1771 3918 1946 3961 nunc
1991 3895 2151 3961 duos
2195 3897 2555 3979 praefectos
2594 3897 2688 3962 le-

742 3984 974 4066 gimus,
1065 3982 1237 4046 Nam
1293 3991 1360 4046 et
1404 3981 1803 4047 Commodus
1859 3991 2007 4064 post
2058 3983 2325 4048 caedem
2368 3983 2688 4047 Perennii

741 4066 995 4132 duobus
1038 4068 1365 4133 commisit
1407 4070 1888 4150 praefecturam
1906 4120 1920 4146 ,
1978 4089 2104 4150 quo
2154 4070 2225 4132 in
2277 4079 2497 4152 partes
2554 4068 2686 4134 dis-

741 4163 1004 4231 sectam,
1040 4153 1529 4219 imbecilliorem
1566 4163 1794 4220 contra
1827 4156 2189 4237 principem
2212 4154 2532 4219 redderet.
2598 4156 2690 4218 Et

742 4240 937 4304 multi
981 4241 1409 4323 imperatores
1453 4263 1656 4323 quum
1700 4241 2061 4306 exercitum
2105 4243 2173 4304 in
2219 4241 2469 4305 hostem
2530 4241 2690 4305 edu-

741 4333 984 4404 cerent,
1031 4326 1312 4390 alterum
1355 4349 1439 4390 ex
1473 4329 1819 4411 praefectis
1855 4327 2177 4409 praetorio
2222 4348 2444 4392 secum
2490 4327 2691 4392 habe-

744 4411 921 4488 bant,
966 4411 1249 4476 alterum
1296 4414 1364 4475 in
1408 4413 1570 4477 urbe
1625 4414 2104 4495 relinquebant:
2162 4433 2367 4494 quum
2410 4414 2484 4476 in
2527 4413 2690 4478 urbe

742 4507 1013 4576 starent,
1051 4518 1183 4561 uno
1228 4500 1533 4562 contenti.
1620 4500 1766 4565 Hoc
1809 4501 2005 4563 etiam
2048 4498 2306 4564 silentio
2349 4501 2691 4565 transmit-

742 4583 1012 4648 tendum
1051 4604 1183 4646 non
1219 4591 1335 4660 est,
1372 4585 1622 4667 equites
1656 4606 1960 4649 romanos
1996 4592 2368 4668 assumptos
2404 4607 2488 4650 ex
2511 4606 2692 4650 more

741 4670 943 4735 fuisse
979 4671 1049 4733 in
1080 4690 1227 4734 eam
1272 4669 1674 4752 dignitatem,
1722 4693 1843 4736 nec
1876 4678 2031 4736 ante
2065 4671 2350 4737 senatori
2386 4670 2690 4750 delatam,

742 4777 942 4837 quam
986 4757 1175 4819 Titus
1218 4756 1290 4818 in
1333 4777 1404 4820 se
1446 4759 1779 4839 reciperet,
1826 4766 2013 4840 patre
2034 4757 2442 4841 Vespasiano
2483 4758 2692 4838 impe-

744 4849 951 4906 rante.
1019 4842 1232 4906 Autor
1273 4841 1532 4907 Plinius
1574 4846 1799 4921 maior,
1844 4852 1909 4907 et
1942 4843 2382 4925 Tranquillus.
2437 4843 2692 4907 Verum

746 4928 804 4991 si
839 4926 1145 4992 Cornelio
1168 4928 1393 4994 Tacito
1429 4929 1776 5007 credimuS,
1802 4929 2158 4994 Arretinae
2194 4928 2501 4994 Clemens
2536 4936 2692 4993 ante

746 5033 824 5076 eo
870 5013 1079 5078 officio
1133 5014 1394 5081 functus
1447 5016 1690 5093 fuerat,
1743 5016 1968 5079 favore
2012 5015 2326 5093 Mutiani,
2382 5013 2694 5079 senatorii

750 5098 850 5163 vir
893 5098 1157 5176 ordinis,
1203 5107 1269 5164 et
1314 5101 1537 5165 domui
1573 5101 1966 5181 Vespasiani
2012 5120 2128 5182 per
2170 5101 2557 5165 affinitatem
2592 5100 2693 5162 in-

748 5206 977 5249 nexus.
1043 5186 1292 5251 Hister.
1340 5187 1507 5251 libro
1542 5185 1702 5250 XX.
1773 5185 1956 5266 Quin
2001 5192 2069 5250 et
2110 5185 2176 5249 id
2223 5186 2397 5268 quod
2442 5186 2521 5251 de
2544 5187 2694 5251 rPito

745 5271 1041 5337 scribunt
1082 5272 1341 5337 Plinius
1386 5282 1453 5336 et
1497 5271 1919 5354 Tranquillus
1939 5270 2201 5337 videtur
2228 5272 2451 5339 Aelius
2487 5271 2695 5355 Spar-

2737 3559 2744 3678 1

2791 3550 3080 3613 fixurum
3123 3550 3429 3626 minatur.
3519 3551 3588 3615 Is
3633 3558 3854 3614 autem
3899 3551 4009 3632 qui
4054 3549 4246 3613 alteri
4286 3551 4490 3615 verba
4531 3553 4742 3615 conci-

2793 3635 2905 3716 pit,
2951 3634 3190 3699 dicitur
3233 3637 3304 3700 in
3348 3637 3550 3701 verba
3594 3635 3873 3720 adigere.
3941 3635 4196 3700 Ibidem
4239 3635 4498 3714 Livius,
4544 3636 4739 3702 Pavi-

2794 3721 2944 3799 dus,
2999 3723 3237 3804 inquit,
3296 3723 3598 3787 tribunus
3654 3722 3916 3787 adiurat
3968 3722 4041 3784 in
4097 3742 4263 3803 quae
4318 3721 4590 3787 adactus
4645 3729 4743 3786 est

2794 3805 3012 3872 verba.
3082 3807 3339 3872 Gellius
3383 3809 3550 3872 libro
3586 3807 3807 3872 XV1.:
3856 3806 4083 3887 Quum
4127 3806 4416 3872 delectus
4458 3809 4742 3890 antiqui·

2794 3902 2902 3958 tus
2956 3895 3170 3971 fieret,
3230 3904 3295 3958 et
3347 3895 3585 3958 milites
3639 3893 4107 3971 scriberentur,
4163 3894 4236 3956 in
4285 3892 4743 3958 iusiurandum

2794 4000 2903 4043 eos
2945 3979 3247 4044 tribunus
3291 3981 3595 4044 militaris
3641 3979 3946 4063 adigebat
3985 3979 4055 4042 in
4100 3978 4262 4043 haec
4301 3977 4522 4044 verba.
4613 3980 4740 4044 'ra-

2793 4066 2988 4131 citus:
3035 4066 3392 4131 Imminere
3435 4066 3845 4130 Narbonensi
3891 4066 4267 4147 provinciae
4307 4066 4376 4129 in
4400 4065 4602 4130 verba
4621 4065 4741 4128 Vi-

2792 4152 2957 4215 tellii
3002 4150 3270 4217 adactae
3313 4161 3434 4218 etc.
3523 4152 3775 4216 Eadem
3832 4153 4085 4215 ratione
4129 4151 4368 4215 dicitur
4409 4152 4629 4216 iurare
4671 4151 4741 4214 in

2794 4259 3037 4302 nomen
3081 4239 3412 4321 principis,
3459 4246 3526 4303 et
3567 4239 3784 4302 iurare
3828 4238 3899 4301 in
3944 4237 4140 4319 leges.

2971 4322 3091 4388 Cui
3142 4325 3495 4389 redderetur
3550 4325 3879 4404 antiquum
3932 4323 4094 4388 illud
4146 4321 4489 4409 saeculum]
4550 4321 4743 4403 Quod

2794 4410 2906 4474 illo
2950 4410 3208 4474 saeculo
3252 4430 3478 4487 aureo,
3525 4419 3757 4492 suopte
3800 4409 4067 4493 ingenio
4113 4409 4274 4474 adeo
4316 4407 4519 4490 probe
4562 4410 4742 4473 vive·

2796 4504 2948 4559 rent
2993 4495 3322 4571 homines,
3382 4504 3457 4560 ut
3507 4495 3676 4560 nihil
3733 4493 3987 4579 legibus
4045 4515 4208 4579 opus
4263 4495 4611 4572 haberent,
4669 4501 4745 4557 ut

2796 4589 2943 4664 post
2975 4579 3342 4646 Hesiodum
3383 4603 3608 4646 omnes
3645 4582 3778 4645 fere
3815 4589 4046 4663 poetae
4082 4589 4348 4647 canunt.
4418 4581 4596 4646 Hinc
4628 4600 4742 4662 pro

2796 4669 3086 4732 moribus
3126 4668 3505 4750 principum
3541 4689 3719 4732 nunc
3754 4688 3954 4731 aurea
3975 4678 4215 4733 vocant
4250 4667 4532 4744 saecula,
4572 4684 4742 4730 nunc

2795 4754 3041 4819 ferrea:
3093 4753 3454 4838 Vergilius:
4379 4751 4384 4756 ’

3313 4856 3562 4910 Redeunt
3596 4855 3846 4910 Saturnia
3879 4872 4063 4925 regna.

2795 4942 2993 5007 Item:

3175 5026 3250 5080 Et
3286 5035 3403 5081 toto
3443 5036 3627 5096 surget
3662 5044 3796 5096 gens
3832 5041 3999 5082 aurea
4034 5027 4247 5081 mundo.

2796 5115 2889 5177 Et
2932 5112 3099 5178 libro
3122 5113 3242 5177 VI.
3291 5113 3642 5179 Aeneidos:

3023 5217 3300 5341 igugusltus
3338 5218 3538 5272 Caesar
3575 5218 3751 5271 divum
3789 5234 3958 5287 genus
3995 5231 4162 5270 aurea
4199 5217 4396 5271 condet

3067 5302 3200 5341 aecu
3224 5303 3273 5341 a.
