5100 6061
667 387 801 449 483
2163 377 2686 447 CONSILIUM
2729 379 3019 446 PAULI
3061 379 3189 444 III.
4570 382 4692 444 484

676 573 945 656 ripiunt,
983 572 1096 654 qui
1141 571 1600 653 diripientibus
1645 571 1950 652 eripiunt,
1989 576 2065 632 ut
2107 589 2295 634 veros
2337 575 2636 650 pastores
2739 588 2932 650 saepe
2966 567 3346 632 obtulerunt
3382 574 3449 631 et
3476 589 3655 632 nunc
3699 569 4000 644 offerunt,
4049 577 4116 631 et
4149 578 4391 646 tamen,
4438 568 4496 633 si
4536 589 4698 650 pon-

676 659 1079 742 praeficiant.
1170 657 1321 721 Non
1376 658 1710 739 episcopos
1754 655 2052 731 eiiciunt,
2110 655 2222 736 qui
2277 654 2639 718 instituunt
2684 705 2690 748 ¹
2742 652 2955 719 tificiis
3002 652 3346 732 credimus,
3393 653 3774 737 religionem
3819 654 4265 736 profanarunt.

680 744 1084 827 religionem.
1175 744 1327 808 Non
1382 744 1731 825 profanant
1787 742 1899 822 qui
1953 742 2348 805 instaurant.
2440 738 2636 820 Quod
2684 779 2690 802 a

678 831 894 895 facere
931 837 1364 912 protestantes
1387 827 1604 911 palam
1640 837 1757 904 est,
1796 826 1911 891 sed
1947 848 2079 914 non
2098 827 2382 908 impune.
2458 824 2637 905 Quid
2916 823 3054 890 Imo
3110 825 3181 889 in
3225 830 3470 889 tantum
3500 826 3830 907 proyressi
3883 831 4031 890 sunt
4102 831 4171 889 ut
4225 826 4697 909 inteqmimum

678 916 860 981 enim
896 915 1077 981 aliud
1113 924 1319 992 sonat,
1359 914 1511 996 quid
1551 912 1888 977 contendit
1910 920 2044 976 tota
2080 932 2306 976 eorum
2342 912 2639 976 doctrina
2741 911 3051 975 iudicium
3094 911 3388 975 divellere
3432 917 3721 976 conentur
3767 962 3779 973 .
3829 963 3841 975 .
3890 961 3903 974 .
3954 963 3966 975 .

681 1023 878 1085 quam
922 1001 1188 1067 Christo
1214 1002 1518 1077 Domin0,
1565 1000 1718 1081 quia
1752 1001 1881 1078 via,
1927 998 2175 1064 veritas
2224 1008 2289 1063 et
2332 1000 2470 1062 vita
2513 1007 2633 1075 est,

678 1087 1018 1152 fidendum
1057 1099 1121 1152 et
1155 1085 1517 1151 vivendum
1553 1106 1711 1162 esse,
1750 1105 1954 1167 quum
1974 1084 2290 1166 pontificii
2327 1083 2637 1149 fiduciam

680 1173 914 1238 salutis
957 1175 1025 1237 in
1073 1174 1275 1248 divos,
1320 1172 1393 1235 in
1429 1193 1578 1236 ossa
1601 1181 1666 1235 et
1710 1170 2062 1235 simulacra
2085 1190 2328 1248 eorum,
2374 1170 2444 1233 in
2490 1191 2637 1234 cae-

2914 1033 3021 1093 An
3061 1030 3375 1095 iudicium
3420 1030 3759 1109 divellunt,
3806 1032 3914 1114 qui
3961 1053 4090 1096 non
4138 1032 4264 1096 nisi
4309 1032 4591 1114 iniquas,
4633 1040 4705 1098 et

2739 1138 2874 1181 non
2910 1116 3132 1180 minus
3167 1123 3399 1182 contra
3435 1115 3737 1181 Caesaris
3772 1117 3953 1182 iussa
3988 1125 4054 1182 et·
4088 1124 4279 1200 pacta
4314 1139 4510 1199 quam
4546 1140 4703 1184 con-

2739 1211 2844 1267 tra
2885 1203 3015 1266 Dei
3057 1202 3120 1266 le
3168 1224 3273 1266 em
3316 1203 3484 1267 latas
3529 1204 3891 1268 sententias
3935 1203 4325 1287 repudiant?
4392 1201 4601 1284 Quod
4644 1207 4703 1270 si

2742 1289 2940 1371 probe
2984 1289 3122 1352 inte
3175 1289 3355 1372 igere
3387 1286 3569 1365 velis,
3616 1288 3783 1352 nihil
3819 1290 4079 1373 integri,
4126 1289 4291 1353 nihil
4339 1292 4571 1368 sancti,
4596 1294 4704 1372 ni-

2739 1374 2838 1438 hil
2883 1375 3072 1456 aequi
3099 1374 3275 1458 apud
3316 1374 3464 1438 illos
3500 1372 3746 1452 iudices
3792 1396 3953 1453 esse,
3991 1385 4219 1458 reputa
4255 1376 4401 1457 quis
4448 1377 4550 1451 sit,
4588 1378 4704 1459 qui

2741 1481 2853 1525 eos
2897 1471 3035 1524 tam
3092 1459 3277 1525 bellis
3344 1460 3654 1525 encomiis
3708 1461 4058 1543 praedicat.
4149 1462 4379 1544 Neque
4435 1464 4614 1526 enim
4662 1485 4706 1528 a

2738 1548 3069 1628 pontificio
3131 1551 3247 1624 [fol.
3289 1552 3396 1624 23]
3442 1546 3661 1629 legato
3722 1548 3843 1612 nisi
3891 1549 4142 1612 nefaria
4183 1548 4485 1613 mercede
4527 1548 4706 1614 hanc

2720 1632 3005 1696 ·laudem
3064 1633 3446 1713 consequuti
3506 1641 3740 1696 essent.
3832 1634 3924 1697 Et
3968 1655 4124 1698 sane
4180 1635 4338 1698 satis
4406 1647 4702 1717 apparet,

676 1261 1034 1334 remoniaS,
1083 1260 1150 1322 in
1192 1278 1392 1340 opera
1448 1257 1791 1321 hominum
1847 1255 2236 1321 distrahant.
2326 1255 2638 1337 Plerique

673 1346 845 1410 nihil
889 1344 1122 1410 docent
1165 1365 1362 1426 quam
1408 1365 1602 1426 quem
1646 1344 1883 1409 vivunt
1924 1342 2409 1422 epicurismum.
2499 1342 2634 1405 No-

672 1432 802 1494 tior
843 1431 1020 1496 enim
1080 1441 1180 1495 est
1222 1451 1495 1496 romana
1536 1431 1764 1512 religio
1808 1449 2003 1512 quam
2047 1429 2198 1491 boni
2251 1449 2477 1492 omnes
2521 1448 2636 1491 ve-

675 1517 817 1580 lint.
885 1517 1032 1581 Iam
1077 1515 1234 1599 quid
1278 1532 1378 1580 est
1423 1516 1704 1597 diripere
1749 1513 2075 1592 ecclesias,
2123 1514 2180 1579 si
2223 1512 2308 1591 id,
2356 1513 2526 1595 quod
2561 1514 2635 1577 in

677 1602 930 1668 solenni
979 1625 1101 1668 usu
1146 1603 1460 1684 pontificii
1506 1602 1772 1677 habent,
1818 1621 1948 1665 non
1993 1599 2137 1664 est?
2209 1598 2395 1678 Quae
2440 1620 2637 1681 paro-

673 1689 853 1768 chia,
909 1710 1076 1770 quae
1123 1687 1411 1765 abbatia,
1469 1689 1612 1769 quis
1658 1689 2099 1769 episcopatuS,
2147 1695 2263 1749 aut
2305 1685 2633 1766 quodnam

673 1775 1048 1857 opulentius
1094 1773 1526 1839 sacerdotium
1572 1772 1824 1836 idoneis
1871 1781 1937 1836 et
1977 1772 2087 1853 qui
2129 1772 2196 1834 in
2242 1793 2358 1835 suo
2402 1772 2633 1836 minis-

670 1861 833 1926 terio
888 1881 1116 1926 servos
1175 1883 1258 1939 se,
1306 1881 1446 1924 esse
1502 1859 1808 1923 ecclesiae
1850 1857 2225 1940 intelligant
2282 1859 2632 1934 confertur,

672 1955 738 2010 et
780 1969 912 2011 non
958 1957 1316 2028 occupatur
1370 1946 1450 2009 ab
1496 1945 1577 2009 iis
1630 1945 1770 2026 qui,
1829 1966 2029 2026 quum
2074 1965 2207 2007 non
2252 1943 2414 2008 alias
2457 1952 2633 2008 artes

674 2032 1022 2099 didicerint-
1037 2036 1154 2111 [fol.
1173 2045 1206 2094 2
1219 2037 1282 2110 2]
1306 2051 1503 2112 quam
1519 2031 1919 2106 venationes,
1948 2029 2273 2094 lenocinia
2298 2040 2363 2093 et
2386 2029 2632 2094 similes

671 2117 781 2183 vel
824 2119 1109 2202 ineptias
1156 2116 1266 2181 vel
1305 2116 1646 2198 nequitias,
1692 2137 1893 2197 quum
1939 2113 2019 2180 ad
2065 2116 2480 2197 episcopatus
2517 2136 2632 2181 ve-

675 2204 893 2280 niunt,
954 2212 1196 2285 putant
1252 2224 1394 2267 esse
1447 2203 1621 2266 iusta
1675 2201 1940 2265 illarum
1995 2203 2303 2284 praemia.
2393 2202 2630 2283 Itaque

668 2311 753 2354 ne
780 2310 821 2353 a
851 2289 1250 2372 professione
1294 2309 1413 2351 sua
1447 2288 1828 2365 desciscant,
1873 2286 2042 2351 nihil
2078 2308 2274 2369 quam
2313 2294 2629 2369 satrapae,

674 2385 1049 2452 venatores,
1105 2375 1432 2452 lurcones,
1487 2395 1844 2457 ganeones,
1913 2381 2331 2450 scortatores,
2386 2373 2629 2438 milites

670 2461 868 2525 etiam
916 2470 981 2525 et
1022 2460 1419 2543 gladiatores
1463 2467 1821 2542 praestant.
1893 2459 1973 2523 Id
2009 2479 2167 2524 vero
2204 2479 2485 2524 canones
2524 2481 2628 2524 sa-

675 2547 1016 2629 crilegium
1073 2566 1215 2610 esse
1272 2546 1627 2622 definiunt,
1686 2556 1753 2610 et
1798 2545 2223 2611 ecclesiarum
2271 2543 2625 2628 depraeda-

2740 1727 2816 1782 nt
2856 1719 3139 1801 proiecto
3184 1718 3519 1800 religionis
3563 1717 3778 1782 studio
3824 1740 3967 1783 eam
4010 1741 4344 1785 sacrorum
4389 1722 4706 1802 profana-

2739 1805 3018 1882 tionem,
3075 1826 3158 1868 ex
3215 1825 3344 1885 qua
3402 1803 3695 1886 plerique
3742 1826 3970 1868 eorum
4015 1806 4431 1880 deliciantur,
4479 1808 4703 1889 impu-

2739 1889 2971 1954 denter
3034 1888 3419 1965 defendant,
3483 1890 3830 1955 colluviem
3877 1891 4310 1974 pseudocleri,
4370 1891 4705 1974 publicam

2740 1975 3139 2040 Germaniae
3192 1985 3470 2057 pestem,
3529 1997 3658 2040 non
3714 1978 3855 2040 sine
3912 1988 4139 2060 aperta
4184 1979 4433 2060 patriae
4475 1979 4709 2061 prodi-‘

2736 2063 2912 2127 tione
2956 2084 3074 2126 suo
3118 2062 3477 2145 patrocinio
3510 2063 3898 2140 sustineant,
3945 2065 4184 2128 omissa
4211 2064 4513 2128 Caesaris
4551 2063 4701 2148 dig-

2735 2149 2974 2222 nitate,
3023 2148 3319 2232 neglecto
3360 2148 3522 2225 iure,
3577 2149 3648 2212 in
3674 2148 4021 2214 asserendo
4065 2150 4391 2233 pontificis
4433 2152 4703 2215 romani

2735 2234 3085 2318 tyrannide
3143 2234 3663 2316 pertinacissime
3706 2235 4031 2300 insistant.
4123 2234 4300 2316 Quid
4336 2236 4407 2299 in
4451 2235 4702 2302 iudicio

2736 2330 2887 2384 tam»
2908 2331 3213 2403 corrupto
3239 2321 3633 2403 integritatis
3670 2329 3783 2385 aut
3818 2323 4228 2386 reverentiae
4252 2343 4394 2386 esse
4427 2322 4697 2405 potest?

2921 2491 2999 2556 Ut
3050 2512 3117 2557 eo
3173 2493 3420 2557 divulso
3476 2492 3668 2556 etiam
3723 2493 4038 2557 autoritas
4088 2514 4413 2557 caesareae
4466 2497 4700 2559 maies-

703 2633 716 2646 .
1114 2633 1126 2645 .
1271 2631 1284 2644 .
1461 2632 1473 2644 .
2067 2634 2078 2644 .
2192 2632 2205 2644 .
2731 2578 2879 2642 tat-is
2922 2579 2993 2642 in
3043 2577 3396 2642 Germania
3439 2578 3719 2642 omicidat
3887 2626 3901 2640 .
3948 2628 3961 2640 .

669 2641 934 2697 tionem.
997 2630 1336 2714 Qludquid
1371 2653 1548 2696 emm
1585 2653 1809 2697 rerum
1853 2631 2459 2710 ecclesiasticarum,
2495 2653 2627 2696 non

665 2718 772 2782 vel
813 2720 881 2783 in
936 2741 1125 2784 usum
1182 2718 1349 2782 sacri
1393 2718 1773 2795 ministerii,
1831 2718 1939 2784 vel
1979 2719 2048 2781 in
2093 2738 2443 2800 pauperes,
2520 2717 2628 2784 vel

671 2804 963 2886 publicas
1007 2804 1232 2888 populi
1269 2805 1396 2867 Dei
1438 2805 1857 2868 necessitates
1902 2803 2338 2886 impenditur,
2394 2803 2463 2867 id
2509 2825 2629 2887 per

664 2891 1079 2974 sacrilegium
1105 2889 1393 2955 ecclesiis
1410 2891 1572 2972 eripi
1597 2910 1880 2954 canones
1901 2890 2216 2954 iudicant.
2291 2889 2396 2953 Ita
2431 2911 2625 2971 quem

660 2998 900 3059 quaeso
922 2985 1358 3061 protestantes
1381 2977 2124 3060 episcopumpotuerunt
2146 2976 2400 3053 eiicere,
2423 2997 2626 3059 quum

659 3062 914 3146 pridem
954 3066 1131 3128 inter
1165 3084 1292 3139 eos,
1340 3064 1452 3146 qui
1496 3063 1802 3128 eeclesias
1850 3062 1970 3128 hoc
2006 3063 2272 3126 nomine
2308 3062 2624 3141 detinent,

664 3150 1042 3215 rarissimus
1063 3150 1150 3213 sit
1173 3149 1285 3231 qui
1311 3148 1537 3213 haberi
1572 3149 1916 3231 episcopus
1952 3147 2196 3231 possit?
2271 3148 2410 3213 Nec
2447 3149 2625 3213 enim

667 3236 1006 3318 episcopus
1066 3234 1291 3299 haberi
1347 3235 1587 3317 populo
1632 3233 1986 3309 christiano
2032 3242 2278 3316 potest,
2341 3235 2468 3298 nisi
2514 3235 2627 3317 qui

660 3343 967 3404 supremo
1011 3322 1080 3385 in
1126 3321 1400 3386 ecclesia
1443 3320 1585 3385 loco
1622 3320 1747 3385 hac
1789 3319 2161 3385 conditione
2206 3320 2405 3398 sedet,
2451 3329 2525 3384 ut
2561 3329 2628 3384 et

665 3408 966 3473 doctrina
1023 3416 1089 3470 et
1143 3408 1320 3470 vitae
1374 3407 1807 3471 sanctimonia
1864 3405 2116 3488 primus
2173 3407 2488 3484 emineat,
2549 3417 2626 3471 ut

663 3512 920 3558 summo
951 3491 1165 3557 studio
1193 3493 1263 3555 in
1296 3492 1368 3556 id
1404 3514 1475 3557 se
1510 3491 1863 3575 impendat,
1890 3491 2197 3569 docende,
2237 3512 2422 3558 sacra
2443 3515 2624 3577 mys-

662 3580 829 3644 teria
863 3577 1485 3643 administrandoet
1519 3576 1931 3660 disciplinam
1952 3577 2203 3643 Christi
2237 3578 2622 3657 exercendO,
2731 3599 2860 3655 eas,
2905 3586 2979 3641 ut
3023 3578 3202 3642 nullo
3237 3578 3381 3641 iure
3428 3578 3620 3640 nixas
3665 3584 3733 3641 et
3776 3577 3916 3641 sine
3952 3578 4227 3659 imperio
4262 3578 4448 3657 latas,
4496 3580 4685 3643 abro-

653 3687 786 3748 quo
832 3665 1101 3729 ecclesia
1124 3663 1245 3728 sibi
1279 3664 1528 3729 credita
1571 3685 1777 3746 quum
1821 3665 2188 3730 accessione
2229 3686 2473 3743 eorum,
2512 3666 2624 3748 qui
2728 3675 2989 3747 gai-unt,
3036 3663 3444 3745 condereque
3488 3661 3848 3744 quamlibet
3891 3672 4146 3728 sanctas
4192 3669 4260 3734 et
4294 3665 4435 3746 pias
4482 3672 4689 3729 teme-

659 3772 698 3814 a
728 3751 997 3816 Christo
1038 3750 1302 3816 abducti
1347 3758 1555 3830 erant,
1591 3750 1880 3833 quotidie
1917 3761 2256 3834 augeatur,
2293 3758 2433 3815 tum
2473 3772 2623 3834 pro·
2662 3756 2678 4141 g
2727 3750 2944 3814 ritatis
2982 3760 3047 3814 et
3090 3749 3357 3815 illicitae
3389 3748 3699 3814 audaciae
3737 3770 3879 3819 esse
3915 3746 4449 3831 pronunciamnt.
4520 3752 4691 3815 Pro-

2903 2716 3169 2780 Bellum
3213 2724 3315 2780 est
3360 2716 3482 2779 hoc
3521 2715 3888 2792 artificium,
3936 2716 3993 2779 si
4037 2716 4300 2797 quidem
4337 2739 4467 2782 uno
4494 2719 4698 2784 verbo

2729 2795 3115 2886 profligatus
3170 2802 3277 2867 hic
3321 2823 3537 2886 ‚nepos
3580 2802 3960 2884 imperatori
4014 2802 4407 2883 persuadere
4456 2803 4694 2882 valeat,

2727 2895 3164 2970 protestantes
3207 2887 3383 2952 illius
3428 2888 3736 2969 potestati
3778 2886 4103 2964 insidiari,
4162 2890 4528 2970 pontificios
4574 2911 4694 2955 au-

2732 2985 2863 3039 tem
2920 2995 3064 3040 eam
3118 2985 3574 3040 conservatam
3620 2972 3805 3040 velle.
3897 2975 3992 3038 At
4035 2983 4491 3058 protestantes.
4518 2975 4697 3042 hanc

2729 3060 3093 3125 doctrinam
3135 3061 3549 3143 profitentur,
3595 3082 3764 3142 quae
3800 3082 3884 3124 ex
3921 3062 4119 3125 verbo
4156 3062 4285 3125 Dei
4327 3063 4511 3127 iubet
4550 3085 4695 3127 om·
4764 3127 4773 3133 ,

2729 3169 2883 3211 nem
2947 3147 3239 3212 animam
3302 3144 3764 3229 potestatibus,
3834 3167 3999 3229 quae
4054 3147 4349 3231 gladium
4404 3160 4693 3231 gestant,

2729 3233 2977 3298 subiici.
3065 3232 3398 3297 Pontificii
3453 3240 3673 3296 autem
3729 3253 3799 3297 se
3850 3233 4028 3296 omni
4070 3231 4359 3298 humano
4412 3236 4697 3317 imperio

2729 3330 3068 3401 exemptos
3116 3319 3379 3396 volunt,
3436 3320 3567 3381 imo
3627 3317 4015 3401 superiores,
4071 3320 4526 3385 Protestantes
4574 3342 4693 3386 eu-

2727 3406 2920 3489 piunt
2966 3406 3184 3470 valere
3227 3404 3425 3489 leges,
3471 3426 3632 3487 quas
3666 3406 3757 3487 pii
3801 3404 4229 3488 imperatores
4271 3406 4352 3470 de
4387 3409 4695 3488 personis

2730 3499 2797 3555 et
2841 3493 3036 3556 rebus
3080 3492 3533 3557 ecclesiasticis
3569 3499 3795 3556 sancte
3830 3490 4281 3556 condiderunt.
4354 3493 4693 3559 Pontificii

657 3838 833 3902 fectu
876 3838 1408 3919 incrementoque
1452 3836 1733 3918 pietatis,
1776 3837 1846 3900 in
1889 3837 1973 3901 iis
2017 3837 2129 3920 qui
2175 3834 2257 3900 ad
2281 3836 2623 3902 Christum
2727 3843 3043 3901 testantes
3101 3834 3380 3917 denique
3432 3834 3689 3899 nullum
3746 3835 4151 3917 episcopum,
4184 3857 4293 3900 ·ne
4337 3857 4690 3901 romanum

664 3924 796 3987 iam
842 3925 1139 3988 conversi
1183 3932 1365 3999 sunt,
1411 3944 1614 3987 novos
1659 3921 1934 3986 subinde
1979 3944 2362 4007 progressus
2407 3925 2619 3987 faciat.

664 4007 850 4089 Quae
916 4019 1014 4072 est
1070 4030 1226 4073 vero
1306 4008 1586 4090 denique
1653 4008 1768 4072 illa
1838 4009 2176 4092 religionis
2255 4010 2622 4092 profanatio

666 4115 862 4177 quam
909 4095 1421 4177 protestantibus
1457 4097 1566 4159 isti
1617 4094 2035 4177 impingunt?
2096 4095 2435 4159 Curarunt
2470 4117 2620 4178 pro-

662 4188 979 4245 testantes
1016 4179 1190 4278 apud
1234 4202 1404 4257 suos,
1451 4191 1526 4244 ut
1570 4181 1847 4262 populus
1890 4179 2009 4264 pro
2047 4181 2320 4263 impuris
2357 4192 2424 4245 et
2455 4182 2623 4245 irre·
2671 4202 2676 4251 i
2725 4180 2858 4244 ficii
2906 4200 3060 4245 vero
3105 4190 3234 4243 non
3280 4179 3490 4245 solum
3549 4200 3619 4244 se
3664 4200 3703 4242 a
3742 4178 4144 4261 principibus
4190 4181 4313 4243 rite
4366 4190 4433 4244 et
4481 4183 4689 4246 veteri

2671 4144 2676 4193 l

661 4267 912 4350 ligiosis
937 4265 1332 4343 hominibus,
1373 4268 1482 4349 qui
1498 4288 1758 4330 sacrum
1783 4267 2243 4341 ministerium,
2279 4276 2345 4339 et
2378 4267 2447 4331 id
2481 4288 2622 4330 mo-
2671 4256 2677 4307 ¹
2727 4266 3029 4330 instituto
3072 4266 3335 4348 probari
3377 4286 3512 4330 non
3558 4266 3904 4342 sustinent,
3952 4265 4067 4329 sed
4112 4266 4235 4341 hoc
4277 4287 4534 4348 quoque
4580 4269 4689 4332 vel

664 4352 763 4417 dis
802 4352 1105 4416 omnibus
1153 4352 1600 4433 depravatum,
1648 4374 1764 4434 pro
1803 4362 2080 4434 quaestu
2125 4352 2476 4429 habebant,
2511 4352 2622 4417 eo‘s
2671 4324 2677 4425 l
2725 4352 2889 4416 iuris
2934 4353 3041 4416 vel
3083 4352 3385 4417 licentiae
3429 4351 3556 4415 sibi
3595 4361 3893 4427 sumunt,
3956 4362 4031 4415 ut
4075 4354 4141 4414 in
4189 4362 4307 4416 sua
4350 4374 4551 4417 manu
4598 4355 4690 4418 sit

660 4438 1000 4503 ministros
1072 4438 1425 4518 acciperet,
1504 4441 1616 4521 qui
1685 4449 1750 4502 et
1848 4438 2289 4502 ministerium
2371 4438 2622 4503 Christi
2671 4432 2676 4501 Ξ
2728 4446 2794 4500 et
2845 4439 3275 4520 imperatores
3330 4438 3678 4502 instituere
3722 4458 3882 4518 quos
3928 4437 4165 4514 velint,
4228 4446 4292 4501 et
4337 4436 4684 4505 destitutos

659 4524 989 4589 sincerum
1026 4532 1378 4605 praestent,
1416 4534 1482 4587 et
1518 4525 1748 4589 vivant
1783 4525 1923 4589 sine
1961 4526 2254 4589 crimine.
2325 4524 2459 4589 Pro
2494 4525 2620 4588 im·
2668 4512 2677 4605 Ξ
2729 4545 2767 4587 a
2822 4546 2890 4588 se
2945 4523 3193 4587 honore
3253 4523 3583 4600 abdicare,
3642 4521 3837 4604 idque
3895 4544 4016 4605 pro
4071 4545 4255 4589 mera
4304 4523 4574 4589 libidine
4619 4537 4685 4590 et

656 4610 784 4693 piis
830 4620 898 4673 et
934 4609 1393 4692 pestilentibus
1438 4612 1840 4685 commentis,
1885 4609 2119 4692 quibus
2156 4618 2221 4674 et
2258 4631 2456 4675 verus
2491 4611 2622 4675 Dei
2670 4608 2676 4639 ³
2727 4629 2982 4673 summa
3004 4632 3154 4674 cum
3177 4607 3570 4691 reipublicae
3592 4608 3989 4674 christianae
4012 4610 4317 4691 pernicie,
4357 4613 4452 4673 uti
4492 4631 4683 4693 saepe

659 4697 876 4762 cultus
936 4693 1396 4759 destruebatur
1448 4706 1515 4758 et
1554 4704 1690 4759 tota
1757 4697 1964 4778 pietas
2009 4719 2144 4761 una
2203 4718 2351 4761 cum
2408 4696 2622 4761 salute
2725 4696 3036 4759 fecerunt.
3105 4696 3238 4760 Per
3284 4695 3601 4760 ambitum
3648 4694 3911 4777 quidem
3957 4696 4305 4779 profligata
4349 4698 4533 4761 omni
4577 4718 4680 4761 ca-

658 4781 1001 4847 hominum
1047 4801 1279 4845 eversa
1314 4789 1472 4857 erat,
1521 4803 1750 4845 sanam
1795 4780 2049 4846 Christi
2095 4781 2461 4847 doctrinam
2506 4803 2619 4847 au·
2725 4783 2961 4846 nonica
3003 4782 3348 4859 electione,
3396 4781 3833 4863 episcopatus,
3893 4781 4185 4847 abbatias
4229 4793 4295 4844 et
4381 4784 4682 4867 inguiora

652 4867 841 4932 diret.
930 4867 1064 4931 Pro
1120 4888 1225 4944 ea,
1273 4886 1466 4950 quam
1509 4866 2114 4950 depravatissimam
2172 4867 2485 4946 habebat,
2556 4876 2623 4931 et
2723 4868 3083 4933 sacerdotia
3127 4891 3167 4933 a
3208 4867 3615 4950 principibus
3662 4866 4019 4949 accipiunt,
4078 4867 4192 4932 sed
4239 4879 4305 4933 et
4392 4890 4505 4934 aec
4549 4890 4681 4934 non

659 4963 1214 5018 sacramentorum
1241 4963 1309 5018 et
1345 4951 1725 5036 disciplinae
1769 4952 2355 5032 administratione,
2401 4955 2618 5037 legiti-
2667 4940 2673 5057 J
2725 4953 2917 5018 aliter
2940 4956 3373 5019 aestimantur
3397 4974 3595 5036 quam
3618 4952 3976 5018 aulicorum
4014 4952 4471 5036 obsequiorum
4494 4975 4679 5037 prae-

657 5060 836 5102 mam
895 5049 960 5103 et
1014 5060 1053 5101 a
1098 5038 1366 5104 Christo
1437 5040 1810 5104 institutam
1874 5040 2399 5122 amplecteretur.
2490 5042 2614 5105 At-
2721 5041 2872 5117 mia,
2902 5041 3069 5104 nihil
3091 5039 3175 5104 ad
3209 5061 3373 5118 eam,
3403 5060 3598 5124 quam
3626 5040 4026 5122 principibus
4047 5060 4332 5105 canones
4359 5039 4677 5118 deferunt,

659 5145 784 5206 que
845 5125 1012 5189 istuc
1076 5126 1168 5189 ita
1223 5125 1464 5190 habere
1517 5140 1649 5189 non
1693 5125 1992 5189 dubitant
2053 5134 2489 5207 protestantes
2543 5147 2615 5191 se
2721 5125 3083 5209 legitimam
3111 5126 3433 5191 examinis
3449 5132 3861 5209 potestatem.
3922 5126 4014 5189 Et
4047 5133 4271 5190 tamen
4310 5134 4678 5208 protestan-

657 5231 879 5274 coram
926 5211 1195 5276 concilio
1240 5219 1307 5275 et
1349 5209 1743 5293 quibuslibet
1786 5210 1913 5294 piis
1959 5222 2024 5275 et
2072 5211 2395 5296 religiosis
2441 5211 2615 5277 iudi·
2720 5217 2819 5277 tes
2849 5213 3185 5276 autoritati
3220 5233 3503 5295 quoque,
3547 5211 3858 5294 potestati
3893 5212 4353 5294 imperatoriae
4409 5212 4674 5289 inimici,

655 5294 842 5361 cibus
875 5314 1084 5379 ‘posse
1123 5297 1311 5361 facile
1366 5298 1815 5380 comprobare,
1864 5297 2037 5378 quod
2088 5297 2284 5362 etiam
2326 5300 2614 5365 facturos
2718 5297 3005 5379 adversi,
3051 5296 3500 5379 insidiatores,
3544 5299 3793 5376 infesti,
3844 5306 3910 5362 et
3953 5297 4270 5380 pontificii
4324 5299 4518 5365 amici
4563 5299 4675 5364 ha-

2728 3921 2994 4003 quidem
3053 3921 3253 4003 recipi
3308 3920 3569 3997 volunt,
3631 3921 3758 3984 nisi
3815 3922 3925 4002 qui
3981 3921 4344 3987 secundum
4404 3944 4693 3989 canones

2727 4007 2807 4070 ab
2863 4006 3366 4090 imperatoribus
3420 4007 3618 4071 fuerit
3661 4009 4119 4088 comprobatus
4174 4016 4241 4072 et
4284 4008 4391 4072 cui
4435 4010 4691 4073 exami-

2726 4093 3266 4181 nandosadhibiti
3310 4094 3445 4158 sint
3486 4094 3888 4174 imperatorii
3922 4093 4363 4177 magistratus.
4454 4096 4690 4160 Ponti-
