5100 6061
304 409 431 472 305

305 595 675 680 purgatorii
734 595 1000 658 flamma
1015 646 1029 672 ,
1086 593 1297 658 calere
1350 592 1473 657 hac
1532 599 1716 675 parte
1773 590 1993 656 culina
2047 598 2266 657 vestra

303 702 440 746 non
504 685 748 763 potest:
817 701 946 762 quo
1014 679 1366 756 exstincte,
1435 678 1826 743 tantundem
1890 678 2266 742 remittatur

278 775 584 850 oportet.
676 766 850 830 Nam
896 765 1236 830 hominum
1282 764 1546 847 quidem
1601 764 1805 828 oculis
1860 764 2263 848 praestigiae,

247 859 258 874 “
303 852 550 935 quibus
583 850 1022 929 ludificentur,
1061 850 1401 916 offundere
1436 858 1813 933 promptum
1853 858 1977 914 est:
2018 850 2101 914 ad
2136 848 2265 913 Dei

303 945 534 1004 autem
571 937 859 1002 tribunal
898 938 1011 1003 ubi
1047 957 1241 1002 causa
1276 943 1499 1002 vestra
1521 944 1749 1003 vocata
1783 936 1999 1014 fuerit,
2037 956 2264 1026 quem-

303 1024 666 1089 admodum
720 1032 897 1090 certe
943 1022 1098 1087 olim
1141 1022 1510 1101 vocabitur,
1569 1024 1706 1087 solo
1748 1022 1906 1087 furti
1951 1021 2264 1104 praedae-

302 1132 433 1194 que
480 1111 677 1175 titulo
719 1118 1064 1193 praetexta
1110 1120 1384 1175 corruet.
1477 1107 1664 1189 Quae
1709 1116 1926 1172 autem
1966 1107 2264 1172 donario-

305 1219 459 1261 rum
506 1203 576 1260 et
621 1196 1119 1261 anathematum
1155 1196 1419 1259 nomine
1455 1194 1720 1277 templis
1760 1193 1974 1259 oblata
2012 1196 2079 1258 in
2118 1216 2264 1258 cru-

301 1304 542 1347 menas
586 1290 842 1347 vestras
887 1280 1189 1347 recidunt
1232 1281 1434 1364 (quod
1479 1280 1747 1345 tertium
1793 1280 2068 1346 fecimus
2118 1301 2263 1344 ves-

301 1377 567 1434 trarum
626 1388 823 1451 opum
879 1367 1118 1451 genus)
1176 1367 1270 1432 sic
1321 1367 1742 1431 anathemate
1813 1367 2055 1431 referta
2111 1376 2266 1430 sunt

304 1456 554 1533 omnia,
591 1462 667 1518 ut
703 1453 784 1517 ad
823 1455 1033 1537 ipsum
1073 1461 1441 1518 contactum
1481 1474 1595 1518 vos
1633 1474 1765 1516 non
1803 1452 2266 1517 exhorrescere

305 1540 510 1606 valde
555 1541 774 1605 mirer.
865 1538 1124 1620 Quibus
1166 1537 1384 1615 idolis,
1446 1547 1692 1620 quanta
1748 1558 1896 1603 cum
1940 1538 2066 1602 Dei
2113 1559 2265 1602 con-

306 1626 604 1703 tumelia,
643 1647 770 1709 qua
807 1624 1265 1708 superstitione
1302 1625 1683 1704 offerantur,
1709 1623 1891 1689 vobis
1926 1624 2093 1689 clam
2130 1646 2265 1687 non

305 1720 432 1777 est.
531 1710 680 1792 Quo
726 1724 947 1775 tamen
998 1710 1160 1775 haec
1204 1712 1388 1793 quasi
1433 1711 1616 1775 vobis
1663 1709 1875 1775 dicata
1920 1709 2262 1787 devoretiS,

304 1821 431 1876 vos
478 1798 714 1862 talium
767 1818 1100 1862 sacrorum
1158 1805 1414 1880 mystas
1469 1806 1533 1861 et·
1588 1796 1916 1861 antistites
1974 1796 2264 1878 profiteri

303 1884 479 1949 nihil
526 1883 745 1967 pudet.
816 1881 876 1947 O
922 1884 1137 1947 Roma
1182 1884 1289 1964 (ut
1333 1904 1462 1946 uno
1508 1883 1706 1947 verbo
1749 1882 2069 1947 Radicem
2105 1879 2266 1947 Om-

187 1983 188 1986 ’
305 1972 501 2034 11111111
549 1969 882 2034 Malorum
930 1969 1300 2034 Avaritiam
1327 1969 1376 2052 ¹)
1422 1968 1846 2052 complectar)
1906 1976 2062 2050 quot
2107 1967 2264 2031 alio-

306 2057 428 2138 qui
473 2077 605 2120 non
650 2056 822 2119 male
863 2062 1020 2120 nata
1060 2055 1330 2138 ingenia
1383 2056 1774 2136 corrumpis,
1821 2055 2108 2136 pessima
2150 2062 2267 2116 tua

304 2142 703 2207 educatione
745 2149 1052 2223 corrupta
1096 2143 1305 2224 magis
1349 2163 1424 2206 ac
1458 2141 1670 2223 magis
1709 2141 2000 2222 nequitia
2036 2139 2264 2221 depra-

302 2249 461 2305 vas,
519 2228 614 2290 ita
659 2226 1015 2309 depravata
1057 2225 1321 2310 perdis?
1415 2227 1714 2290 Tantane
1758 2226 2072 2291 caecitate
2116 2247 2264 2309 per-

302 2335 539 2381 cussos
583 2333 724 2377 esse
769 2312 1098 2391 homines,
1158 2321 1233 2376 ut
1277 2334 1479 2395 quum
1536 2334 1571 2376 e
1627 2313 1930 2376 manibus
1986 2311 2263 2376 offeren-

303 2402 481 2464 tium
526 2399 891 2481 suscipiant
935 2407 1311 2465 consecrata
1354 2398 1545 2462 idolis
1602 2397 1902 2474 donaria,
1958 2419 2121 2480 quae
2166 2407 2263 2461 ta-

301 2488 476 2552 lium
520 2485 1058 2567 superstitionum
1104 2484 1507 2550 antistitibus
1552 2485 1687 2548 sint
1731 2484 2079 2560 destinata,
2128 2492 2265 2547 tota

300 2571 720 2638 idololatriae
774 2571 1271 2653 participatione
1323 2570 1566 2654 illigari
1622 2592 1691 2634 se
1743 2591 1870 2634 non
1930 2568 2261 2653 cogitent?

304 2656 381 2724 Si
421 2667 656 2722 tantus
679 2656 950 2721 Domini
986 2658 1165 2721 furor
1200 2657 1272 2720 in
1294 2656 1628 2721 Israelitas
1666 2657 1929 2732 exarsit,
1969 2656 2048 2720 ob
2086 2656 2262 2720 clan-

302 2744 630 2809 culariam
688 2741 1125 2807 anathematis
1182 2742 1646 2825 expilationem
1703 2743 1857 2818 (Ios.
1913 2745 1971 2818 7,
2031 2746 2057 2803 l
2112 2744 2262 2824 se.):

303 2850 510 2915 quam
555 2829 1016 2911 impunitatem
1062 2837 1473 2912 exspectant,
1527 2828 1637 2911 qui
1684 2827 1768 2892 ad
1813 2826 2264 2912 deglutiendas

302 2914 783 2982 exsecrationis
825 2913 1055 2997 plenas
1109 2913 1492 2994 oblationes,
1549 2914 1875 2978 idolorum
1931 2913 2265 2979 sacrificiis

202 3006 206 3010 ’
300 3021 619 3086 praeesse
663 3021 793 3066 non
838 3000 1196 3066 verentur?
1271 2998 1655 3084 Sequuntur
1699 3002 1830 3064 iam
1854 3000 2263 3079 exactiones,

302 3110 478 3172 quae
514 3090 665 3152 iura
700 3087 1064 3170 spiritualia
1086 3087 1271 3152 vobis
1308 3087 1644 3152 autoribus
1682 3096 2061 3154 censentur:
2102 3108 2289 3168 quae·

303 3175 384 3240 ab
447 3171 889 3239 oblationibus
945 3173 1328 3238 voluntariis
1379 3194 1455 3238 eo
1512 3173 1852 3252 differunt,
1913 3171 2080 3255 quod
2133 3172 2266 3236 illis

302 3260 584 3344 quidem
613 3258 1039 3323 fraudulente
1078 3260 1355 3342 populus
1389 3258 1960 3336 circumscribitur,
2009 3259 2113 3323 his
2150 3280 2264 3322 au-

303 3356 446 3411 tem
495 3344 828 3410 hostiliter
863 3353 1159 3409 vexatur.
1232 3347 1329 3410 Ac
1373 3346 1472 3409 tui
1519 3351 1666 3423 [pag.
1709 3351 1814 3422 73]
1861 3344 2121 3427 quidem
2160 3363 2263 3407 or-

302 3433 484 3497 dinis
529 3432 851 3510 homines,
898 3451 1177 3514 quorum
1222 3432 1575 3496 latrociniis
1620 3438 1802 3513 patet
1856 3430 2048 3494 latior
2090 3452 2264 3495 cam-

299 3540 451 3603 pus,
500 3517 850 3600 opimiores
895 3516 1171 3600 praedas
1215 3527 1439 3600 agunt.
1530 3514 1643 3581 Sic
1686 3517 1862 3581 enim
1907 3517 2080 3579 inter
2116 3537 2265 3580 suos

303 3604 623 3670 distinxit
666 3623 977 3667 romanus
1022 3601 1435 3685 archipirata,
1482 3610 1555 3665 ut
1589 3623 1714 3685 quo
1752 3603 2022 3685 quisque
2058 3599 2265 3685 gradu

301 3691 589 3775 propius
634 3687 716 3752 ad
751 3709 905 3752 eum
941 3686 1208 3765 accedit,
1247 3709 1323 3753 eo
1359 3689 1662 3753 licentius
1698 3686 2063 3770 praedetur.
2135 3686 2264 3751 Ae-

303 3798 434 3859 que
473 3783 701 3840 tamen
738 3775 1110 3856 immaniter
1146 3773 1627 3856 depopulantur
1663 3773 1776 3838 alii
1811 3793 2053 3852 omnes,
2093 3770 2261 3855 quod

307 3883 474 3928 suae
519 3861 865 3944 rapacitati
908 3867 1145 3943 putant
1189 3862 1597 3926 attributum.
1687 3859 1917 3942 Itaque
1963 3858 2262 3943 obsigna-

304 3963 414 4013 tor
449 3948 568 4012 ille
604 3948 984 4029 rapinarum
1019 3954 1284 4010 tuarum
1321 3945 1625 4022 annulus,
1671 3947 2024 4028 copiosiore
2061 3944 2267 4008 multo

302 4032 562 4119 praeda
600 4033 948 4115 quotannis
986 4041 1050 4097 te
1086 4040 1332 4111 onerat,
1378 4053 1574 4115 quam
1609 4032 1938 4096 minutum
1981 4031 2268 4114 aliquem

303 4140 667 4204 paroecum
724 4140 845 4183 sua
899 4119 968 4181 in
1028 4117 1429 4183 corradendo
1486 4116 2057 4200 converrendoque
2102 4125 2266 4181 stre-

304 4208 564 4272 nuitas:
624 4203 828 4268 nihilo
887 4212 1110 4268 tamen
1167 4206 1385 4269 minus
1444 4203 1624 4268 dirae
1683 4226 1755 4268 ac
1812 4203 2268 4287 sanguinariae

305 4301 475 4358 sunt
519 4290 700 4355 illius
745 4291 1145 4367 vexationes,
1193 4291 1426 4373 quibus
1469 4288 1724 4372 plebem
1768 4289 1877 4353 ille
1923 4310 2107 4354 suam
2149 4309 2268 4371 pro

306 4399 435 4443 sno
483 4376 680 4441 modo
725 4385 985 4441 exercet
1030 4397 1104 4441 ac
1146 4376 1396 4461 fatigat.
1489 4376 1697 4440 Porro
1734 4382 2053 4458 quantum
2092 4375 2268 4457 quis-

306 4486 440 4548 que
488 4462 742 4555 accipit,
790 4468 974 4527 tanto
1020 4484 1088 4527 se
1131 4463 1435 4544 peculatu
1482 4461 1743 4546 obligat.
1836 4458 1895 4526 O
1934 4481 2268 4544 nunquam

306 4551 480 4616 satis
526 4549 883 4616 detestatas
926 4570 1107 4630 opeS,
1163 4547 1522 4631 quamlibet
1575 4547 1811 4613 insana
1863 4547 2056 4611 hodie
2101 4547 2269 4611 mul-

307 4644 538 4701 torum
595 4634 952 4717 cupiditate
1009 4634 1202 4717 (quae
1258 4642 1357 4699 est
1402 4634 1640 4699 saeculi
1690 4633 1893 4698 nostri
1940 4633 2271 4715 perversi-

306 4723 448 4806 tas)
494 4721 740 4786 furiose
784 4727 1206 4804 expetantur,
1267 4722 1339 4785 in
1394 4719 1626 4804 quibus
1682 4740 1991 4784 nummus
2048 4718 2271 4783 nullus

460 4996 522 5062 1)
565 4995 696 5049 Sola
733 4995 900 5049 editio
931 4996 1188 5062 princeps
1223 4994 1310 5049 hic
1356 4995 1529 5047 literis
1576 4995 1888 5048 uncialzbus
1931 4993 2121 5059 utitur,
2167 4994 2269 5045 sci-

1425 403 1551 467 DE
1599 400 2196 468 SACERDO'PIO
2237 402 2588 468 PAPALI
2632 400 3203 467 ABIIOOENDO.

4199 407 4321 469 306

2371 596 2491 656 est·
2512 610 2648 653 non
2688 590 2899 668 furto,
2957 596 3071 654 aut
3114 590 3483 674 sacrilegio,
3542 598 3659 656 aut
3713 591 4055 656 latrocinio
4108 592 4318 674 pollu-

2371 676 2509 740 tus!
2602 675 2832 741 Illisne
2874 675 3127 757 placide
3169 677 3500 756 fmentur,
3561 699 3636 742 ac
3681 697 3753 742 se
3793 677 4079 743 beabunt
4123 678 4319 743 Chri-

2371 760 2614 826 stiani?
2706 758 2989 839 Scilicet,
3036 763 3091 825 si
3135 764 3306 827 tanti
3351 772 3524 843 sunt,
3571 770 3645 827 ut
3688 785 3914 829 earum
3959 784 4157 829 causa
4201 784 4317 847 spe

2372 853 2678 911 aeternae
2733 846 3160 914 haereditatis
3217 855 3479 913 nosmet
3522 849 3697 932 ipsos
3742 848 4040 914 abdicare
4085 848 4318 913 debea-

2370 952 2544 997 mus:
2584 952 2781 1015 quam
2804 954 2960 997 sane
2995 955 3207 1016 neque
3243 935 3436 1013 fures,
3475 956 3687 1018 neque
3724 955 3990 1017 rapaces
4027 955 4315 1019 unquam

2372 1027 2851 1100 consequentur
2895 1018 2957 1101 (1
3003 1019 3151 1084 Cor.
3193 1024 3248 1097 6,
3288 1019 3375 1104 9).
3448 1019 3583 1086 Sed
3627 1042 3861 1104 operae
3896 1022 4179 1103 pretium
4216 1028 4318 1087 est

2372 1104 2599 1168 andire
2667 1105 3024 1185 speciosam
3089 1104 3498 1188 quorundam
3564 1108 4035 1190 exceptionem.
4141 1105 4319 1174 Sunt

2371 1191 2547 1254 enim
2584 1189 2696 1272 qui
2732 1210 2801 1254 se
2834 1191 3289 1278 pulcherrimex
3309 1200 3652 1258 excusatos
3687 1199 3940 1273 putent,
3989 1193 4159 1275 quod
4193 1193 4316 1258 has

2369 1283 2702 1357 utcunque
2746 1281 2969 1358 partas
3014 1275 3373 1354 facultates,
3419 1299 3554 1342 non
3599 1280 3900 1360 turpiter,
3946 1300 4069 1344 nec
4103 1277 4318 1345 libidi-

2371 1383 2527 1427 nose
2574 1361 2958 1445 dilapident:
3008 1360 3120 1426 sed
3155 1364 3394 1445 partim
3431 1365 3502 1427 in
3538 1364 3909 1430 moderatos
3945 1365 4119 1430 vitae
4154 1387 4314 1429 usus

2371 1447 2726 1526 conferant,
2765 1449 3005 1529 partim
3044 1469 3198 1514 vero
3245 1447 3546 1513 decidant
3589 1448 4028 1516 sublevandae
4072 1471 4317 1533 paupe-

2371 1555 2516 1598 rum
2565 1535 2859 1618 egestati.
2932 1532 3138 1614 Quasi
3174 1556 3329 1599 vero
3371 1535 3496 1599 ista
3542 1537 3699 1601 satis
3744 1535 3827 1600 ad
3870 1537 4080 1600 furem
4125 1558 4314 1619 prae—

2373 1619 2691 1684 donemve
2735 1619 3152 1704 purgandum
3199 1619 3483 1686 defensio
3529 1621 3759 1698 valeat,
3807 1623 3859 1686 si
3908 1642 4094 1688 suam
4141 1622 4314 1687 domi

2369 1707 2837 1789 parsimoniam
2882 1712 2948 1771 et
2980 1707 3422 1790 frugalitatem
3458 1706 3860 1789 approbarit:
3904 1718 4018 1772 aut
4052 1716 4317 1790 accepta

2372 1794 2458 1856 sit
2503 1791 2789 1856 Domino
2834 1792 3224 1875 benignitas»,
3271 1813 3401 1875 qua
3444 1792 3770 1857 furtorum
3816 1794 4120 1876 reliquias
4165 1813 4339 1878 ege-f

2371 1878 2475 1942 nis
2511 1878 2946 1959 impartimur.
3016 1877 3152 1959 Qui
3188 1879 3490 1962 frangere
3535 1878 3795 1960 quidem
3843 1880 4153 1944 esurienti
4197 1902 4314 1964 pa-

2368 1985 2523 2026 nem
2569 1962 2766 2041 iubet,
2809 1964 2923 2029 sed
2967 1973 3295 2042 nostrum3
3341 1966 3450 2047 qui
3492 1965 3674 2028 iubet
3718 1964 3982 2048 elargiri
4014 1967 4317 2049 pauperi-

2371 2049 2512 2125 bus,
2562 2047 2677 2114 sed
2714 2047 2793 2114 de
2824 2058 3045 2115 nostra
3082 2051 3447 2116 substantia
3481 2050 3633 2132 (Ies.
3665 2056 3762 2128 58,
3804 2057 3839 2113 7
3856 2075 3871 2130 ;
3906 2051 4101 2116 Prov.
4130 2056 4184 2131 3,
4224 2053 4310 2136 9).

2371 2135 2619 2200 Contra
2660 2155 2847 2212 vere,
2905 2137 3275 2202 vehementi
3324 2135 3674 2202 interdicto
3728 2138 3906 2202 canis
3949 2137 4315 2203 mercedem

2371 2219 2493 2285 sibi
2537 2231 2717 2285 vetat
2771 2222 2988 2286 offerri
3051 2222 3279 2304 (Dent.
3322 2226 3421 2300 23,
3464 2222 3597 2304 19):
3657 2245 3781 2304 quo
3842 2223 4133 2308 symbolo
4189 2224 4313 2288 im-

2369 2306 2686 2370 mundam
2743 2317 2805 2371 et
2862 2308 3104 2374 scelere
3149 2310 3509 2390 quaesitam
3555 2311 3855 2390 quamvis
3902 2309 4316 2389 oblationem,

2370 2393 2836 2458 abominationi
2894 2394 3015 2459 sibi
3076 2417 3216 2460 esse
3277 2394 3595 2478 designat.
3688 2394 3873 2459 Adeo
3928 2415 4162 2461 verum
4220 2402 4319 2461 est

2369 2478 2539 2562 quod
2599 2481 2858 2562 scripsit
2916 2481 3026 2544 ille
3083 2481 3361 2567 (Eccles.
3401 2485 3500 2559 34,
3543 2479 3674 2563 24),
3731 2502 3883 2545 eum
3924 2483 4033 2563 qui
4079 2502 4115 2545 e
4157 2502 4317 2564 pau-

2370 2565 2544 2649 peris
2590 2566 2955 2630 substantia
3000 2568 3387 2633 sacrificium
3433 2566 3651 2645 offert,
3712 2588 3843 2630 non
3888 2587 4079 2632 secus
4123 2568 4317 2632 aesti-

2369 2651 2534 2714 mari
2581 2670 2799 2715 coram
2839 2650 3143 2732 Domin0,
3191 2673 3384 2735 quam
3423 2653 3535 2735 qui
3570 2651 3779 2717 filium
3813 2653 3884 2715 in
3919 2654 4125 2734 patris
4160 2651 4316 2718 con-

2369 2745 2595 2819 spectu
2649 2745 2905 2801 mactat.
2998 2740 3098 2802 Tu
3156 2760 3340 2817 vere,
3409 2739 3507 2803 tui
3554 2759 3636 2802 ue
3698 2738 3970 2816 similes,
4038 2759 4329 2820 quorum-

2370 2821 2762 2906 turpitudini
2820 2844 2905 2887 ne
2936 2823 2983 2906 ¹)
3040 2824 3163 2888 sub
3217 2825 3341 2890 hoc
3397 2760 3658 2907 quidem
3715 2825 3893 2888 inani
3952 2834 4018 2888 et
4060 2825 4313 2906 perfluo

2370 2911 2820 2993 integumento
2877 2908 3056 2975 locus
3115 2919 3242 2988 est,
3299 2909 3456 2994 quid
3488 2907 3919 2980 *obtendetis‘P
4008 2910 4156 2974 Iam
4202 2931 4313 2973 vo-

2368 2996 2619 3061 biscum
2665 3014 2920 3060 summo
2964 2995 3124 3076 iure,
3173 2997 3297 3061 hoc
3342 3005 3457 3075 est,
3496 2995 3622 3060 Dei
3660 2995 3858 3062 verbo
3893 3015 4030 3059 non
4064 2994 4313 3077 discep-

2370 3081 2547 3147 tabo:
2597 3081 2710 3146 sed
2756 3082 2940 3163 quid,
2988 3083 3045 3147 si
3087 3085 3191 3148 ius
3235 3084 3454 3166 ipsum
3498 3083 3888 3147 canonicum
3944 3082 4158 3167 (cuius
4200 3082 4313 3147 be-

2368 3169 2604 3233 neficio
2640 3168 2893 3251 vivitis)
2937 3168 3448 3251 repetundarum
3485 3190 3599 3233 vos
3644 3168 3840 3233 etiam
3887 3166 4195 3231 damnet?
4240 3187 4314 3232 ac

2369 3254 2579 3321 litem„
2599 3275 2733 3317 non
2777 3255 2986 3319 multo
3039 3255 3309 3320 minoris
3354 3276 3546 3338 quam
3639 3276 3711 3319 ro
3756 3261 3983 3318 nostra
4027 3253 4314 3336 postula-

2369 3341 2544 3404 tione
2583 3340 2922 3405 aestimet?
2992 3340 3247 3419 Velitis,
3294 3342 3535 3419 nolitis,
3609 3341 3773 3404 ateri
3820 3326 3941 3405 hoc
3987 3339 4312 3418 convenit,

2370 3425 2538 3490 nihil
2593 3426 2699 3491 hic
2756 3447 2793 3489 a
2837 3427 3019 3492 vobis
3074 3427 3223 3511 plus
3241 3427 3299 3511 ²)
3359 3425 3843 3509 usurpandum,
3901 3447 4097 3509 quam
4143 3423 4315 3508 quod

2368 3512 2530 3594 ipsis
2576 3509 2930 3577 canonibus
2976 3518 3123 3592 [pag.
3166 3518 3271 3593 74]
3319 3512 3635 3598 defertur„
3715 3513 3922 3595 Atqui
3978 3532 4111 3577 non
4154 3511 4314 3576 adeo
4402 3546 4415 3552 -

2371 3596 2767 3679 Spartacum
2786 3599 2842 3679 ⁸)
2898 3607 3192 3663 vestrum
3251 3598 3601 3681 depuduit,
3670 3600 3827 3682 quin
3892 3598 4119 3663 ferinis
4177 3599 4315 3662 suis

2370 3683 2812 3748 sanctionibus
2868 3682 2990 3748 hoc
3042 3684 3271 3748 saltem
3315 3685 3708 3769 Hieronymi
3753 3684 4098 3749 verbulum
4142 3685 4317 3748 inse-

2370 3778 2570 3834 reret:
2633 3769 2821 3832 Bona
2863 3768 3275 3849 clericorum,
3332 3772 3506 3835 bona
3548 3791 3912 3853 pauperum
3960 3792 4127 3847 esse,
4174 3770 4315 3851 qui-

2370 3856 2490 3920 bus
2536 3854 2715 3918 ultra
2758 3856 2999 3939 exigua
3041 3856 3342 3940 frugique
3381 3856 3696 3921 alimenta
3730 3856 3786 3920 si
3823 3855 3968 3937 quis
4004 3854 4314 3932 abutitur,

2371 3962 2522 4015 eum
2567 3939 2962 4023 pauperibus
3004 3941 3228 4006 furari.
3318 3942 3638 4029 Immanis
3676 3949 3893 4006 autem
3937 3940 4052 4004 illa
4095 3940 4316 4023 profu-

2371 4028 2486 4104 sio,
2533 4047 2699 4109 quae
2744 4025 2920 4091 domi
2962 4041 3219 4093 vestrae
3255 4029 3505 4108 visitur,
3551 4027 3706 4111 quid
3743 4048 3891 4092 cum
3928 4025 4051 4090 hac
4091 4025 4317 4109 regula

2371 4112 2586 4179 simile
2629 4113 2869 4179 habet?
2950 4113 3292 4192 Iniuriam,
3339 4115 3489 4193 scio,
3537 4114 3723 4178 vobis
3768 4134 3807 4176 a
3850 4131 3959 4188 me
3998 4112 4140 4175 fieri
4187 4110 4318 4176 cla-

2372 4200 2663 4275 mabitis,
2710 4210 2936 4265 omnes'
2976 4199 3587 4283 pseudoevangelici
3630 4196 3992 4283 praesules,
4038 4197 4150 4281 qui
4193 4199 4315 4263 snb

2371 4286 2604 4369 iugum
2657 4285 2783 4368 piis
2840 4285 3142 4351 omnibus
3198 4283 3660 4352 excutiendum
3704 4283 3974 4367 indigne
4017 4304 4136 4348 vos
4180 4281 4318 4348 adi·

2373 4394 2544 4456 gam.
2635 4371 2807 4437 Mihi
2862 4394 3020 4436 vero
3078 4372 3188 4435 hic
3244 4371 3323 4436 de
3379 4381 3599 4437 vestra
3654 4378 3768 4435 aut
3821 4369 4152 4447 libertate,
4211 4378 4324 4433 aut

2375 4459 2699 4523 servitute
2743 4479 2873 4521 non
2919 4466 3019 4523 est
3059 4458 3400 4522 institutus
3442 4476 3681 4521 sermo:
3745 4454 3860 4521 sed
3902 4454 4321 4538 quemadmo-

2379 4542 2536 4608 dum
2581 4546 2653 4608 in
2698 4544 2841 4628 agri
2882 4543 3025 4608 iure
3082 4543 3550 4643 dignoscendo,
3609 4563 3739 4606 non
3785 4541 4044 4625 qualem
4090 4540 4325 4605 habeat

2380 4629 2749 4708 dominum,
2808 4628 2921 4694 sed
2976 4650 3102 4711 quo
3156 4650 3372 4711 ipsum
3424 4630 3569 4693 iure
3623 4629 3802 4713 leges
3848 4628 4134 4711 regionis
4182 4647 4323 4691 esse

2379 4715 2780 4794 definierint,
2829 4715 3191 4796 quaeritur:
3253 4716 3345 4779 ita
3401 4715 3683 4797 seposita
3727 4714 3934 4779 vestri
3976 4714 4322 4791 mentione,

2377 4823 2546 4885 quae
2582 4802 2653 4866 in
2686 4821 2895 4883 papae
2932 4799 3176 4864 ditione
3212 4800 3586 4877 sacerdotia,
3633 4822 3765 4866 non
3800 4799 3927 4863 nisi
3962 4798 4141 4863 illius
4258 4821 4322 4863 r·

2377 4891 2615 4965 missu,
2675 4906 2750 4951 ac
2804 4885 3158 4951 secundum
3217 4889 3356 4951 eius
3414 4887 3593 4971 leges
3652 4884 3988 4961 obtinetis,
4050 4884 4162 4948 fun
4212 4907 4322 4948 um

309 5067 444 5121 lieet
476 5064 861 5119 acrostichidis
893 5063 1024 5118 ludo
1073 5064 1265 5129 (1101111)
1311 5063 1662 5117 adversarios
1705 5063 1890 5117 acrius
1934 5062 2268 5116 lacessitum.
2375 5075 2388 5079 “
2419 5075 2452 5077 r
2473 5075 2494 5078 r
2523 5073 2587 5078 „-
2622 5072 2661 5077 -’
2688 5072 2711 5077 1*
2744 5072 2753 5076 ·

309 5135 413 5189 De
450 5151 560 5203 quo
607 5137 786 5201 ipsum
822 5140 1065 5187 autorem
1088 5133 1352 5200 coyitasse
1386 5148 1446 5185 eo
1481 5134 1658 5200 magis
1763 5132 1969 5186 obabile
1989 5136 2088 5196 est,
2124 5129 2271 5199 quod

307 5206 449 5273 ipsa
494 5205 763 5257 sententia
806 5203 967 5256 verbo
1008 5209 1163 5255 tenus
1208 5216 1275 5255 ea:
1323 5200 1352 5252 1
1399 5200 1532 5253 Tim.
1577 5198 1626 5267 6,
1673 5148 1762 5251 1²8·
1782 5200 2065 5267 desumpta
2107 5200 2268 5252 etiam

309 5279 490 5327 antea
524 5278 576 5326 et
608 5273 678 5327 ab
713 5271 842 5325 aliis
878 5272 937 5325 in
971 5269 1196 5324 eundem
1228 5270 1390 5336 finam
1423 5274 1695 5336 usurpata
1725 5270 1926 5334 ficerat.
1991 5268 2124 5322 Vide
2156 5266 2267 5321 012·-

309 5343 513 5397 vetam'
543 5342 842 5395 versionem
875 5339 1129 5410 qallicam
1168 5338 1223 5392 S.
1263 5336 1317 5392 S.
1354 5338 1428 5392 ad
1467 5337 1631 5406 Apoc.
1671 5334 1752 5405 14,
1790 5335 1839 5391 8.

541 5427 766 5482 Calvini
788 5441 985 5496 opera.
1062 5425 1178 5481 Vol.
1223 5424 1283 5478 V.

2513 5197 2573 5258 1)
2609 5211 2694 5263 ne,
2734 5195 2924 5249 vitiose
2959 5196 3211 5249 omittunt
3243 5197 3566 5249 recentiores
3601 5191 3736 5246 1576
3771 5208 3912 5262 seqq.
4086 5192 4144 5257 2)
4183 5194 4323 5262 plus,

2378 5266 2630 5320 omittunt
2664 5263 2894 5317 medem.
2971 5262 3167 5318 Gallus
3212 5264 3396 5318 habet.-
3441 5263 3593 5317 sinon
3629 5269 3818 5316 autaut
3888 5277 3956 5315 ue
3996 5262 4073 5315 les
4112 5262 4326 5317 Canons

2378 5335 2429 5388 le
2468 5338 2807 5402 permettent.
3017 5332 3076 5399 3)
3115 5333 3313 5388 Vostre
3351 5331 3519 5401 grand
3556 5331 3791 5399 brigand.
3885 5373 3897 5384 .

3847 5415 3917 5469 20
