5100 6061
448 433 563 493 121

441 618 564 684 lae.
658 619 907 701 Quanti
945 620 1322 686 aestimatae
1379 622 1626 687 fuerint
1665 644 2015 687 muraenae
2058 624 2394 703 Romanis,

442 706 551 772 vel
608 705 777 770 illud
811 717 1200 790 argumento
1244 716 1373 786 cst,
1419 707 1592 788 quod
1635 710 1929 773 Antonia
1971 710 2207 788 Drusi,
2252 731 2397 774 mu-

1775 435 2067 500 LIBER
2108 435 2162 500 1.
2254 434 2864 504 OAPU'PXVIII.
2931 439 3124 503 XIX.

4276 444 4284 458 '
4335 448 4452 507 122

4223 525 4247 563 Ι

2501 627 2772 704 tiuntur,
2821 628 3252 710 melioremque
3294 651 3516 712 puqna
3568 636 3893 711 quae-runt.
3989 631 4318 696 Praeterea
4362 633 4459 695 in-

2500 713 2703 794 siynis
2735 715 2866 797 reyi
2908 713 3117 795 forma
3160 719 3265 794 est,
3310 716 3764 797 dissimilisque
3798 717 4069 795 caeteris,
4116 722 4249 781 tum
4284 737 4456 800 maq-

442 813 687 857 raenae
731 812 927 875 quam
980 790 1293 875 diligebat
1310 845 1323 870 ,
1367 794 1631 858 inaures
1682 793 1960 874 addidit,
2008 803 2074 859 et
2119 794 2398 860 Crassus
2500 799 2800 877 nundine,
2847 804 2975 862 tum
3019 802 3232 865 nitore.
3293 801 3430 864 Hoc
3467 806 3670 866 tamen
3713 804 3987 866 maxime
4029 803 4454 885 distinquitur.

443 879 552 942 vir
592 878 928 943 censorius
984 878 1326 957 amissam,
1374 880 1560 962 quasi
1605 881 1839 960 filiam,
1888 890 2139 946 atratus
2183 882 2395 960 flevit3

443 963 618 1045 quod
662 963 1024 1029 Muraenae
1058 986 1416 1047 cognomen
1453 968 1928 1048 assumpserint
1967 990 2006 1031 a
2042 968 2397 1046 muraenis,

445 1050 683 1131 quibus
728 1049 932 1114 effuse
973 1050 1480 1117 delectabantur.
1570 1051 1860 1135 Insignis
1904 1063 2005 1117 est
2046 1073 2230 1117 error
2272 1053 2401 1117 Pe-

440 1136 632 1213 rotti,
693 1136 804 1217 qui
858 1157 899 1200 a
948 1137 1223 1201 maculis
1289 1138 1578 1219 corporis
1634 1138 1991 1220 appellatos
2044 1139 2400 1203 Muraenae

441 1228 764 1297 autumat,
792 1222 1271 1306 refragantibus
1294 1223 1613 1301 Varrone,
1641 1223 1992 1301 Macrobio,
2017 1222 2397 1287 Columella.

439 1307 917 1372 Hallucinatur
937 1308 1136 1373 ctiam
1171 1330 1373 1390 quum
1396 1308 1620 1372 scribit
1646 1308 1962 1375 Chirrum
1986 1330 2212 1373 earum
2252 1316 2398 1387 [pag.

450 1398 598 1469 113]
639 1393 895 1458 vivaria
936 1395 1361 1477 excogitasse.
1441 1396 1643 1477 Atqui
1680 1395 1959 1472 Plinius,
1998 1396 2232 1471 Varr0,
2268 1395 2398 1459 Co-

437 1478 732 1555 lumella,
778 1479 1169 1557 Macrobius,
1216 1480 1288 1544 C.
1328 1480 1633 1545 Hirrium
1673 1481 1972 1546 tradunt:
2018 1501 2058 1544 a
2102 1502 2227 1563 quo
2264 1481 2397 1546 dic-

439 1572 620 1629 tator
676 1565 921 1630 Caesar
976 1588 1093 1630 sex
1149 1566 1356 1630 millia
1407 1565 1490 1632 ad
1555 1565 1809 1649 pondus
1863 1567 2136 1649 accepit,
2195 1588 2398 1649 quum

437 1651 880 1741 triumphales
926 1672 1158 1717 coenas
1206 1652 1443 1735 populo
1490 1652 1691 1716 daret.
1762 1654 1945 1735 Lege
1990 1653 2181 1735 plura
2225 1651 2398 1734 apud

437 1737 743 1801 Plinium
787 1736 952 1801 libro
999 1738 1115 1801 IX.
1164 1759 1215 1802 c.
1264 1743 1385 1815 55„
1432 1737 1842 1803 Macrobium
1885 1738 2052 1802 libro
2088 1738 2213 1802 III.
2274 1736 2398 1803 Sa-

438 1822 1052 1972 turn.,vYIarronem
1086 1824 1251 1887 libro
1274 1824 1399 1887 III.
1440 1823 1519 1888 de
1542 1824 1645 1888 Re
1669 1825 1928 1902 rustica,
1964 1823 2397 1888 Columellam

438 1909 612 1974 libro
752 1909 844 1973 II.

618 1995 705 2058 In
747 1993 1091 2081 vivarium]
1140 1995 1491 2061 Vivarium
1536 1995 1643 2058 hic
1677 2003 2067 2078 usurpatum
2110 2016 2229 2078 pro
2265 1997 2395 2077 pis-

440 2082 609 2160 cina,
657 2090 886 2145 contra
922 2102 1120 2162 quam
1156 2081 1447 2145 docuerit
1483 2080 1741 2146 Gellius
1774 2080 1939 2146 libro
1979 2081 2067 2146 H.
2106 2081 2218 2163 qui
2255 2081 2398 2146 vult

441 2167 651 2250 accipi
705 2187 826 2250 pro
881 2167 1021 2232 loco
1057 2168 1125 2231 in
1170 2188 1297 2249 quo
1349 2168 1526 2231 ferae
1577 2168 1763 2233 vivae
1806 2176 2175 2250 pascantur,
2223 2166 2394 2249 quod

441 2253 607 2318 alias
650 2253 1078 2336 leporarium,
1137 2254 1299 2317 alias
1350 2253 1759 2318 roborarium
1803 2254 2054 2319 dicitur.
2144 2253 2226 2317 In
2272 2254 2395 2317 hac

439 2346 667 2404 tamen
710 2339 1189 2422 significatione
1225 2358 1358 2402 non
1403 2339 1606 2403 semel
1639 2340 1711 2403 in
1748 2338 2086 2403 autoribus
2128 2339 2390 2422 legitur.

442 2425 780 2490 Iuvenalis
824 2423 1070 2509 Satyra
1111 2424 1264 2489 1V.:
1882 2432 1907 2470 ‘-

758 2526 879 2580 Non
917 2527 1206 2580 dubitaturi
1241 2527 1520 2597 fugitivum
1557 2528 1735 2581 dicere
1772 2528 1987 2596 piscem,

752 2595 1158 2664 Depastumque
1193 2596 1284 2650 diu
1320 2599 1521 2651 vivaria
1557 2597 1818 2651 Caesaris.

444 2682 700 2748 Seneca
733 2681 842 2747 lib.
879 2682 1070 2746 XIV.
1110 2683 1348 2764 Epist:
1402 2684 1548 2767 Ego
1586 2703 1739 2747 vero
1783 2681 2263 2766 philosophiam
2297 2685 2395 2746 iu-

443 2767 588 2834 dico
629 2790 762 2833 non
818 2769 1029 2850 magis
1073 2768 1474 2852 excogitasse
1527 2769 1649 2833 has
1702 2769 2219 2835 machinationes
2264 2778 2395 2833 tec-

439 2864 662 2919 torum
700 2875 900 2936 supra
934 2863 1105 2918 tecta
1140 2855 1575 2937 surgentium,
1623 2865 1688 2917 et
1723 2855 1916 2919 urbes
1951 2855 2214 2919 urbium
2248 2876 2395 2937 pre-

439 2942 795 3017 mentium,
850 2961 1048 3023 quam
1104 2941 1354 3004 vivaria
1407 2943 1680 3023 piscium
1734 2941 1806 3004 in
1851 2941 1973 3007 hoc
2013 2940 2263 3020 clausa,
2321 2949 2397 3004 ut

439 3035 908 3110 tempestatum
952 3027 1241 3108 pericula
1284 3049 1416 3092 non
1460 3027 1670 3092 adiret
1711 3027 1885 3111 gula.

622 3115 797 3194 Quas
830 3133 1057 3178 esurus
1090 3110 1248 3198 erat]
1286 3113 1366 3177 Id
1402 3123 1503 3179 est
1536 3115 1835 3178 luxuriae
1871 3134 2066 3179 causa
2100 3115 2390 3179 faciebat.

617 3199 702 3263 In
743 3200 852 3264 boc
886 3199 1103 3278 alebat,
1140 3204 1209 3263 ut
1242 3201 1333 3263 sic
1369 3197 1583 3286 aleret]
1634 3199 1740 3263 Ad
1775 3199 2208 3265 exercendam
2247 3222 2392 3264 cru-

439 3286 796 3351 delitatem.

622 3373 823 3453 Quam
865 3370 1192 3435 numerari
1236 3372 1395 3436 inter
1424 3373 1682 3453 publica
1721 3370 1921 3458 mala]
1969 3372 2104 3437 Alii
2140 3372 2391 3438 codices

443 3458 708 3534 habent,
744 3459 919 3521 inter
955 3456 1213 3538 publico
1248 3457 1420 3521 malo
1443 3467 1650 3536 natos,
1691 3457 1896 3522 nihilo
1932 3458 2151 3540 peiore
2173 3479 2387 3523 sensu.

438 3542 625 3608 Idem
672 3552 771 3608 est
814 3542 1018 3620 enim,
1067 3553 1254 3606 natos
1298 3545 1634 3608 numerari
1677 3544 1851 3608 inter
1893 3545 2155 3625 publica
2195 3545 2388 3621 mala,

438 3641 508 3695 et
548 3629 883 3694 numerari
940 3629 1115 3692 inter
1158 3638 1345 3692 natos
1392 3629 1562 3692 malo
1605 3630 1880 3712 publico.
1969 3630 2390 3713 Tranquillus

438 3718 513 3780 in
563 3716 852 3781 Nerone:
911 3714 1187 3779 Domitii
1245 3716 1451 3796 patris
1506 3736 1634 3779 vox
1690 3717 1862 3779 inter
1916 3716 2389 3798 gratulationes

438 3803 829 3876 amicorum,
888 3801 1192 3884 negantis
1236 3800 1586 3882 quidquam
1642 3822 1724 3865 ex
1780 3822 1849 3865 se
1894 3814 1960 3865 et
2002 3803 2388 3884 Agrippina,

437 3889 570 3953 nisi
633 3886 1041 3965 detestabile,
1121 3898 1188 3950 et
1257 3887 1429 3950 malo
1502 3888 1759 3968 publico
1839 3888 2017 3951 nasci
2087 3890 2385 3970 potuisse.

440 3973 750 4039 Ovidius:

782 4076 827 4130 Ο
862 4076 987 4128 mihi
1024 4081 1344 4143 perpetuum
1380 4083 1509 4129 nata
1544 4075 1726 4143 puella
1759 4077 1972 4129 malum.

1140 4351 1444 4418 CAPUT
1488 4352 1681 4417 XIX.

611 4488 990 4570 Excoqitare
1009 4509 1184 4554 nemo
1219 4489 1563 4570 quidquam
1588 4491 1831 4571 poterit,
1869 4491 2032 4571 quod
2067 4492 2268 4574 maqis
2288 4491 2388 4556 de-

434 4594 648 4640 corum
688 4575 924 4656 reqenti
957 4575 1055 4653 sit,
1101 4596 1292 4655 quam
1325 4577 1659 4654 clementia,
1705 4595 2056 4656 quocunque
2088 4579 2267 4643 modo
2308 4580 2384 4655 is,

433 4666 493 4727 et
534 4680 892 4743 quocunque
936 4660 1076 4724 iure
1120 4663 1517 4743 praepositus
1560 4663 1817 4727 caeteris
1858 4665 1990 4726 erit.
2078 4663 2177 4726 Eo
2220 4665 2388 4728 scili-

429 4753 526 4813 cet
564 4747 903 4828 formosius
945 4747 1014 4811 id
1058 4768 1187 4812 6336
1227 4747 1835 4830 maqnificentiusque
1874 4748 2227 4831 fatebimur,
2267 4771 2386 4831 quo

433 4835 506 4899 iu
542 4833 797 4897 maiori
852 4833 1280 4913 praestabitur
1331 4839 1659 4914 potestate.-
1727 4854 1917 4915 quam
1981 4855 2103 4898 non
2158 4840 2388 4914 oportet

429 4921 689 4985 noxiam
733 4937 879 4997 esse,
924 4919 985 4982 si
1027 4919 1112 4984 ad
1147 4925 1411 5000 naturae
1446 4920 1631 5002 leqcm
1666 4922 2063 5001 componitur.
2133 4921 2388 4986 Natura

433 5007 602 5071 enim
642 5009 977 5069 commenta
1020 5010 1108 5070 est
1149 5025 1369 5088 reycm‚
1413 5007 1573 5086 quod
1612 5011 1668 5069 et
1710 5027 1785 5069 ex
1821 5007 1973 5072 aliis
2006 5007 2388 5072 animalibus

433 5092 574 5157 licet
625 5109 1002 5173 coynoscere,
1061 5095 1117 5155 et
1160 5112 1235 5155 ex
1278 5090 1534 5172 apibus,
1581 5112 1851 5171 quarum
1893 5094 2025 5175 reyi
2069 5093 2386 5172 amplissi-

432 5197 606 5242 mum
648 5176 844 5252 cubile
887 5182 992 5254 est,
1036 5178 1352 5257 medioque
1391 5197 1463 5240 ac
1500 5177 1807 5241 tutissimo
1845 5180 1981 5243 loca.
2054 5177 2386 5244 Praeterea

396 5331 403 5334 ,
432 5284 614 5328 onere
656 5267 848 5338 vacat,
892 5268 1139 5329 exactor
1180 5263 1530 5328 alienorum
1564 5282 1843 5343 operum:
1887 5270 1942 5329 et
1983 5266 2214 5330 amisso
2248 5285 2387 5347 reqe

427 5354 622 5416 totum
675 5348 980 5414 dilabitur
1032 5371 1304 5414 exa-men..
1408 5348 1539 5413 Nec
1593 5368 1867 5428 unquam
1912 5351 2068 5432 plus
2110 5373 2233 5416 uno
2265 5373 2386 5433 pa-

2504 881 3067 964 Iracundissimae,
3127 906 3202 950 ac
3233 908 3356 967 pro
3403 890 3677 969 corporis
3717 894 3903 969 captu
3947 891 4458 971 puqnacissimae

2508 974 2650 1045 [pag.
2697 983 2721 1031 1
2740 976 2839 1046 14]
2887 977 3034 1034 sunt
3075 992 3241 1051 apes&
3286 979 3340 1035 et
3384 974 3628 1038 aculeos
3672 974 3741 1037 in
3783 974 4035 1038 ‘vulnere
4077 975 4450 1054 relinquunt.

2510 1053 2649 1117 Rea:
2707 1056 2840 1134 ipse
2893 1057 3028 1119 sine
3083 1057 3290 1122 aculeo
3347 1065 3450 1122 est.
3557 1059 3777 1122 Noluit
3837 1059 4018 1124 illum
4074 1066 4305 1124 natura
4347 1079 4454 1124 nec

2503 1159 2757 1203 saevum
2801 1161 2955 1219 esse,
3011 1162 3118 1205 nec
3159 1142 3453 1207 ultionem
3509 1166 3733 1227 maqno
3776 1151 4193 1209 constaturam
4226 1152 4451 1226 petere,

2504 1226 2807 1305 telumque
2830 1227 3115 1305 detraxit,
3153 1234 3208 1293 et
3228 1229 3397 1293 iram
3424 1233 3560 1295 eius
3594 1231 3885 1294 inermem
3907 1230 4174 1311 reliquit.
4220 1231 4451 1295 Exem-

2492 1311 2650 1390 plar
2703 1311 2809 1376 boc
2864 1313 3113 1393 maynis
3167 1314 3410 1397 reqibus
3465 1318 3695 1398 ingens.
3786 1315 3906 1379 Est
3958 1318 4126 1380 enim
4171 1317 4273 1380 illi
4318 1337 4453 1381 mas

2503 1416 2778 1461 exserere
2822 1418 2888 1461 se
2943 1400 3012 1460 in
3045 1400 3303 1479 parvis,
3360 1407 3416 1464 et
3456 1402 3796 1484 inqentium
3839 1422 4051 1465 rerum
4095 1404 4452 1467 documenta

2502 1483 2767 1546 minima
2811 1505 3004 1566 ayere.
3082 1483 3327 1549 Pudeat
3361 1486 3436 1549 ab
3471 1489 3716 1569 exiquis
3750 1488 4136 1551 animalibus
4171 1509 4292 1552 non
4325 1494 4450 1551 tra-

2501 1568 2645 1632 here
2686 1588 2904 1646 mores,
2949 1590 3142 1650 quum
3184 1575 3352 1634 tanto
3385 1572 3700 1636 hominum
3735 1574 4107 1647 moderatior
4140 1594 4270 1638 6336
4313 1575 4452 1638 ani-

2501 1674 2645 1717 mus
2685 1656 2911 1733 deffleat,
2957 1661 3186 1736 quanto
3218 1656 3629 1722 vehementius
3668 1664 3844 1721 nocet.
3919 1659 4173 1723 Utinam
4207 1660 4453 1740 quidem

2501 1740 2714 1803 eadem
2756 1740 2993 1804 homini
3036 1741 3136 1804 lea:
3178 1747 3356 1821 esset,
3405 1748 3459 1807 et
3501 1744 3605 1807 ira
3648 1764 3786 1807 cum
3829 1744 3940 1808 telo
3982 1766 4095 1808 suo
4134 1746 4454 1829 franqere-

2502 1829 2621 1903 tur,
2664 1846 2772 1889 nec
2813 1828 3070 1907 saepius
3114 1829 3320 1892 liceret
3349 1834 3562 1893 nocere
3599 1849 3790 1909 quam
3827 1831 4032 1910 semel,
4077 1851 4181 1893 nec
4225 1832 4453 1895 alienis

2448 1988 2451 1997 .
2502 1911 2745 1975 viribus
2800 1933 3075 1977 exercere
3131 1914 3292 1977 odia.
3384 1914 3602 1980 Facile
3658 1916 3824 1978 enim
3868 1915 4212 1980 lassaretur
4249 1918 4450 1998 furor,

2503 1996 2573 2083 six
2598 2018 2716 2078 per
2770 2018 2836 2062 36
2878 1998 3000 2062 sibi
3042 2000 3457 2079 satisfaceret,
3515 2006 3570 2063 et
3623 2003 3682 2064 si
3739 2002 3955 2064 mortis
3999 2002 4279 2082 periculo
4321 2004 4450 2066 vim

2500 2102 2685 2146 suam
2730 2085 3078 2164 effunderet.
3173 2084 3295 2150 Sed
3338 2108 3414 2149 ne
3453 2108 3617 2150 nunc
3658 2087 3910 2167 quidem
3948 2088 4050 2151 illi
4091 2108 4316 2153 cursus
4357 2094 4450 2152 tu-

2501 2172 2605 2230 tus
2647 2175 2751 2232 est.
2847 2171 3120 2234 Tantum
3163 2173 3324 2235 enim
3359 2193 3597 2237 necesse
3640 2178 3728 2236 est
3770 2174 3999 2251 timeat,
4043 2178 4339 2253 quantum
4375 2176 4449 2238 ti-

2499 2256 2658 2317 meri
2708 2256 2861 2333 vult,
2930 2262 2985 2319 et
3039 2278 3268 2321 man-us
3324 2261 3600 2322 omnium
3655 2260 3943 2335 observet,
4000 2265 4054 2323 et
4107 2280 4171 2323 eo
4214 2280 4450 2340 quoque

2501 2345 2767 2419 tempore
2823 2363 2940 2422 quo
2987 2364 3108 2406 non
3152 2349 3468 2423 captatur,
3503 2345 3639 2425 peti
3679 2364 3744 2407 36
3786 2346 4047 2424 iudicet,
4093 2343 4450 2427 nullumque

2499 2431 2867 2500 momentum
2920 2430 3193 2492 immune
3244 2428 3476 2494 habeat.
3568 2430 3750 2494 Hanc
3791 2430 4025 2509 aliquis
4067 2452 4320 2514 acyram
4361 2433 4452 2495 vi-

2500 2514 2628 2574 tam
2684 2514 2969 2592 sustinet,
3037 2535 3225 2595 quum
3269 2516 3449 2580 liceat
3489 2517 3819 2581 innoxium
3863 2518 4045 2595 aliis,
4101 2518 4171 2581 ob
4216 2517 4321 2581 boc
4361 2537 4449 2581 se-

2500 2617 2749 2674 curum,
2809 2600 3149 2663 salutarem
3183 2602 3522 2682 potentiam
3566 2603 3704 2665 eius
3745 2601 3926 2666 laetis
3967 2603 4254 2666 omnibus
4293 2608 4450 2667 trac-

2497 2688 2648 2747 tare.
2738 2684 2936 2747 Errat
2980 2687 3146 2749 enim
3189 2689 3246 2751 si
3290 2689 3434 2769 quis
3476 2688 3788 2752 existimat
3830 2693 4030 2751 tutum
4072 2710 4200 2753 esse
4235 2688 4323 2751 ibi
4356 2710 4450 2753 re-

2493 2789 2650 2850 ymi,
2696 2771 2803 2833 ubi
2843 2771 3009 2835 nihil
3052 2794 3090 2835 a
3140 2794 3278 2854 reye
3324 2777 3520 2837 tutum
3576 2778 3679 2836 est.
3774 2771 3896 2837 Sed
3939 2775 4241 2838 securitas
4282 2794 4447 2837 seeu-

2496 2855 2680 2919 ritate
2721 2861 2939 2920 mutua
2972 2859 3349 2938 paciscenda
3404 2864 3507 2923 est.
3605 2858 3748 2922 Non
3791 2880 3947 2940 opus
3999 2866 4088 2925 est
4142 2861 4449 2925 inst-ruere

2498 2941 2566 3002 in
2601 2942 2808 3015 ,altum
2860 2943 3060 3007 editas
3101 2965 3300 3022 arces,
3358 2966 3465 3009 nec
3517 2946 3586 3008 in
3630 2964 3948 3008 ascensum
3993 2947 4226 3009 arduos
4268 2945 4449 3009 colles

2499 3029 2793 3106 emunire,
2837 3050 2944 3093 nec
2987 3030 3183 3102 latera
3227 3034 3531 3095 montium
3574 3030 3956 3110 abscindere,
3999 3029 4449 3111 multiplic-ibus

2498 3134 2563 3178 se
2604 3123 2808 3180 muris
2849 3116 3246 3197 turribusque
3287 3121 3505 3199 sepire.
3576 3116 3832 3187 Salvum
3876 3137 4077 3200 reyem
4122 3118 4191 3179 in
4234 3122 4447 3198 aperto

2497 3201 2818 3265 clementia
2862 3204 3224 3282 praestabit.
3327 3203 3531 3268 Unum
3585 3208 3673 3268 est
3724 3204 4203 3287 inexpuqnabile
4242 3203 4445 3266 muni-

2496 3292 2781 3365 mentum,
2825 3308 3002 3352 amor
3045 3290 3292 3354 civium.
3388 3291 3555 3371 Quid
3584 3290 3918 3372 pulchrius
3960 3295 4077 3366 est,
4123 3310 4310 3370 quam
4352 3290 4442 3351 vi-

2495 3394 2635 3437 vere
2678 3375 3028 3453 optantibus
3070 3377 3330 3456 cunctis,
3389 3382 3443 3441 et
3484 3382 3623 3441 vota
3676 3397 3800 3441 non
3841 3377 3956 3440 sub
4000 3376 4243 3464 custode
4284 3395 4442 3439 nun-

2495 3459 2914 3539 cupantibus?
2961 3460 3034 3524 Si
3048 3463 3321 3543 paulum
3355 3463 3629 3527 valitudo
3651 3461 3958 3541 titubavit,
3987 3483 4124 3527 non
4149 3481 4320 3542 spem
4339 3459 4440 3522 Ῐιο-

2494 3546 2738 3609 minum
2782 3547 3059 3625 excitari,
3104 3549 3214 3612 sed
3255 3554 3484 3613 metum
3498 3550 3533 3612 .9
3601 3549 3787 3614 Nihil
3822 3570 3951 3613 esse
3985 3549 4282 3628 cuiquam
4315 3552 4442 3611 tam

2481 3631 2862 3710 pretiosum,
2922 3634 3084 3711 quod
3123 3654 3244 3697 non
3279 3656 3400 3715 pro
3442 3635 3640 3699 salute
3669 3636 3994 3716 praesidis
4038 3634 4140 3699 sui
4182 3653 4443 3697 commu-

2494 3721 2689 3780 tatum
2747 3717 2937 3780 velit?
3022 3718 3215 3782 Omne
3269 3720 3368 3783 illi
3432 3722 3595 3801 quod
3649 3723 3966 3802 continyit,
4030 3720 4152 3784 sibi
4206 3715 4442 3799 quoque

2494 3803 2731 3866 evenire
2763 3803 3017 3884 deputet.
3107 3803 3190 3867 In
3234 3804 3342 3869 hoc
3395 3807 3675 3870 assiduis
3728 3807 4019 3870 bonitatis
4060 3806 4443 3886 arqumentis

2482 3887 2777 3968 probavit
2818 3908 2938 3951 non
2980 3891 3420 3970 rempublicam
3464 3913 3650 3956 suam
3693 3913 3846 3970 6336,
3892 3892 3999 3955 sed
4041 3911 4107 3954 36
4149 3888 4442 3969 reipubli-

2494 3995 2615 4038 cae.
2719 3975 2876 4054 Quis
2931 3974 3076 4040 kuic
3144 3977 3371 4041 audeat
3435 3984 3672 4042 struere
3725 3978 3979 4057 aliquod
4038 3975 4438 4058 periculum?

2501 4061 2658 4140 Quis
2699 4060 2774 4123 ab
2818 4059 2924 4123 hoc
2966 4081 3104 4140 nou,
3149 4063 3210 4126 si
3242 4064 3473 4143 possit,
3521 4063 3844 4145 fortunam
3888 4082 4126 4144 quoque
4170 4066 4438 4125 avertere

2491 4145 2682 4210 vel-it?
2722 4146 2836 4209 sub
2877 4166 2993 4227 quo
3035 4148 3298 4226 iustitia,
3332 4169 3491 4229 pax,
3524 4149 3861 4229 pudicitia,
3903 4149 4236 4224 securitaS,
4297 4154 4438 4224 [pag.

2502 4237 2644 4308 115]
2691 4233 2999 4314 difflatas,
3050 4235 3294 4313 florent:
3345 4236 3460 4300 sub
3510 4255 3628 4315 quo
3669 4235 3957 4316 opulenta
3999 4234 4222 4298 civitas
4261 4234 4441 4313 copia

2492 4318 2790 4382 bonorum
2832 4321 3106 4384 omnium
3160 4320 3449 4386 abundat.
3541 4320 3669 4384 Nec
3720 4320 3847 4384 alio
3900 4321 4110 4384 animo
4152 4324 4440 4383 rectorem

2490 4425 2678 4468 suum
2729 4406 3047 4471 intuentur
3062 4458 3076 4486 ‚
3142 4428 3331 4487 quam
3384 4408 3442 4470 si
3498 4407 3595 4472 dii
3653 4405 4031 4471 immortales
4076 4410 4438 4487 potestatem

2491 4490 2735 4554 visendi
2777 4493 2881 4555 sui
2927 4491 3196 4572 faciant:
3247 4495 3605 4557 intueamur
3655 4497 4010 4556 venerantes
4051 4492 4436 4570 calentesque.

2497 4576 2667 4657 Quid
2708 4578 2963 4641 autem?
3007 4600 3128 4642 non
3158 4580 3527 4659 proximum
3569 4577 3700 4642 illis
3742 4576 3941 4641 locum
3982 4583 4137 4641 tenet
4183 4578 4266 4654 is,
4326 4577 4438 4658 qui

2489 4683 2556 4727 se
2598 4682 2674 4726 ea:
2718 4663 2970 4728 deorum
3013 4670 3249 4729 natura
3285 4665 3443 4747 qerit
3484 4665 3806 4745 beneficus,
3866 4685 3938 4730 ac
3981 4665 4226 4746 larqus,
4251 4667 4324 4726 a
4366 4662 4438 4725 in

2491 4748 2715 4814 melius
2744 4754 2964 4829 potens
2980 4750 3015 4813 ,9
3079 4750 3213 4815 Hoc
3247 4752 3547 4831 affectare,
3593 4750 3700 4814 hoc
3742 4751 3984 4815 imitari
4019 4751 4198 4825 dccet,
4235 4748 4437 4812 maxi-

2489 4856 2661 4898 mum
2706 4835 2795 4898 ita
2817 4834 3065 4914 baberi,
3102 4841 3172 4900 ut
3212 4838 3483 4918 optimus
3525 4837 3719 4901 simul
3759 4837 4072 4900 habeatur.

2662 4921 3018 5003 Postquam
3063 4923 3471 4986 enumeravit
3525 4944 3644 5005 per
3691 4922 3934 5006 species
3980 4942 4088 4985 eos
4132 4921 4244 5002 qui
4288 4920 4434 4986 aliis

2490 5013 2824 5089 praesunt,
2874 5006 3284 5091 ostenditque
3328 5006 3563 5074 debere
3606 5029 3677 5072 se
3719 5014 4051 5090 praestare
4086 5005 4433 5090 indulgen-

2489 5101 2588 5158 tes
2644 5113 2801 5175 erga
2858 5113 2967 5158 eos
3024 5094 3255 5176 quibus
3304 5094 3614 5177 praefecti
3676 5101 3860 5171 sunt,
3917 5112 4092 5157 nunc
4144 5093 4433 5175 generali

2488 5177 2816 5243 sententia
2858 5178 3106 5263 colligit
3148 5202 3372 5245 eorum
3418 5179 3712 5244 omnium
3752 5175 4169 5261 praecipuam
4216 5179 4434 5245 dotem

2489 5285 2632 5330 esse
2688 5264 3130 5345 clementiam,
3188 5267 3329 5333 sive
3372 5268 3457 5332 sit
3500 5274 3716 5349 pater,
3774 5265 3883 5346 qui
3940 5264 4072 5328 filio
4136 5266 4430 5349 imperet,

2489 5372 2605 5415 seu
2646 5359 3024 5433 praeceptor
3071 5352 3763 5436 discipulo,'tribunus
3809 5350 4022 5430 militi,
4068 5361 4183 5415 aut
4228 5351 4432 5417 domi-
