5100 6061
821 420 940 482 331

816 611 1012 692 Non
1055 605 1589 717 concupisces
1629 632 1984 685 uxorem
2011 599 2376 712 proximi
2419 598 2572 703 tui,
2619 609 2774 680 etc.
2846 652 2857 665 .

990 773 1142 857 Quo
1177 772 1508 836 Dominus
1551 771 1813 835 frenum
1850 765 2320 850 cupiditatibus
2358 765 2601 829 nostris
2637 785 2775 827 om-

815 861 1008 928 nibus
1049 859 1276 936 iniicit,
1323 878 1487 941 quae
1523 856 1814 922 caritatis
1859 855 2024 919 fines
2061 852 2488 917 transsiliunt.
2561 848 2773 930 Quid-

819 947 977 1032 quid
1013 947 1189 1012 enim
1254 950 1515 1026 praeter
1549 939 1914 1006 dilectionis
1950 938 2266 1024 regulam,
2305 957 2498 1020 opere
2534 935 2773 1000 admit-

818 1043 959 1100 tere
995 1037 1342 1116 praecepta
1385 1028 1512 1094 alia
1546 1033 1791 1105 vetant,
1827 1026 1966 1104 hoc,
2011 1026 2227 1089 animo
2248 1023 2589 1105 concipere
2622 1042 2773 1104 pro-

819 1120 1020 1185 hibet.
1091 1114 1378 1182 Proinde
1422 1115 1545 1179 hoc
1588 1120 1935 1196 praecepto
1970 1110 2210 1189 odium,
2254 1108 2524 1183 invidia,
2572 1107 2772 1171 male-

819 1205 1131 1281 volentia,
1190 1222 1322 1266 non
1369 1219 1554 1265 secus
1597 1207 1791 1282 atque
1837 1205 2030 1262 antea
2084 1193 2539 1272 homicidium,
2588 1192 2770 1257 dam-

821 1299 1081 1356 nantur.
1170 1286 1437 1364 Libido,
1485 1293 1551 1349 et
1590 1285 1868 1349 interior
1910 1282 2121 1348 cordis
2179 1280 2522 1364 spurcitia,
2570 1300 2772 1362 aeque

820 1399 895 1444 ac
939 1375 1271 1450 scortatio,
1330 1370 1778 1455 prohibentur.
1865 1368 1987 1434 U'bi
2032 1368 2212 1450 prius
2255 1367 2610 1450 rapacitas,
2658 1386 2771 1429 va-

819 1463 1055 1539 frities,
1111 1460 1218 1525 hic
1275 1459 1582 1523 avaritia:
1629 1456 1740 1520 ubi
1785 1453 2266 1531 maledicentia,
2314 1452 2421 1518 hic
2468 1450 2773 1533 maligni·

823 1559 923 1615 tas
968 1550 1111 1630 ipsa
1168 1544 1614 1626 compescitur.
1690 1540 2014 1605 Videmus
2057 1560 2254 1622 quam
2301 1540 2386 1602 sit
2426 1536 2769 1621 generalia,

819 1653 1139 1719 quamque
1190 1631 1387 1714 longe
1448 1650 1522 1693 ac
1574 1628 1708 1692 late
1761 1633 1987 1710 pateat
2028 1625 2225 1689 huius
2281 1622 2575 1687 mandati
2622 1643 2771 1687 sen-

818 1722 1044 1786 tentia.
1133 1715 1509 1794 Mirabilem
1555 1714 1733 1777 enim
1789 1711 2065 1795 requirit
2108 1711 2416 1776 affectum
2458 1710 2661 1786 Deus,
2707 1717 2774 1772 et

818 1807 1100 1871 fratrum
1145 1822 1433 1867 amorem
1478 1820 1681 1882 supra
1719 1797 1984 1862 modum
2031 1795 2369 1861 ardentem
2385 1847 2400 1874 ,
2447 1816 2644 1879 quem
2688 1815 2772 1858 ne

818 1893 956 1958 ulla
1008 1887 1269 1973 quidem
1324 1884 1703 1968 cupiditate,
1762 1892 1991 1949 contra
2058 1881 2344 1965 proximi
2396 1880 2641 1946 bonum
2697 1901 2772 1945 ac

821 1975 1262 2049 commodum,
1331 1972 1476 2035 vult
1537 1971 1824 2036 excitari.
1915 1969 2099 2033 Haec
2175 1968 2377 2052 igitur
2441 1966 2772 2050 praecepti

822 2082 1104 2130 summa:
1175 2060 1266 2124 sic
1334 2079 1452 2122 nos
1506 2078 1648 2122 esse
1714 2055 2036 2119 animatos
2094 2053 2329 2119 debere
2347 2105 2362 2131 ‚
2430 2061 2508 2117 ut
2562 2073 2773 2135 neque

822 2150 975 2226 ulla,
1021 2153 1279 2230 praeter
1325 2141 1689 2208 dilectionis
1722 2141 1956 2225 legem,
2004 2139 2360 2223 cupiditate
2397 2137 2768 2203 titillemur:

824 2242 892 2300 et
947 2231 1221 2299 reddere
1279 2230 1660 2312 unicuique,
1706 2226 1876 2311 quod
1920 2247 2114 2292 suum
2157 2235 2286 2304 est,
2343 2225 2773 2290 libentissime
2824 2255 2828 2264 ·

822 2319 1038 2403 parati
1096 2318 1316 2383 61111116.
1416 2314 1497 2378 Id
1552 2320 1773 2379 autem
1815 2313 2332 2394 uniuscuiusque
2376 2323 2773 2392 6666161111-

824 2403 1098 2470 tandum
1133 2409 1249 2480 est,
1294 2399 1466 2485 quod
1509 2399 1608 2464 illi
1652 2420 1734 2464 ex
1777 2397 1987 2464 officio
2032 2405 2255 2462 nostro
2302 2396 2630 2462 debemus.

1451 2577 1737 2670 mols
1782 2604 2135 2671 6111111111μ

996 2742 1331 2825 Quorsum
1376 2749 1597 2807 autem
1641 2743 1950 2807 universa
1991 2740 2159 2824 legis
2201 2746 2553 2823 praecepta
2595 2760 2626 2803 s
2676 2759 2779 2803 ec-

823 2842 968 2896 tent
1011 2831 1171 2895 satis
1228 2828 1586 2894 declaravit
1634 2826 1942 2893 Christus
1987 2826 2287 2891 dominus
2333 2833 2575 2903 noster,
2623 2759 2780 2888 <lium

827 2923 972 2999 [pag.
1023 2919 1125 2994 14]
1173 2923 1378 2979 totam
1423 2914 1635 2998 legem
1681 2914 1931 2978 duobus
1985 2913 2307 2995 capitibus
2350 2911 2781 2993 comprehen-

824 3024 965 3071 sam
1010 3023 1150 3068 esse
1197 3000 1431 3067 docuit.
1509 3000 1603 3066 Ut
1647 2999 1987 3065 dominum
2015 3000 2231 3065 Deum
2280 3004 2584 3063 nostrum
2633 2996 2780 3062 dili-

825 3110 1058 3176 gamus
1101 3111 1183 3153 ex
1230 3096 1367 3152 toto
1412 3086 1604 3153 corde
1650 3094 1889 3163 nostro,
1936 3106 2019 3149 ex
2065 3094 2201 3150 tota
2236 3085 2477 3164 anima,
2524 3105 2609 3149 ex
2647 3091 2784 3147 tota

825 3177 1088 3242 virtute.
1158 3173 1444 3251 Deinde,
1500 3179 1575 3236 ut
1628 3173 2004 3255 proximum
2059 3191 2387 3249 amemus,
2457 3190 2663 3254 aeque
2706 3189 2782 3234 ac

829 3283 952 3327 nos
1003 3263 1180 3344 ipsos
1235 3259 1503 3345 (Matth.
1545 3262 1644 3335 22,
1687 3260 1816 3341 37).
1902 3256 2119 3338 Quam
2173 3256 2783 3339 interpretationem

831 3370 914 3413 ex
970 3348 1114 3429 ipsa
1166 3346 1310 3429 lege
1371 3345 1664 3426 sumpsit.
1750 3343 1922 3409 Nam
1980 3344 2161 3423 prior
2204 3364 2358 3425 pars
2405 3342 2674 3406 Deuter.
2724 3346 2781 3407 6.

828 3433 1089 3516 legitur,
1136 3431 1345 3496 altera
1387 3430 1603 3494 Levit.
1637 3433 1751 3492 ⁷19.

895 3636 1127 3718 QUID
1173 3635 1305 3701 mx
1345 3632 1591 3701 soLA
1635 3634 1890 3700 LEGE
1934 3635 2064 3699 An
2106 3632 2287 3698 Nos
2332 3622 2730 3699 REDEAT.

999 3774 1110 3839 En
1165 3793 1403 3839 verum
1454 3773 1662 3837 iustae
1735 3793 1810 3837 ac
1875 3779 2140 3837 sanctae
2197 3772 2371 3837 vitae
2426 3772 2781 3856 exemplar,

831 3861 1120 3943 adeoque
1164 3860 1380 3943 imago
1423 3858 1716 3923 iustitiae
1760 3859 1966 3942 ipsius
2011 3857 2506 3924 absolutissima.
2587 3858 2684 3923 Ut
2726 3860 2784 3923 si

827 3948 968 4031 quis
1013 3947 1152 4013 vita
1202 3946 1417 4030 legem
1459 3944 1588 4009 Dei
1630 3945 2055 4027 expresserit,
2099 3943 2160 4008 ei
2197 3942 2280 4008 ad
2320 3943 2781 4026 perfectionem

823 4052 1044 4099 coram
1099 4031 1388 4096 Domino
1438 4030 1606 4094 nihil
1665 4030 1752 4094 sit
1806 4028 2203 4095 defuturum.
2284 4028 2479 4111 Quod
2523 4039 2597 4094 ut
2640 4030 2782 4113 ipse

824 4126 1137 4184 testatum
1177 4118 1402 4195 faciat,
1461 4136 1597 4180 non
1641 4116 1914 4181 eximias
1957 4115 2152 4181 modo
2198 4116 2373 4180 vitae
2417 4117 2782 4198 praesentis

825 4203 1328 4282 benedictiones,
1372 4222 1537 4285 quae
1581 4203 1802 4267 Levit.
1829 4206 1929 4267 26.
1976 4209 2044 4267 et
2089 4202 2360 4267 Deuter.
2403 4205 2503 4266 27.
2553 4224 2780 4269 recen-

825 4296 1080 4356 se'ntur:
1140 4288 1254 4354 sed
1308 4297 1615 4353 aeternae
1682 4288 1882 4353 etiam
1938 4288 2114 4352 vitae
2170 4289 2782 4353 remunerationem

824 4375 1168 4460 pollicetur
1200 4375 1300 4453 iis,
1347 4374 1457 4458 qui
1490 4374 1706 4459 legem
1750 4393 1939 4439 suam
1973 4374 2413 4457 impleverint.
2483 4374 2781 4439 Rursum

827 4470 1133 4527 aeternae
1175 4461 1405 4524 mortis
1446 4460 1764 4525 ultionem
1818 4462 1887 4525 in
1928 4479 2155 4525 omnes
2199 4461 2621 4542 pronunciat,
2670 4461 2782 4542 qui

827 4569 958 4612 non
1014 4545 1441 4629 impleverint
1503 4566 1696 4628 opere
1751 4567 2175 4631 quaecunque
2232 4545 2365 4610 illis
2417 4545 2780 4610 mandavit.

826 4634 1047 4700 Moses
1104 4652 1357 4716 quoque
1373 4683 1389 4711 ,
1434 4632 1579 4715 lege
1621 4633 2035 4717 promulgata
2051 4684 2066 4711 ,
2111 4631 2369 4698 coelum
2413 4651 2490 4695 ac
2533 4639 2785 4696 terram

831 4717 1293 4797 attestabatur,
1340 4716 1512 4800 quod
1553 4718 1794 4800 populo
1836 4719 2081 4783 bonum
2126 4738 2202 4783 ac
2245 4717 2497 4782 malum
2513 4769 2530 4795 ,
2579 4718 2787 4782 vitam

831 4828 906 4871 ac
948 4813 1229 4870 mortem
1272 4803 1727 4886 proposuisset.
1796 4804 2053 4869 Verum
2098 4804 2356 4869 etiamsi
2399 4804 2577 4868 viam
2611 4803 2786 4868 vitae

833 4890 1161 4971 ostendat,
1208 4889 1568 4956 videndum
1612 4898 1865 4969 tamen,
1913 4890 2069 4974 quid
2113 4910 2190 4955 ea
2234 4888 2788 4954 demonstratione

835 4978 1021 5043 nobis
1065 4977 1359 5043 conferre
1401 4977 1623 5060 possit.
1693 4974 1870 5041 Sane
1916 4977 1974 5041 si
2017 4975 2326 5042 voluntas
2381 4982 2609 5041 nostra
2652 4983 2790 5040 tota

835 5063 903 5127 in
949 5062 1387 5129 obedientiam
1430 5062 1693 5127 divinae
1740 5062 2096 5128 voluntatis
2153 5062 2435 5127 formata
2474 5061 2790 5145 composi-

834 5155 1029 5230 taque
1071 5150 1257 5226 foret,
1296 5149 1489 5233 plane
1531 5148 1615 5214 ad
1651 5148 1929 5212 salutem
1966 5148 2297 5213 sufficeret
2333 5148 2473 5213 sola
2506 5147 2791 5233 cognitio

755 5230 762 5239 ’
836 5232 1016 5317 legis.
1096 5237 1189 5299 At
1230 5256 1433 5318 quum
1456 5243 1699 5300 natura
1740 5240 1984 5310 nostra,
2030 5234 2313 5300 carnalis
2357 5242 2423 5299 et
2465 5240 2789 5317 corrupta,

836 5341 985 5383 cum
1027 5320 1356 5401 spirituali
1400 5320 1529 5386 Dei
1583 5320 1729 5405 lege
1773 5318 2103 5385 hostiliter
2143 5327 2421 5404 pugnet,
2483 5342 2605 5387 nec
2649 5320 2792 5386 eius

2484 400 3161 470 CATEOHISMUS.

4701 401 4813 465 332

2881 591 3222 674 disciplina
3277 589 3634 673 quidquam
3678 590 4095 666 emendetur,
4149 595 4355 655 restat
4399 596 4476 654 ut
4515 589 4627 654 lex
4668 589 4812 671 ipsa,

2879 698 3049 762 quae
3111 679 3182 741 in
3246 676 3526 742 salutem
3590 676 3744 741 data
3807 689 3978 755 erat,
4044 675 4101 742 si
4175 675 4506 742 auditores
4560 674 4815 740 idoneos

2880 771 3072 829 nacta
3124 763 3384 841 fuisset,
3444 763 3511 826 in
3572 763 3820 845 peccati
3878 771 3943 827 et
3996 763 4225 827 mortis
4279 762 4683 828 occasionem
4727 783 4814 826 ce-

2878 848 3007 913 dat.
3079 848 3630 931 Quandoquidem
3685 849 3862 912 enim
3918 870 4143 913 omnes
4198 848 4336 913 eius
4390 856 4815 930 transgresso-

2879 956 2985 1000 res
3040 955 3182 1000 esse
3236 935 3717 1012 convincimur,
3780 954 3910 1016 quo
3965 934 4098 999 Dei
4152 935 4476 999 iustitiam
4531 937 4683 1012 [pag.
4728 937 4813 1012 15]

2876 1021 3113 1087 clarius
3158 1029 3437 1101 reserat,
3495 1042 3571 1085 eo
3627 1027 3924 1085 nostram
3976 1043 4059 1085 ex
4104 1020 4382 1086 adverso
4420 1020 4816 1102 iniquitatem

2877 1109 3089 1191 magis
3135 1106 3394 1190 detegit.
3476 1107 3770 1172 Rursum
3815 1127 3943 1188 quo
3994 1107 4261 1171 maioris
4304 1127 4422 1172 1106
4466 1113 4818 1189 transgres-

2876 1194 3075 1258 sionis
3121 1192 3565 1275 deprehensos
3610 1199 3819 1270 tenet,
3877 1213 3953 1256 eo
3999 1193 4321 1277 gravioris
4366 1191 4565 1258 simul
4606 1190 4816 1257 iudicii

2876 1300 3021 1345 reos
3075 1279 3227 1362 agit.
3322 1280 3420 1345 Ac
3476 1278 3739 1344 sublata
3792 1287 4097 1343 aeternae
4152 1279 4326 1343 vitae
4380 1278 4813 1361 promissione,

2875 1365 3015 1430 sola
3049 1364 3418 1515 mgledictio
3463 1369 3780 1448 superest,
3830 1383 3994 1447 quae
4039 1364 4226 1429 nobis
4262 1364 4565 1429 omnibus
4607 1384 4645 1426 a
4684 1362 4815 1447 lege

2874 1452 3096 1534 impen
3144 1458 3223 1515 et.

2962 1657 3296 1721 LEGEM
3338 1656 3749 1722 GRADUM
3792 1655 4024 1722 ESSE
4067 1658 4194 1722 AD
4243 1654 4743 1722 CHRISTUM.

3052 1792 3248 1874 Quod
3283 1800 3507 1858 autem
3544 1795 3838 1858 omnium
3862 1801 4164 1859 nostrum
4196 1794 4511 1876 iniquitas
4547 1801 4613 1858 et
4649 1793 4817 1858 dam-

2878 1881 3056 1944 natio
3105 1878 3269 1963 legis
3329 1880 3699 1944 testimonio
3754 1881 4218 1964 consignatur,
4280 1900 4411 1943 non
4455 1879 4599 1945 ideo
4645 1881 4721 1944 fit
4758 1889 4821 1944 ut

2879 1964 3335 2047 desperatione
3393 1964 3841 2044 concidamus,
3916 1987 3991 2031 ac
4048 1966 4387 2048 desponsis
4441 1966 4710 2045 animis,
4760 1967 4819 2029 in

2877 2051 3335 2135 praecipitium
3389 2073 3787 2117 corruamus.
3866 2052 4002 2116 Nos
4059 2052 4324 2134 quidem
4384 2052 4617 2117 iudicio
4672 2052 4818 2136 legis

2877 2136 3216 2202 damnatos
3269 2157 3410 2203 esse
3449 2137 3776 2220 apostolus
3827 2144 4143 2218 testatur,
4190 2159 4316 2220 quo
4370 2158 4443 2203 os
4486 2159 4679 2203 omne
4721 2138 4816 2202 ob-

2878 2231 3199 2302 struatur,
3255 2231 3321 2289 et
3363 2222 3682 2288 obnoxius
3737 2221 4050 2288 reddatur
4091 2224 4305 2289 omnis
4359 2223 4647 2288 mundus
4693 2225 4817 2289 Deo

2879 2310 3099 2395 (Rom.
3146 2313 3203 2388 3,
3249 2309 3374 2393 19).
3441 2308 3630 2375 Idem
3664 2318 3887 2374 tamen
3920 2310 4079 2376 alibi
4113 2309 4316 2389 docet,
4351 2310 4571 2375 Deum
4607 2330 4818 2374 omnes

2764 2449 2777 2463 ,
2881 2395 3001 2461 61111
3056 2395 3511 2460 incredulitate
3568 2395 3991 2474 conclusisse,
4062 2418 4196 2460 non
4252 2404 4327 2460 ut
4386 2395 4624 2479 perdat
4639 2447 4654 2474 ,
4719 2402 4818 2459 aut

2880 2481 3079 2546 etiam
3113 2483 3329 2564 perire
3364 2483 3568 2556 sinat:
3609 2480 3723 2547 sed
3759 2488 3834 2546 ut
3867 2482 4159 2546 omnium
4198 2483 4587 2547 misereatur
4612 2482 4814 2564 (Rom.

2888 2572 2985 2646 11,
3026 2569 3155 2651 32).
3232 2568 3561 2632 Dominus
3612 2588 3768 2653 ergo
3821 2574 4082 2633 nostrae
4137 2577 4281 2632 tum
4350 2567 4815 2645 imbecillitatis,

2884 2660 3025 2717 tum
3085 2653 3515 2737 impuritatis,
3575 2673 3694 2736 per
3737 2654 3951 2739 legem
3996 2654 4392 2732 admonitos,
4448 2654 4716 2719 virtutis
4755 2674 4817 2719 ac

2882 2739 3365 2804 misericordiae
3410 2760 3566 2804 suae
3601 2739 3844 2804 fiducia
3878 2739 4143 2805 solatur.
4215 2738 4423 2824 quue
4457 2741 4529 2804 in
4567 2739 4818 2805 Christo

2884 2846 3019 2903 suo,
3065 2846 3183 2908 per
3226 2847 3420 2908 quem
3455 2826 3641 2890 nobis
3683 2846 3754 2891 se
3786 2826 4180 2891 benevolum
4218 2847 4295 2890 ac
4326 2826 4687 2909 propitium
4718 2845 4821 2909 pa-

2885 2918 3054 2975 trem
3099 2912 3384 2977 exhibet.
3456 2911 3542 2975 In
3586 2911 3731 2995 lege
3767 2912 3945 2976 enim
3989 2933 4123 2975 non
4168 2911 4299 2977 nisi
4341 2912 4667 2995 perfectae
4701 2913 4821 2976 ius-

2884 2998 3086 3077 titiae,
3133 3019 3265 3081 qua
3304 3017 3426 3063 nos
3460 3018 3687 3064 omnes
3723 2996 4017 3063 destituti
4061 3019 4307 3078 sumus,
4349 3005 4818 3064 remunerator:

2886 3093 3113 3150 contra
3157 3092 3376 3149 autem
3392 3136 3430 3165 ,„
3455 3105 3721 3150 severus
3766 3085 4087 3150 scelerum
4130 3083 4331 3149 iudex
4376 3106 4415 3148 a
4460 3099 4667 3167 paret.
4749 3084 4822 3148 In

2886 3169 3154 3235 Christo
3211 3177 3429 3235 autem
3447 3221 3465 3249 ,
3527 3169 3726 3236 facies
3778 3171 3920 3235 eius
3973 3171 4226 3255 gratiae
4282 3190 4357 3236 ac
4493 3171 4824 3255 nignitatis

2885 3255 3115 3338 plena,
3173 3277 3330 3340 erga
3387 3256 3662 3322 miseros
3719 3257 3920 3321 etiam
3965 3278 4040 3322 ac
4093 3256 4400 3340 indignos
4444 3264 4821 3340 peccatores,

2886 3342 3151 3408 relucet.
3218 3342 3364 3407 Hoc
3406 3342 3583 3407 enim
3627 3341 4010 3407 admirabile
4052 3342 4413 3408 immensae
4447 3363 4603 3408 suae
4646 3341 4826 3407 dilee-

2886 3428 3081 3492 tionis
3124 3427 3497 3510 exemplum
3539 3429 3859 3511 praebuit,
3900 3426 4072 3512 quod
4103 3429 4438 3512 proprium
4478 3428 4691 3493 filium
4723 3447 4825 3493 no-

2885 3513 2987 3578 bis
3030 3515 3352 3597 exposuit,
3400 3534 3476 3579 ae
3516 3515 3587 3578 in
3630 3515 3771 3597 ipso
3813 3514 4158 3580 thesauros
4192 3535 4417 3579 omnes
4452 3514 4827 3580 clementias

2887 3599 3323 3683 bonitatisque
3366 3620 3527 3666 suae
3568 3600 3945 3684 resignavit.

2930 3752 3414 3873 CHRISTUM
3457 3807 3682 3871 FIDE
3728 3808 3792 3871 A
3834 3805 4115 3873 NOBIS
4164 3802 4791 3873 APPREHENDI.

3064 3943 3631 4025 Quemadmodum
3664 3943 3875 4009 filium
3909 3932 4104 4009 suum
4130 3944 4453 4028 evangelii
4486 3944 4831 4010 verbo‘no-

2887 4030 2987 4095 bis
3032 4035 3180 4111 [pag.
3227 4033 3328 4109 16]
3384 4031 3576 4095 offert
3628 4030 3999 4096 misericors
4043 4038 4257 4114 pater:
4311 4030 4406 4094 ita
4449 4029 4583 4095 fide
4626 4032 4831 4113 ipsum

2890 4116 3347 4198 amplectimur
3360 4167 3376 4195 ,
3422 4138 3499 4182 ac
3541 4117 3724 4199 quasi
3770 4115 3999 4180 datum
4043 4117 4474 4200 agnoscimus.
4545 4116 4832 4181 Verbum

2888 4202 3155 4285 quidem
3199 4203 3413 4285 ipsum
3480 4201 3805 4286 evangelii
3875 4223 4101 4268 omnes
4157 4203 4232 4267 in
4273 4201 4525 4268 Christi
4578 4200 4831 4286 partici-

2887 4289 3217 4371 pationem
3273 4296 3489 4353 vocat:
3549 4295 3618 4352 at
3677 4287 3945 4370 plurimi
4009 4287 4466 4353 incredulitate
4519 4284 4835 4354 obcaecati

2889 4381 2957 4438 et
3008 4373 3341 4452 obdurati,
3396 4380 3536 4438 tam
3590 4373 3993 4457 singularem
4048 4374 4332 4458 gratiam
4376 4380 4831 4457 aspernantur.

2890 4457 3030 4524 Soli
3076 4479 3230 4543 ergo
3285 4458 3513 4524 fideles
3560 4459 3829 4525 Christo
3874 4460 4213 4537 fruuntur,
4272 4460 4382 4545 qui
4428 4458 4510 4524 ad
4571 4481 4648 4526 se
4691 4457 4835 4523 mis-

2889 4566 3038 4609 sum
3081 4545 3420 4628 recipiunt,
3467 4546 3579 4628 qui
3622 4544 3745 4610 sibi
3790 4545 4101 4611 donatum
4145 4567 4277 4611 non
4321 4553 4679 4629 respuunt,
4739 4542 4837 4626 qui

2890 4637 3234 4696 vocantem
3269 4638 3651 4715 sequuntur.

2927 4837 3054 4900 DE
3100 4835 3634 4902 ELECTIONE
3678 4838 3799 4903 ET
3841 4835 4812 4904 PRAEDES'PINATIONE.

3065 4973 3150 5037 In
3194 4974 3320 5039 hoe
3361 4981 3582 5039 autem
3617 4973 3990 5042 discrimine
4033 4975 4310 5041 sublime
4345 4974 4559 5039 divini
4597 4971 4846 5040 consilii

2896 5079 3208 5125 arcanum
3242 5060 3612 5127 necessario
3648 5060 4197 5128 considerandum
4234 5068 4348 5127 est.
4407 5061 4494 5125 In
4527 5061 4640 5126 his
4679 5060 4847 5126 enim

2895 5146 3050 5211 solis
3108 5144 3372 5211 demum
3440 5147 3624 5213 verbi
3679 5149 3808 5214 Dei
3872 5168 4100 5213 semen
4165 5147 4455 5213 radicem
4508 5146 4725 5227 ducit,
4780 5165 4848 5210 ac

2895 5232 3261 5308 fructificat,
3306 5254 3469 5316 quos
3510 5233 3836 5300 Dominus
3878 5233 4003 5299 sibi
4044 5232 4214 5298 filios
4258 5234 4573 5318 regnique
4611 5232 4851 5299 coeles-

2895 5318 2983 5383 tis
3029 5319 3346 5385 haeredes
3365 5373 3381 5399 ,
3437 5327 3704 5386 aeterna
3748 5340 3865 5385 sua
3906 5320 4251 5398 electione,
4298 5318 4849 5403 praedestinavit:
