5100 6061
305 381 410 494 29'
1871 429 2163 495 usna
2205 429 2259 494 1.
2349 429 2655 496 offui*
2699 430 2752 494 1.
4234 434 4316 494 30

494 620 650 686 Vota
701 620 965 703 publica
1028 621 1099 684 in
1163 605 1287 686 tuti>
1341 619 1517 707 sunt]
1596 621 1736 685 Aut
1801 632 1953 685 vota
2007 618 2269 703 publica

305 706 598 791 appellat
652 727 819 789 quae
875 706 1127 771 solenni
1185 707 1318 805 ritu
1363 707 1922 790 concipiebantur,
1981 705 2268 789 primum

306 793 389 892 ob
432 792 715 857 salutem
773 793 1116 892 principis,
1165 790 1401 857 demde
1443 792 1525 856 ob
1565 792 1960 891 reipublicae
2004 812 2269 892 prospe-

306 887 573 1030 nmffn
591 886 733 1030 ,Eut
773 877 1308 1028 suplphcationes:
1364 878 1911 961 quemadmodum
1956 878 2114 943 (11011
2157 877 2269 941 111-

308 986 435 1031 ven
507 986 563 1029 18
663 986 703 1028 a
733 985 829 1047 yr.
951 987 996 1027 .:

927 1066 1036 1120 Sed
1071 1034 1272 1121 multae
1309 1068 1469 1121 urbes
1508 1075 1563 1120 ct
1599 1066 1816 1136 publica
1850 1075 1981 1121 vota

722 1136 1000 1190 vicerunt.

309 1224 449 1289 Aut
501 1233 678 1308 certe
721 1231 878 1287 vota
929 1221 1191 1305 publica
1244 1221 1658 1304 simpliciter,
1714 1242 1880 1305 quae
1920 1221 2273 1303 unusquis-
2324 1210 2327 1233 ¹

310 1330 435 1392 que
470 1309 774 1406 'caritate
841 1310 1093 1391 patriae
1159 1307 1460 1391 concip1t.
1562 1307 1757 1372 Prior
1822 1307 2274 1389 interpretatio

308 1415 525 1478 magis
568 1395 891 1460 convenit.

489 1480 636 1545 Non
695 1481 863 1545 enim
910 1485 997 1544 est
1043 1480 1403 1561 periculum
1456 1500 1536 1544 ae
1575 1484 1632 1543 te
1676 1480 1772 1543 tui
1813 1478 2022 1543 subita
2064 1472 2276 1560 capiat

311 1563 567 1652 oblivio]
629 1568 773 1631 Iam
829 1587 934 1631 res
980 1572 1172 1631 extra
1210 1565 1421 1630 aleam
1479 1566 1691 1648 posita
1731 1572 1859 1641 est,
1922 1564 2075 1647 quia
2135 1584 2274 1628 cer-

2373 617 2522 682 dem
2591 619 3151 702 concupiscentiae
3165 672 3182 699 ,
3253 640 3419 702 quae
3481 620 3774 686 continet
3837 638 4062 684 omnes
4128 619 4331 685 animi

2372 704 2708 791 passiones
2723 756 2737 781 ,
2792 714 2859 769 et
2901 705 3046 770 illos
3089 707 3433 770 interiores
3487 706 3760 771 affectus
3803 705 4076 788 imperio
4128 705 4330 771 ratio-

2376 790 2480 854 nis
2524 811 2659 854 non
2703 790 3129 857 subiacentes,
3215 790 3414 872 Quod
3457 799 3534 856 ut
3575 792 3817 857 clarius
3858 792 4003 868 fiat,
4052 793 4329 875 accipia-

2376 896 2523 939 mus
2581 875 3000 957 partitionem
3054 878 3238 943 illam
3282 878 3568 960 Epicuri,
3612 898 3812 960 quam
3859 877 4061 945 refert
4102 877 4332 944 Cicero

2376 959 2484 1024 lib.
2532 960 2585 1024 I.
2633 959 2714 1026 de
2758 962 3061 1028 Finibus:
3111 962 3455 1046 Cupiditas

2462 1046 2800 1112 Naturalis
2840 1058 2908 1111 et
2950 1050 3317 1115 necessaria

3657 1049 3876 1114 Parvo
3918 1047 4246 1132 parabilis.

2464 1132 2804 1199 Naturalis
2847 1155 2979 1198 non
3018 1137 3383 1201 necessaria

3582 1136 3591 1145 ’
3661 1134 3979 1217 Mediocri
4021 1144 4291 1219 sumptu

3863 1228 4185 1285 cont-enta.

3665 1305 4105 1390 Inexplebilis.

2379 1390 2541 1455 Tres
2605 1392 2805 1474 igitur
2860 1412 3060 1474 quum
3127 1392 3260 1455 sint
3316 1393 3749 1474 cupiditatum
3813 1392 4091 1476 species,
4159 1392 4333 1457 hunc

2379 1475 2594 1540 Iocum
2658 1476 2738 1541 de
2792 1478 2989 1541 tertia
3045 1479 3288 1560 specie,
3347 1500 3461 1542 seu
3516 1478 3594 1542 de
3649 1480 3843 1542 tertio
3887 1476 4179 1543 membro
4231 1478 4333 1541 in-

2410 1338 2417 1341 *
2463 1303 2527 1367 N
2530 1325 2603 1370 ec
2637 1305 2957 1370 naturalis
2991 1325 3110 1371 nec
3143 1307 3511 1372 necessaria

2325 1620 2328 1631 .
2379 1560 2752 1645 telligamus
2772 1614 2785 1638 ,
2845 1562 3201 1646 cupiditate
3245 1564 3489 1629 scilicet
3541 1563 3924 1628 insatiabili:
3990 1564 4202 1641 cuius,
4257 1572 4335 1628 ut

312 1663 455 1717 tum
502 1672 585 1716 ex
624 1651 843 1716 indole
889 1660 1006 1729 est,
1050 1651 1244 1733 quale
1286 1651 1583 1715 futurum
1630 1652 1717 1715 sit
1761 1652 2113 1735 ingenium,
2142 1649 2275 1713 Ne·-
2326 1640 2328 1665 '
2381 1649 2473 1712 ait
2533 1647 2796 1727 Cicero,
2865 1671 2987 1714 nec
3053 1649 3285 1713 modus
3340 1670 3459 1714 nec
3523 1651 3673 1713 finis
3749 1650 4034 1715 inveniri
4077 1656 4329 1731 potest.

314 1739 519 1803 renis:
582 1737 753 1803 sicut
807 1738 889 1803 de
941 1737 1234 1821 periculo
1276 1737 1692 1820 cogitabatur
1734 1758 1934 1820 quum
1978 1735 2275 1801 nondum
2324 1718 2330 1813 ἱ
2378 1734 2472 1799 Et
2520 1732 2775 1800 Seneca
2831 1737 2899 1799 in
2943 1736 3198 1811 multis,
3264 1744 3403 1799 tum
3461 1736 3669 1816 Epist.
3716 1736 3833 1799 V.:
3899 1736 4180 1801 Necesse
4235 1742 4336 1800 est

242 1836 247 1847 “
315 1844 383 1889 80
426 1822 686 1889 indoles
729 1823 1253 1907 deprompsisset.
1318 1824 1498 1907 Ergo
1535 1824 1927 1887 contrariam
1953 1824 2271 1886 rationem

2325 1820 2331 1919 Ι
2381 1821 2450 1883 111
2494 1820 2890 1886 immensum
2935 1831 3126 1886 exeat
3168 1819 3517 1904 cupiditaS,
3577 1842 3742 1903 quae
3785 1821 4153 1885 naturalem
4196 1843 4334 1885 mo-

316 1910 617 1992 sequitur
670 1911 1038 1975 contrarius
1102 1910 1390 1974 effectus.
1491 1909 1574 1971 In
1642 1909 1811 1974 hanc
1882 1910 2275 1973 sententiam
2383 1906 2537 1970 dum
2581 1908 2922 1972 transsilit.

315 1995 546 2062 Cicero
610 1995 1023 2061 Dolabellae:
1093 1996 1231 2060 Nec
1294 1995 1448 2060 licet
1508 1992 1771 2077 quidem
1838 1992 1956 2058 tibi
2000 1994 2132 2058 iam
2175 2000 2277 2057 tot

314 2081 492 2147 robis
538 2082 760 2166 gestis,
805 2102 942 2145 non
988 2083 1084 2145 tui
1127 2081 1403 2146 similem
1451 2101 1611 2145 esse.
1702 2078 1957 2157 Subita,
2002 2100 2135 2143 non
2172 2098 2275 2143 so-

314 2169 455 2233 lum
502 2169 876 2251 repentina,
945 2166 1060 2231 sed
1102 2169 1302 2231 ctiam
1348 2167 1843 2232 inconsiderata.
1935 2162 2277 2247 Siquidem

316 2276 481 2338 quae
525 2260 617 2318 ‘ex
670 2262 965 2336 tempore
1007 2255 1207 2329 fiunt,
1265 2255 1400 2317 fere
1445 2272 1577 2316 non
1623 2253 1869 2317 habent
1910 2250 2271 2316 consilium.

317 2340 476 2405 Ideo
521 2340 809 2405 subitum
852 2361 970 2421 pro
1014 2339 1384 2404 inconsulto
1431 2344 1578 2417 [pag.
1625 2345 1726 2417 17]
1778 2338 2110 2420 accipitur.
2192 2334 2274 2417 Q.

318 2426 590 2491 Cassius
626 2424 926 2491 Ciceroni
969 2424 1077 2489 lib.
1118 2424 1275 2489 XII.
1308 2425 1548 2507 Epist.:
1585 2425 1680 2490 Ut
1721 2424 1882 2489 haec
1918 2423 2279 2488 novissima

320 2520 545 2577 nostra
588 2514 778 2590 facta,
803 2532 957 2575 ·non
1002 2512 1238 2590 subita,
1283 2533 1404 2576 nec
1446 2506 1996 2587 inconvenientia,
2034 2508 2149 2575 sed
2191 2509 2277 2573 si-

320 2599 503 2663 milia
560 2598 690 2662 illis
748 2597 1253 2682 cogitationibus
1307 2618 1586 2678 quarum
1643 2608 1715 2661 tu
1772 2597 1960 2661 testis
2011 2618 2098 2660 es.
2187 2596 2280 2659 Et

310 2684 579 2749 Gellius
634 2693 826 2749 vocat
876 2684 1261 2749 subitariam
1327 2682 1677 2747 dictionem
1735 2684 2096 2747 orationem
2164 2704 2276 2746 ex·

318 2770 764 2852 temporalem.
865 2771 1229 2853 Eleganter
1285 2777 1504 2834 autem
1574 2767 1994 2852 designamus
2056 2769 2278 2833 incon-

321 2857 660 2933 stantiam,
716 2876 923 2938 quum
978 2854 1169 2921 alicui
1225 2857 1512 2937 irrepere
1576 2855 1681 2920 sui
1744 2855 1952 2937 ipsius
2007 2852 2278 2917 oblivio-

319 2963 469 3007 nem
505 2941 802 3006 dicimus.
870 2942 1292 3007 Transfertur
1326 2940 1407 3005 ad
1452 2962 1555 3005 res
1590 2941 2005 3006 inanimatas.
2051 2939 2279 3004 Cicero

320 3029 527 3112 Epist.
569 3028 729 3096 DL:
778 3027 921 3093 Nisi
970 3041 1033 3092 te
1079 3041 1322 3103 amant,
1369 3027 1487 3092 tibi
1533 3036 1985 3105 assent-antur,
2034 3037 2098 3091 et
2140 3034 2278 3091 tam

322 3114 431 3178 diu
477 3115 640 3179 dum
685 3113 868 3192 ades,
931 3125 1088 3180 sunt
1130 3112 1368 3177 oblitae
1413 3115 1532 3178 sui.

320 3201 583 3285 ingenio
628 3200 1051 3285 degenerant.
1119 3201 1468 3266 Caeterum
1515 3200 1774 3264 Plinius
1818 3199 1926 3263 lib.
1965 3199 2120 3262 VII.
2162 3219 2277 3263 na-

322 3288 556 3351 turalis
610 3286 924 3351 historiae
979 3286 1108 3351 alia
1164 3287 1430 3369 syntaxi
1489 3308 1652 3350 usus
1706 3296 1832 3360 est,
1915 3305 2111 3367 quam
2169 3285 2275 3350 hic

324 3371 601 3438 Seneca:
649 3372 759 3437 Ex
802 3373 1115 3455 praealto,
1161 3373 1395 3454 inquit,
1443 3382 1613 3437 tecto
1655 3371 1898 3454 lapsuS,
1946 3371 2176 3435 matris
2212 3379 2279 3434 et

324 3460 623 3523 affinium
666 3460 1303 3541 propinquorumque
1347 3459 1519 3541 cepit
1561 3455 1973 3522 oblivionem.
2146 3497 2149 3500 «

496 3544 680 3608 Facit
732 3544 979 3624 quidem
1035 3545 1253 3608 avidos
1307 3546 1510 3614 nimia
1561 3544 1833 3625 felicitas
1932 3541 2279 3607 Sententia

322 3650 418 3696 est
461 3630 811 3706 catholica,
869 3649 1063 3713 quam
1128 3631 1491 3712 praemittit
1545 3629 1631 3694 ad
1683 3630 1880 3710 amp'
1934 3628 2275 3706 cationem,

321 3727 393 3781 ut
432 3716 736 3781 miraculi
780 3716 917 3781 loeo
962 3715 1342 3799 subiungat,
1387 3715 1763 3780 felicitatem
1808 3735 1995 3779 suam
2041 3713 2277 3797 populo

320 3822 591 3867 romano
645 3802 960 3868 sufficere.
1063 3802 1258 3866 Hanc
1313 3801 1710 3868 sententiam
1771 3801 2107 3883 eleganter
2163 3822 2277 3864 ex-

322 3890 545 3971 primit
603 3889 840 3953 Livius
893 3890 963 3953 in
1021 3889 1451 3970 praefatione:
1520 3886 1704 3951 Adeo
1758 3894 2002 3969 quanto
2053 3907 2276 3950 rerum

323 3976 563 4051 minus,
610 3983 798 4039 tanto
839 3975 1058 4038 minus
1100 3973 1476 4056 cupiditatis
1520 3980 1678 4038 erat.
1746 3972 1978 4054 Nuper
2013 3970 2278 4037 divitiae

321 4061 701 4138 avaritiam,
751 4069 820 4125 et
860 4057 1269 4125 abundantes
1315 4059 1683 4142 voluptates
1728 4057 2121 4123 desiderium
2167 4079 2279 4140 pe-

319 4145 583 4225 reundi,
640 4143 1086 4229 perdendique
1135 4146 1386 4224 omnia,
1452 4146 1780 4210 invexere.
1868 4144 1959 4208 Et
2009 4143 2279 4209 Curtius

322 4232 428 4297 lib.
476 4232 635 4297 VII.
703 4233 776 4296 in
832 4234 1124 4296 oratione
1180 4230 1584 4316 Scytharum
1652 4230 1760 4295 ad·
1791 4229 2275 4294 Alexandrum:

323 4315 501 4398 Quid
547 4318 669 4382 tibi
712 4317 962 4382 divitiis
1005 4337 1171 4400 opus
1215 4324 1334 4395 est,
1379 4338 1544 4399 quae
1587 4325 1652 4380 te
1696 4317 1943 4381 esurire
1988 4315 2276 4400 cogunt?

322 4404 588 4469 Primus
643 4405 936 4467 omnium
1006 4404 1307 4468 satietate
1383 4403 1632 4486 parasti
1683 4403 1951 4466 famem:
2021 4413 2097 4466 ut
2149 4423 2278 4485 quo

323 4490 514 4572 plura
575 4489 881 4567 haberes,
944 4489 1225 4572 amplius
1270 4509 1435 4572 quae
1490 4510 1623 4553 non
1669 4488 1944 4553 haberes
1987 4509 2275 4572 cuperes.

322 4575 571 4640 Notum
612 4584 713 4644 est
751 4575 914 4639 illud
961 4572 1185 4640 Ovidii
1229 4577 1301 4638 in
1346 4575 1399 4639 Ι.
1446 4575 1827 4639 Fastorum:

527 4677 825 4732 Creverunt
859 4685 917 4733 et
952 4693 1103 4746 opes,
1140 4687 1197 4732 et
1231 4695 1393 4746 opum
1428 4677 1633 4731 furiosa
1668 4676 1888 4745 cupido:

632 4747 708 4800 Et
741 4763 901 4815 quum
937 4747 1254 4815 possideant
1287 4746 1532 4815 plurima,
1569 4747 1729 4814 plura
1762 4752 1970 4814 petunt.

527 4817 615 4871 Sic
650 4817 841 4884 quibus
877 4816 1125 4869 intumuit
1160 4815 1365 4870 suffusa
1400 4823 1589 4869 venter
1623 4815 1693 4869 ab
1727 4814 1887 4882 unda,

596 4884 716 4952 Quo
752 4886 876 4953 plus
914 4893 1038 4939 sunt
1072 4891 1254 4952 potae,
1290 4885 1413 4953 plus
1451 4885 1701 4938 sitiuntur
1735 4898 1924 4951 aquae.

325 4988 658 5055 Iuvenalis
704 4986 925 5072 Satyr.
974 4987 1198 5053 XIV:

460 5087 672 5147 Crescit
706 5108 858 5145 amor
890 5092 1106 5158 nummi,
1142 5097 1399 5157 quantum
1436 5092 1554 5158 ipsa
1589 5091 1819 5158 pecunia
1855 5088 2061 5143 crescit.

498 5177 631 5243 Nec
671 5183 804 5241 tam
845 5181 1214 5257 temperatae
1255 5172 1654 5261 cupiditates]
1710 5174 1971 5239 Nomen
2028 5174 2277 5257 cupidi-

328 5265 478 5328 tatis
521 5263 776 5328 variam
840 5263 1041 5328 habet
1095 5261 1536 5343 acceptionem
1551 5312 1565 5336 ,
1624 5261 1731 5326 hic
1786 5281 1941 5326 vero
1996 5261 2280 5326 refertur

332 5347 411 5413 ad
463 5369 730 5415 sensum
787 5348 1206 5431 superiorem.
1298 5344 1411 5412 Sic
1464 5345 1837 5429 philosophi
1891 5356 2129 5412 vocant
2176 5369 2277 5412 se·-

1625 3114 1771 3178 Hoc
1816 3125 1933 3189 est,
1976 3134 2016 3176 a
2056 3115 2278 3177 nativo
2327 3129 2331 3156 ⁶

2560 1994 2820 2057 Gradus
2845 2014 2905 2056 .α
2947 1996 3198 2076 maynis
3233 1992 3366 2079 eta]
3418 1992 3530 2057 Sic
3567 1992 3742 2056 idem
3778 1991 3856 2056 de
3899 1992 4334 2059 consolatione

2382 2077 2464 2142 ad
2509 2078 2868 2143 Albinamz.
2897 2080 3150 2145 Eadem
3197 2089 3434 2143 natura
3476 2080 3545 2142 in
3591 2077 3771 2143 omni
3817 2076 4135 2143 desiderio
4182 2085 4329 2160 [pag.

2389 2171 2492 2242 18]
2529 2164 2701 2247 quod
2736 2186 2872 2228 non
2908 2189 2990 2230 ex
3027 2165 3263 2248 inopia,
3302 2165 3418 2228 sed
3453 2187 3536 2229 011
3572 2165 3731 2229 vitio
3767 2165 4077 2229 nascitur.
4126 2156 4335 2245 Quid-

2380 2250 2540 2400 qugd
2586 2252 2760 2400 endm
2805 2252 2900 2316 illi
2946 2251 3366 2335 congesseriS,
3411 2251 3543 2315 11011
3587 2250 3739 2315 finis
3782 2248 4156 2332 cupiditatis
4190 2253 4334 2330 erit,

2382 2358 2451 2401 se
2540 2357 2659 2420 gra
2705 2359 2802 2401 us.
3120 2401 3123 2409 ‚
4325 2362 4334 2371 “

2563 2422 2866 2488 Omnibus
2919 2430 3125 2495 tamen
3180 2421 3447 2573 civibuffl
3504 2423 3761 2488 Sensus
3823 2430 3946 2487 est:
4018 2419 4336 2501 Quamvis

2381 2530 2574 2572 nemo
2629 2510 2782 2572 boni
2840 2511 3154 2593 aequique
3220 2528 3375 2574 cons
3451 2518 3520 2573 at
3573 2509 3906 2573 fortunam
3973 2529 4179 2585 suam,
4237 2519 4334 2572 ta·-
4397 2544 4400 2549 ·

2382 2616 2536 2658 men
2593 2614 2905 2660 romanus
2962 2596 3241 2680 populus
3299 2597 3430 2660 iam
3476 2616 3611 2659 non
3668 2602 3882 2676 potest
3924 2592 4336 2659 dissimulare

2384 2701 2569 2744 suam
2625 2680 3029 2745 felicitatem:
3088 2701 3209 2746 nec
3254 2692 3352 2746 est
3395 2690 3583 2745 tanta
3624 2680 4036 2763 impudentia
4076 2681 4332 2762 praedi-

2383 2776 2509 2843 tuS,
2557 2774 2634 2829 ut
2667 2767 3133 2850 cupiditatibus
3169 2768 3306 2833 suis
3348 2767 3611 2830 modum
3654 2787 3787 2830 non
3832 2766 4143 2847 imponat.
4211 2767 4335 2831 At-

2381 2873 2507 2934 que
2550 2850 2619 2914 id
2661 2853 2920 2933 quidem
2965 2873 3191 2943 omnes
3238 2853 3321 2917 ad
3364 2874 3567 2917 unum
3610 2854 4040 2929 confitentur,
4106 2872 4334 2917 omnes

2382 2957 2516 3001 uno
2561 2958 2706 3013 ore,
2752 2961 2881 3021 uno
2923 2960 3240 3004 consensu
3284 2938 3697 3021 praedicant,
3761 2958 3831 3001 se
3877 2935 3960 3001 ad
4001 2957 4334 3002 summum

2382 3025 2682 3092 fortunae
2726 3026 3116 3107 pervenisse.

2561 3113 2875 3191 Confessio
2930 3109 3334 3197 exprimitur]
3407 3109 3647 3174 Verbis
3701 3133 3858 3174 usus
3918 3118 4016 3174 est
4083 3109 4333 3194 signifi-

2380 3197 2794 3262 cantissimis.
2905 3198 3110 3272 Nam,
3178 3207 3254 3262 ut
3318 3198 3412 3262 ait
3474 3198 3776 3262 Donatus
3840 3198 3910 3259 in
3979 3194 4332 3276 Adelphos,

2325 3297 2331 3396 i
2381 3284 2759 3362 confitetur,
2817 3286 2930 3367 qui
2975 3285 3249 3348 invitus:
3312 3295 3378 3348 et
3420 3284 3789 3365 exprimere
3837 3290 3940 3345 est
3980 3280 4334 3364 premendo
4413 3309 4416 3312 ¹

2382 3368 2675 3434 educere.
2790 3371 3136 3435 Terentius
3212 3371 3282 3434 in
3346 3370 3697 3436 Eunucho:
3779 3369 3933 3434 Una
4007 3366 4333 3432 mehercle

2378 3454 2545 3519 falsa
2588 3455 2967 3608 lacUrgmula,
3011 3477 3202 3538 quam
3248 3456 3468 3522 0011108
3502 3455 3773 3521 terendo
3814 3455 3930 3520 vix
3967 3455 4031 3518 vi
4067 3474 4334 3536 expres-

2382 3541 2559 3608 serit.
2767 3545 2787 3606 i
2843 3541 3148 3606 Donatus
3192 3543 3661 3624 interpretatur
3716 3541 3993 3606 verbum
4055 3541 4334 3622 positum

2382 3624 2465 3693 ad
2508 3623 2772 3706 αὔξησιν.
2856 3628 3055 3692 Libet
3098 3627 3225 3692 alia
3267 3629 3571 3711 exempla
3608 3627 3946 3705 subiicere,
3990 3647 4156 3709 quae
4193 3646 4337 3690 me-

2381 3715 2510 3778 lius
2558 3713 2741 3778 verbi
2783 3714 3170 3797 elegantiam
3228 3713 3592 3778 ostendant.
3684 3714 3917 3778 Livius
3967 3713 4133 3777 libro
4176 3712 4334 3775 III.:

2383 3798 2518 3867 Sed
2564 3812 2637 3864 ut
2680 3800 3087 3882 exprimatur
3130 3801 3475 3878 confessiO,
3521 3799 3836 3864 domitam
3880 3797 4338 3879 subactamque

2383 3901 2650 3971 gentem
2694 3885 2815 3951 sub
2859 3886 3087 3968 iugum
3133 3884 3439 3951 abituros.
3529 3887 3620 3950 Et
3661 3885 3827 3949 libro
3870 3883 4095 3948 XXL:
4141 3883 4205 3947 N
4207 3902 4336 3947 unc

2382 3983 2449 4038 et
2491 3994 2530 4036 a
2569 3972 2755 4036 nobis
2799 3971 3115 4036 confessio
3160 3969 3386 4053 culpae
3425 3971 3842 4055 exprimitur,
3896 3979 3963 4033 et
4006 3990 4045 4031 a
4087 3969 4338 4034 confes-'

2384 4060 2473 4125 sis
2518 4080 2625 4123 res
2667 4065 3068 4140 repetuntur.
3161 4056 3419 4121 Plinius
3462 4059 3530 4121 in
3575 4056 4013 4141 Panegyrico:
4076 4055 4338 4119 Abeant

2387 4165 2577 4210 voces
2621 4142 2773 4208 illae
2816 4162 2976 4226 quas
3027 4150 3242 4206 metus
3285 4141 3711 4225 exprimebat.
3801 4139 4223 4222 Tranquillus
4267 4142 4334 4205 in

2385 4232 2673 4297 Tiberio:
2738 4228 2960 4310 Quum
3009 4229 3181 4293 inter
3234 4230 3565 4311 proximos
3607 4228 3895 4293 versanti
3940 4236 4006 4290 et
4050 4226 4338 4308 trepida-

2384 4318 2563 4382 tione
2608 4314 2857 4381 detecto
2901 4315 3246 4379 tormentis
3291 4334 3599 4397 expressa
3652 4312 3968 4378 confessio
4021 4320 4124 4377 est
4162 4313 4335 4396 cogi-

2385 4404 2507 4468 tati
2545 4403 2868 4468 facinoris.
2958 4402 3237 4466 Latinus
3283 4402 3565 4466 Pacatus
3609 4402 3680 4463 in
3723 4399 4132 4484 Panegyrico
4169 4398 4338 4462 dixit

2384 4498 2694 4554 excutere
2739 4488 3225 4553 confessionem.
3302 4487 3574 4552 Graecis
3618 4485 3742 4551 hoc
3792 4491 3894 4550 est
3925 4476 4333 4568 ἐκβιάζεσθαι.

2563 4576 2693 4639 Nec
2744 4575 3085 4656 quidquam
3137 4574 3417 4638 accedere
3469 4592 3682 4654 posse,
3740 4573 3870 4637 mi
3922 4578 3992 4636 at
4032 4576 4336 4653 perpetua

2380 4660 2536 4748 eiad]
2583 4660 2854 4726 Nullum
2903 4667 3003 4724 est
3043 4679 3174 4722 non
3218 4658 3408 4724 modo
3449 4667 3858 4741 perpetuum,
3903 4657 4018 4723 sed
4062 4678 4145 4722 ne
4190 4656 4358 4721 diu-'

2381 4756 2657 4812 turnum
2713 4744 2972 4829 quidem
3021 4743 3283 4809 bonum.
3381 4745 3501 4822 Et,
3560 4753 3635 4809 ut
3684 4746 3778 4809 ait
3817 4744 3961 4820 ille,
4015 4742 4178 4826 sorti
4222 4764 4335 4825 ap-

2382 4832 2628 4918 pendix
2686 4840 2785 4897 est
2839 4830 3207 4895 illaetabilis
3250 4831 3462 4916 omni„
3539 4831 3768 4913 Itaque
3809 4850 3948 4894 non
3989 4830 4208 4893 minus
4253 4828 4334 4893 de

2381 4919 2728 4985 retinenda
2801 4937 2992 5000 quam
3069 4916 3150 4980 de
3226 4915 3661 5000 comparanda
3735 4914 4152 5000 cogitandum
4213 4923 4330 4980 cst.
4409 4943 4414 4948 ·

2383 5006 2578 5071 Hanc
2633 5004 2968 5069 nimirum
3003 5003 3436 5068 accessionem
3493 5005 3638 5067 iure
3696 5010 3918 5085 optare
3972 5007 4187 5083 potest
4228 5023 4333 5066 ro-

2381 5113 2618 5156 manus
2658 5089 2953 5173 populus,
2997 5110 3082 5153 ne
3126 5095 3279 5155 ante
3319 5097 3583 5172 tempus
3623 5097 3865 5171 pereat

2557 5175 2771 5242 Multa
2824 5175 2966 5241 illos
3018 5181 3234 5258 coquat
3275 5177 3359 5240 ad
3411 5176 3569 5239 hanc
3621 5171 4081 5260 confessionem]
4139 5173 4333 5239 Nunc

2382 5263 2461 5328 ad
2520 5264 2805 5327 rationes
2850 5259 3182 5327 descendit
3223 5262 3458 5345 quibus
3501 5259 3780 5343 populus
3824 5279 4133 5324 romanus
4178 5280 4330 5325 con-

2383 5350 2688 5428 vincitur,
2735 5369 2818 5413 ne
2861 5349 3066 5432 possit
3112 5347 3292 5412 salva
3334 5348 3552 5411 fronte
3596 5365 3778 5410 suam
3819 5344 4195 5411 felicitatem
4231 5345 4330 5409 in-
