5100 6061
1892 369 1909 393 r
2009 423 2746 493 PROLEGOMENA.
4117 432 4393 499 XLVII

2035 882 2758 994 CAPUT'Vm.

1733 1086 2666 1185 EPINICION.
2764 1078 3051 1179 1541.

696 1291 982 1357 Carmen
1025 1292 1149 1358 hoc
1195 1291 1574 1376 elegiacum,
1620 1290 1879 1357 Christi
1920 1290 2196 1375 gloriam
2241 1291 2625 1375 prophetico
2667 1290 2854 1374 quasi
2896 1291 3131 1374 spiritu
3174 1291 3525 1372 celebrans,
3572 1294 3839 1359 unicum
3875 1293 4136 1360 Calvini
4180 1296 4391 1362 nostri

390 1404 715 1487 scriptum
760 1410 863 1469 est
904 1404 1074 1487 quod
1120 1425 1410 1487 unquam
1462 1402 1662 1488 ligato
1706 1423 2007 1469 sermone
2062 1423 2181 1468 suo
2224 1403 2489 1467 nomine
2544 1403 2934 1485 inscriptum
2979 1401 3199 1468 edidit.
3293 1403 3517 1487 Neque
3561 1405 3887 1484 edidisset,
3933 1406 4061 1470 nisi
4100 1406 4390 1473 insulsae

386 1523 461 1579 et
499 1514 859 1581 malevolae
916 1515 1399 1599 pontificiorum
1451 1514 1859 1599 quorundam
1916 1515 2280 1580 invectivae
2335 1515 2449 1579 vix
2518 1515 2744 1580 amicis
2798 1515 3132 1598 cognitum
3192 1515 3625 1581 extorsissent
3677 1517 3905 1583 invito.
4006 1518 4159 1601 Ipse
4213 1518 4392 1584 enim

383 1634 621 1692 narrat
676 1626 749 1690 in
803 1627 1318 1711 praefatiuncula
1373 1627 1529 1693 huic
1585 1610 1833 1710 opellae
1889 1632 2114 1710 postea
2167 1627 2527 1709 praemissa
2581 1646 2650 1689 se
2700 1625 2858 1691 olim
2910 1647 3116 1709 quum
3161 1626 3564 1692 Wormatiae
3608 1635 3807 1708 esset,
3853 1629 3933 1694 ab
3977 1630 4390 1713 Argentora-

388 1739 693 1805 tensibus
738 1737 823 1802 ad
865 1740 1125 1804 comitia
1166 1738 1409 1804 ibidem
1454 1737 1758 1804 habenda
1799 1738 2060 1816 missus,
2104 1736 2307 1803 breve*
2347 1738 2470 1803 hoc
2512 1759 2776 1827 carmen
2821 1737 3277 1821 composuisse,
3323 1738 3517 1822 idque
3558 1739 3780 1823 paucis
3821 1739 4253 1806 familiaribus
4296 1740 4390 1819 le-

386 1850 683 1936 gendum
710 1849 995 1916 dedisse.
1097 1849 1231 1931 Qui
1287 1850 1684 1935 apographis
1738 1846 1947 1913 tribus
1999 1854 2114 1914 aut
2156 1850 2439 1931 quatuor
2480 1849 2670 1914 factis
2723 1847 2791 1912 id
2833 1848 3033 1913 latius
3076 1870 3346 1915 manare
3387 1850 3769 1930 voluerunt,
3817 1849 3973 1915 dum
4016 1861 4207 1916 autor
4249 1852 4392 1935 ipse

384 1962 567 2028 inter
609 1983 763 2027 suas
803 1961 1066 2029 chartas
1107 1961 1481 2046 neglectum
1524 1969 1591 2027 et
1633 1959 1962 2043 sepultum
2007 1958 2464 2024 arbitrabatur.
2555 1960 2700 2025 Iam
2743 1968 2893 2042 post
2933 1960 3159 2042 plures
3201 1961 3458 2044 elapsos
3501 1983 3707 2028 annos
3755 1962 4018 2028 rescivit
4057 1982 4175 2045 per
4217 1984 4391 2029 mer-

386 2082 641 2140 catores
675 2095 759 2138 ex
793 2071 1311 2158 lugdunensibus
1344 2072 1656 2138 nundinis
1700 2092 2015 2151 reversos,
2053 2072 2306 2137 curiam
2340 2072 2722 2151 tolosanam,
2767 2072 3081 2138 suadente
3122 2073 3438 2139 monacho
3481 2074 3761 2157 quodam
3804 2074 4203 2156 inquisitore,
4246 2094 4388 2139 car-

381 2206 545 2250 men
598 2184 797 2264 illud,
847 2186 1146 2268 quamvis
1202 2172 1540 2267 nunquam
1584 2185 2004 2268 impressum,
2062 2183 2134 2247 in
2189 2183 2562 2268 catalogum
2617 2183 2934 2249 librorum
2979 2183 3436 2251 damnatorum
3480 2185 3796 2252 retulisse.
3887 2183 4092 2250 Cuius
4135 2186 4234 2250 rei
4275 2208 4388 2251 ru-

379 2317 536 2362 mor
575 2316 780 2380 quum
823 2296 1171 2362 Genevam
1213 2297 1635 2381 pervasisset,
1697 2305 1764 2361 et
1805 2295 2074 2379 plurimi
2116 2294 2197 2359 ab
2241 2305 2469 2360 autore
2484 2348 2499 2374 ,
2561 2297 2861 2379 quisnam
2915 2303 2981 2360 et
3020 2296 3232 2380 qualis
3276 2306 3448 2364 esset
3485 2298 3613 2364 iste
3655 2296 3934 2376 libellus,
3980 2306 4391 2379 quaererent,

377 2408 623 2473 maluit
664 2407 891 2473 statim
935 2406 1146 2488 edere,
1192 2430 1325 2474 non
1370 2408 1580 2474 solum
1622 2414 1699 2471 ut
1740 2407 1941 2472 bonos
1986 2407 2162 2472 viros
2205 2405 2563 2489 quaerendi
2606 2396 2904 2473 molestia
2947 2415 3014 2472 et
3056 2410 3476 2493 semetipsum
3520 2407 3954 2493 respondendi
3998 2406 4393 2490 sublevaret,

388 2520 510 2586 sed
569 2519 765 2585 etiam
823 2527 900 2583 ut
954 2517 1362 2585 adversarios
1416 2519 1997 2584 commonefaceret
2053 2515 2210 2601 quid
2263 2520 2609 2609 prqficiant
2662 2520 2786 2602 ipsi
2855 2520 3089 2585 insana
3151 2542 3273 2587 sua
3336 2520 3860 2604 importunitate,
3933 2520 4014 2585 de
4065 2519 4393 2586 industria

384 2632 581 2716 quasi
626 2633 696 2697 in
741 2630 957 2695 lucem
998 2630 1455 2714 protrahentes
1493 2652 1659 2713 quae
1703 2629 1941 2713 alioqui
1986 2628 2354 2694 latuissent.

445 2740 455 2754 “
699 2741 820 2808 Bis
872 2742 1226 2825 separatim
1280 2743 1673 2825 impressum
1726 2748 1827 2807 est
1880 2742 2003 2806 hoc
2058 2740 2428 2824 Epinicion.
2528 2740 2857 2808 Editionis
2909 2744 3222 2828 principis
3266 2743 3393 2809 duo
3427 2744 3704 2807 'tantum
3758 2743 4162 2826 exemplaria
4213 2752 4390 2809 aeta-

386 2866 528 2924 tem
585 2854 813 2920 tulisse
868 2853 1211 2933 videntur,
1268 2854 1547 2919 alterum
1589 2854 1870 2931 Bernae,
1917 2852 2197 2917 alterum
2239 2852 2541 2919 Basileae
2595 2861 3024 2921 asservatum.
3125 2855 3272 2920 Hoc
3313 2855 3639 2939 posterius
3682 2855 4155 2920 humanissime
4197 2854 4391 2921 nobis

384 2967 856 3037 conferendum
899 2968 1263 3033 transmisit
1317 2966 1444 3030 Vir
1487 2965 1659 3032 Clar.
1706 2966 1784 3029 F.
1831 2962 1915 3028 D.
1956 2963 2270 3045 Gerlach,
2329 2965 2756 3032 bibliothecae
2802 2966 3181 3033 basileensis
3226 2967 3606 3050 praefectus.
3695 2966 3866 3034 Ecce
3910 2966 4052 3032 eius
4087 2966 4385 3033 titulum:

699 3066 1354 3151 EPINIOION.
1427 3071 1438 3176 Ι
1522 3086 1825 3142 CHRISTO
1863 3074 2313 3161 CANTA·ltum
2358 3079 2439 3144 ab
2482 3079 2730 3145 Ioanne
2775 3078 3071 3159 Caluin0,
3123 3081 3131 3164 Ι
3185 3076 3494 3174 Calendis
3537 3079 3849 3159 Ianuarii,
3892 3079 3903 3163 Ι
3940 3100 4128 3144 anno.
4173 3080 4386 3164 1541.1

385 3202 703 3270 (L'vnblema
744 3202 925 3270 madii
953 3199 1223 3268 flammati
1255 3214 1374 3253 eum
1409 3197 1625 3252 duabus
1656 3195 1953 3263 manneus.)
2024 3187 2469 3255 GENEVAE
2523 3190 2531 3276 Ι
2581 3192 2715 3256 Per
2756 3191 3073 3257 Ioannem
3116 3190 3477 3258 Girardum
3530 3190 3540 3276 ι
3596 3195 3778 3256 1544.

695 3305 884 3370 Folio
940 3304 1114 3369 tituli
1171 3323 1359 3368 verso
1413 3300 1654 3385 legitur
1697 3298 1965 3365 Calvini
2015 3300 2331 3384 praefatio
2385 3300 2471 3367 ad
2523 3302 2852 3368 lectorem.
2942 3301 3229 3368 Carmen
3285 3304 3502 3386 ipsum
3558 3303 3904 3386 sexaginta
3960 3309 4025 3367 et
4079 3324 4210 3368 uno
4256 3302 4389 3368 dis-

378 3419 582 3485 tichis
626 3422 936 3483 constans
972 3417 1279 3500 (quorum
1322 3411 1629 3477 ultimum
1672 3418 1894 3476 tamen
1938 3432 1978 3476 a
2020 3414 2293 3478 caeteris
2328 3413 2567 3497 exiguo
2610 3416 2821 3496 spatio
2863 3421 3238 3497 separatum
3273 3414 3581 3496 carminis
3615 3416 3801 3498 quasi
3844 3415 4393 3499 subscriptionem

380 3532 524 3596 sivo
569 3528 947 3595 coronidem
991 3526 1261 3606 dixeris)
1306 3523 1594 3606 quinque
1629 3521 1903 3606 paginas
1948 3523 2216 3604 obtinet,
2263 3545 2396 3589 non
2437 3532 2837 3591 numeratas.
2924 3525 3175 3591 Ultima
3219 3534 3320 3592 est
3361 3546 3587 3606 vacua,
3632 3526 3842 3591 forma
3895 3525 4190 3610 opusculi
4233 3547 4390 3610 qua—

381 3642 667 3708 ternaria
715 3643 948 3704 minor.

697 3752 992 3817 Alterius
1035 3749 1357 3827 editionis,
1403 3765 1568 3830 quae
1610 3743 1923 3829 bilinguis
1967 3754 2084 3826 est,
2125 3747 2390 3814 titulum
2435 3770 2518 3813 ex
2562 3751 2754 3816 unico
2797 3750 3154 3834 exemplari
3198 3748 3696 3834 guelferbytano
3734 3750 4194 3817 describimus:

694 3864 1012 3931 CHANT
1057 3862 1185 3927 DE
1230 3856 1698 3936 VICTOIRE,
1745 3857 2002 3924 CHAN
2005 3860 2120 3925 ΤΕ
2172 3859 2180 3945 Ι
2231 3880 2271 3924 a
2312 3860 2499 3926 Iesus
2533 3859 2762 3926 Christ
2799 3883 2881 3926 en
2923 3883 3074 3927 vers
3118 3861 3355 3927 Latins
3388 3882 3510 3944 par
3544 3862 3636 3927 M.
3673 3863 3882 3928 Iehan
3923 3861 4178 3940 Galum,
4224 3861 4386 3944 l’anl

382 3978 479 4043 M.
502 3977 587 4042 D.
612 3976 806 4055 XLI,
853 3975 915 4039 le
959 3974 1245 4059 premier
1296 3972 1440 4035 iour
1486 3968 1564 4034 de
1609 3969 1908 4051 Ianuier,
1958 3994 1998 4035 a
2040 3971 2104 4035 la
2149 3971 2319 4038 diete
2362 3973 2473 4056 qui
2514 3972 2523 4057 Ι
2559 3994 2726 4057 pour
2767 3972 2902 4037 lors
2945 3993 3016 4039 se
3059 3973 3266 4039 tenoit
3310 3995 3350 4038 a
3393 3974 3717 4039 Wormes.
3834 3983 3844 4050 Ι
3967 3970 4387 4037 NOVVEL-

378 4088 775 4155 LEMENT
820 4085 1236 4151 TRADVIT
1280 4082 1406 4147 EN
1461 4080 1469 4165 Ι
1517 4080 1763 4147 rithme
1806 4083 2191 4166 Franqoise,
2237 4104 2323 4148 en
2364 4105 2516 4151 vers
2559 4083 3023 4164 Alexandrins,
3067 4107 3190 4168 par
3233 4084 3495 4151 Conrad
3545 4086 3553 4169 Ι
3603 4086 3882 4164 Badius,
3929 4084 4008 4149 de
4050 4084 4270 4149 Paris:
4320 4090 4390 4149 et

373 4201 688 4284 imprime
732 4220 853 4282 par
887 4197 1118 4282 iceluy.
1178 4205 1532 4273 (Emblema.)
1621 4200 1715 4264 M.
1739 4198 1824 4263 D.
1848 4195 1996 4261 LV.

664 4309 1041 4376 .Emblema
1083 4308 1255 4391 quod
1297 4310 1609 4375 maiorem
1642 4316 1900 4394 partem
1940 4309 2218 4391 paginae
2261 4314 2531 4391 occupat
2571 4315 3021 4390 repraesentat
3059 4318 3360 4375 PRELVM
3399 4318 3409 4387 Ι
3444 4317 3961 4374 ASGENSIANVM
4000 4308 4141 4374 sive
4180 4307 4389 4390 ipsius

374 4422 800 4489 translatoris
865 4430 930 4487 et
984 4421 1382 4506 typographi
1439 4421 1843 4487 celeberrimi
1899 4418 2092 4484 Badii
2157 4419 2455 4485 Ascensii
2517 4420 2850 4486 officinam
2915 4443 3063 4487 cum
3129 4422 3359 4505 adagio
3413 4441 3611 4502 supra
3663 4430 3730 4485 et
3792 4420 3969 4485 infra
4025 4419 4383 4502 adscripto:

371 4542 615 4598 Homme
648 4542 840 4596 mortel
885 4544 1033 4607 (tant
1076 4557 1179 4610 que
1221 4542 1413 4595 vivant
1447 4542 1628 4606 seras)
1670 4541 1679 4608 Ι
1726 4540 1821 4594 En
1867 4546 1925 4593 ta
1960 4555 2126 4592 meur
2160 4539 2208 4592 le
2236 4541 2375 4608 pain
2412 4545 2472 4593 tu
2507 4521 2813 4610 manqeras.
2888 4540 3077 4596 Genea.
3117 4540 3239 4593 111.
3280 4569 3342 4578 -—
3379 4529 3701 4597 officinae
3744 4532 3992 4615 effigies
4036 4552 4384 4597 ornamen-

372 4647 471 4711 tis
508 4633 1032 4712 architectonicis
1068 4643 1466 4709 circumdata
1497 4652 1616 4710 est.
1687 4644 1932 4707 Forma
1965 4641 2116 4708 libri
2159 4643 2579 4726 quaternaria
2618 4644 2812 4728 paulo
2855 4646 3063 4709 maior
3095 4665 3289 4726 quam
3326 4641 3775 4726 praecedentis
3815 4642 4133 4709 editionis.
4218 4641 4386 4707 Octo

370 4871 547 4936 bicis
593 4867 1040 4933 alexandrinis
1086 4873 1351 4932 centum
1394 4868 1757 4951 nonaginta
1800 4888 1918 4931 sex
1962 4875 2294 4948 concepta,
2339 4867 2576 4949 quibus
2621 4868 3111 4950 subiunguntur
3150 4876 3429 4950 quatuor
3472 4869 3584 4933 alii
3627 4871 3823 4934 etiam
3866 4868 4074 4932 forma
4112 4867 4388 4932 metrica

373 4980 632 5047 diversi
677 4977 1181 5063 (QVATRJN.)
1228 4979 1339 5060 qui
1394 4978 1702 5043 ultimum
1761 4977 1926 5042 illud
1981 4975 2305 5043 distichon
2351 4977 2431 5042 de
2486 5000 2614 5061 quo
2659 4998 2856 5062 supra
2900 4978 3188 5043 diximus
3235 4986 3742 5063 repraesentant.
3832 4979 4085 5062 Pagina
4134 4982 4383 5041 11—16

365 5092 680 5178 sequitur
722 5090 1002 5154 latinum
1047 5089 1471 5173 archetypon.

693 5202 1025 5267 Praefatio
1069 5201 1262 5266 Badii
1298 5222 1466 5283 quae
1508 5201 1660 5266 folio
1716 5201 1891 5266 tituli
1936 5222 2127 5267 verso
2166 5202 2411 5286 legitur
2449 5200 2715 5266 omnino
2759 5199 2958 5284 digna
3001 5212 3102 5268 est
3136 5225 3301 5286 quae
3337 5205 3460 5270 hac
3501 5203 3835 5270 occasione
3877 5201 4029 5266 data
4062 5203 4388 5268 recolatur

354 5327 445 5383 et
481 5315 660 5380 lectu
704 5312 1202 5379 iucundissima:
