5100 6061
302 430 381 489 45
512 447 521 455 -
1736 429 2027 495 LIBER
2068 430 2121 495 1.
2214 430 2516 500 oAPu'r
2560 434 2686 500 111.
2752 433 2871 499 IV.
2995 388 3000 393 ¹
4229 438 4310 502 46

470 613 708 683 Impiger
745 620 1016 669 extremos
1054 616 1220 669 currit
1252 623 1524 670 mercator
1559 618 1628 671 ad
1663 617 1845 687 IndoS,

470 682 578 735 Per
612 699 760 737 mare
796 684 1109 751 pauperiem
1146 683 1371 753 fugiens,
1407 701 1507 753 per
1544 702 1693 753 saxa,
1729 702 1830 754 per
1863 687 2029 755 ignes.

302 769 474 833 Nam
519 790 751 834 verum
787 778 887 834 est
928 770 1102 852 quod
1147 771 1241 834 ait
1278 769 1628 835 Horatius:

713 872 1123 927 Desiderantem
1159 872 1304 939 quod
1341 875 1471 927 satis
1508 880 1609 941 est,
1645 890 1818 941 neque

576 940 597 951 “
714 941 1126 996 Tumultuosum
1164 939 1421 995 sollicitat
1456 959 1619 996 mare.

299 1025 636 1093 Iuvenalis
682 1026 903 1111 Satyr.
950 1027 1123 1091 XIV
1128 1049 1172 1090 .:
1246 1046 1268 1076 ο

713 1130 796 1182 Tu
870 1137 1058 1198 ropter
1090 1128 1235 1182 mille
1272 1129 1480 1183 talenta

401 1197 478 1251 Et
514 1204 728 1251 centum
762 1199 831 1251 vil
858 1215 918 1251 as
957 1199 1273 1252 temerarius
1311 1199 1492 1266 aspice

401 1266 478 1319 Et
512 1266 728 1335 plenum
767 1268 984 1346 magicis
1020 1267 1262 1321 trabibus
1298 1282 1461 1333 mare,
1499 1284 1533 1334 p
1557 1283 1621 1320 us
1656 1269 1925 1324 hominum
1964 1278 2049 1325 est
2083 1273 2185 1325 iam

400 1335 463 1388 In
500 1336 714 1404 pelago,
750 1342 931 1389 vemet
965 1336 1155 1389 classis
1190 1352 1400 1402 quocun
1441 1352 1507 1388 ue
1544 1338 1753 1389 vocarit

404 1402 541 1472 Spes
576 1404 729 1473 lucri,
766 1421 866 1458 nec
903 1404 1250 1472 Carpathium
1286 1403 1426 1457 Getu
1449 1420 1587 1473 aque
1624 1412 1830 1459 tantum

402 1473 657 1540 Aequora
694 1472 961 1526 transiliet
998 1480 1100 1527 etc.

296 1559 689 1642 Propertius
731 1558 898 1623 libro
942 1560 1165 1633 tertio:

541 1660 690 1730 Ergo
729 1662 990 1715 sollicitae
1028 1668 1087 1714 tu
1125 1677 1287 1715 causa
1323 1664 1551 1729 pecunia
1585 1663 1726 1716 vitae
1764 1680 1851 1717 es:

646 1730 753 1783 Per
786 1737 840 1784 te
876 1730 1211 1783 immaturum
1248 1732 1437 1784 mortis
1474 1731 1678 1785 adimus
1714 1733 1832 1785 iter.

1569 1206 1738 1267 ortus,

296 1816 472 1881 Item
489 1838 501 1880 :

542 1901 626 1955 Ite
663 1908 809 1955 rates
848 1917 1058 1965 curvae,
1098 1907 1155 1954 et
1190 1902 1283 1954 leti
1321 1904 1590 1956 contexite
1630 1920 1848 1959 causas:

642 1970 756 2023 Ista
791 1986 890 2037 per
925 1971 1184 2024 humanas
1221 1987 1365 2023 mors
1403 1973 1551 2025 venit
1587 1980 1709 2026 acta
1744 1988 1951 2029 manus.

295 2056 472 2121 Item
487 2076 500 2117 :

565 2141 774 2195 Natura
810 2142 1027 2196 insidias
1064 2148 1286 2209 pontum
1326 2143 1620 2196 substravit
1654 2146 1849 2200 avariS.

478 2223 626 2292 Sive
691 2224 1055 2291 ambitiosus
1119 2226 1410 2291 dominus
1477 2226 1593 2315 est]
1663 2229 1954 2314 Ingenue
2019 2233 2261 2297 fatetur

298 2312 558 2379 Seneca
600 2313 825 2396 quales
868 2314 1115 2378 fuerint
1158 2333 1194 2376 e
1276 2313 1460 2397 egiae
1495 2314 1649 2379 illae
1687 2317 2098 2383 ethnicorum
2124 2319 2259 2384 vir-

296 2407 504 2478 tutes,
566 2421 732 2482 quae
781 2399 975 2482 pleno
1034 2420 1144 2462 ore
1235 2407 1640 2465 ecantantur.
1734 2402 1914 2468 Tolle
1960 2405 2260 2470 ambitio-

294 2506 471 2561 nem,
519 2496 588 2550 et
631 2488 953 2551 fastuosos
995 2485 1263 2566 spiritus
1308 2485 1523 2550 nullos
1578 2482 1877 2567 habebis,
1936 2511 2060 2554 nec
2104 2491 2258 2556 Pla-

294 2578 513 2650 tones,
571 2593 693 2636 noc
749 2571 1064 2647 Catones,
1124 2592 1243 2635 nec
1288 2569 1671 2653 Scaevolae,
1729 2597 1849 2641 nec
1896 2574 2257 2658 Scipiones,

294 2678 415 2721 nec
458 2658 811 2723 Fabricios.
912 2656 1096 2721 Haec
1154 2655 1379 2720 eadem
1436 2662 1759 2725 sententia
1813 2661 1987 2743 apud
2028 2661 2295 2727 Salus-.

293 2744 464 2807 tium
529 2744 806 2827 legitur:
871 2741 1033 2806 Dux
1099 2749 1294 2825 atque
1362 2744 1715 2826 imperator
1773 2748 1946 2812 vitae
2010 2758 2257 2813 morta-

292 2828 459 2893 lium
505 2830 793 2893 animus:
841 2830 955 2912 qui
998 2829 1109 2892 ubi
1155 2828 1238 2891 ad
1283 2829 1558 2912 gloriam
1604 2833 1872 2897 virtutis
1914 2836 2026 2899 via
2153 2856 2256 2899 as-

293 2925 499 2994 satur,
546 2914 803 2979 abunde
848 2924 1077 2997 potens
1113 2914 1489 2996 pollensque
1526 2925 1591 2981 et
1626 2917 1841 2983 clarus
1881 2930 1996 2984 est.
2127 2919 2258 2985 uod

293 3009 357 3066 et
401 3002 627 3067 innuit
670 3000 1007 3085 Vergilius
1053 3001 1381 3065 Aeneidos
1427 3002 1577 3067 VI.:

468 3104 663 3158 Vincet
698 3122 849 3159 amor
885 3104 1109 3172 patriae,
1148 3104 1468 3171 laudumque
1506 3108 1765 3161 immensa
1802 3109 2013 3175 cupido.

468 3189 817 3255 Dexteram
865 3191 1142 3269 flammis
1208 3189 1568 3291 obiecimus]
1642 3193 1787 3258 Hoc
1840 3195 2256 3260 referendum

294 3277 377 3341 ad
436 3275 856 3355 Scaevolam,
916 3277 995 3340 de
1052 3297 1176 3358 quo
1233 3277 1469 3342 Livius
1525 3277 1689 3343 hbro
1746 3280 2057 3345 secundo:
2122 3280 2254 3361 Qui

292 3384 497 3445 quum
555 3375 772 3428 castra
824 3364 1155 3427 Porsenae
1208 3361 1543 3444 ingressus
1599 3366 1875 3430 scribam
1934 3387 2051 3448 pro
2096 3388 2252 3450 rege

289 3471 410 3531 per
462 3469 753 3512 errorem
828 3447 1305 3526 obtruncasset,
1385 3469 1655 3514 accenso
1725 3451 1807 3514 ad
1864 3453 2252 3517 sacrificium

289 3535 502 3600 foculo
549 3534 851 3599 dextram
894 3534 1142 3598 iniecit:
1192 3555 1232 3597 a
1274 3554 1401 3614 qua
1446 3534 1626 3600 clade
1670 3557 1908 3601 nomen
1954 3540 2011 3602 ei
2053 3531 2252 3603 Scae-

293 3621 480 3685 volae
537 3619 820 3684 inditum
832 3644 849 3698 3
906 3639 1205 3684 scaevam
1253 3619 1427 3682 enim
1483 3622 1737 3703 antiqui
1783 3622 2095 3688 dixerunt
2139 3624 2250 3707 qui

293 3708 563 3772 sinistra
628 3715 801 3771 esset
872 3705 1140 3788 agiliore
1209 3726 1399 3787 quam
1470 3705 1719 3772 dextra.
1831 3710 2250 3793 Augustinus

291 3792 458 3857 libro
503 3799 740 3874 quarto
784 3791 887 3856 De
934 3791 1195 3856 civitate
1230 3791 1386 3854 Dei:
1436 3791 1576 3856 Cur
1612 3792 1925 3859 fortitudo
1963 3794 2084 3860 dea
2118 3818 2250 3861 non

292 3886 420 3957 est,
479 3897 646 3960 quae
702 3878 892 3942 affuit
944 3877 1160 3942 Mutio
1220 3898 1419 3959 quum
1478 3876 1777 3943 dextram
1834 3882 2129 3963 porrexit
2180 3882 2250 3946 in

291 3962 640 4028 flammas?
730 3965 1038 4027 Meminit
1081 3971 1148 4027 et
1189 3962 1534 4027 Martialis.

448 4065 464 4072 ·
481 4050 849 4115 Voluntaria
903 4045 1340 4134 subsiluimus]
1412 4049 1551 4113 Aut
1617 4051 1913 4134 tangitur
1979 4051 2251 4116 historia

289 4137 556 4200 Horatii
598 4133 901 4215 Coclitis,
963 4136 1149 4200 cuius
1195 4136 1270 4197 fit
1318 4135 1564 4199 mentio
1610 4136 1784 4219 apud
1826 4137 2097 4202 Livium
2140 4160 2246 4203 eo·

290 4221 446 4286 dem
489 4220 672 4286 libro.
749 4218 974 4301 Quum
1019 4221 1195 4285 enim
1231 4221 1550 4303 impetum
1585 4221 2067 4288 Hetruscorum
2102 4230 2246 4289 tan-

244 4382 259 4390 ·
289 4308 498 4390 tisper
542 4307 988 4385 sustinuisset,
1045 4304 1202 4370 dum
1244 4315 1510 4389 pontem
1554 4305 1918 4374 Sublicium
1963 4309 2246 4374 Romani

288 4381 645 4471 diruerent,
690 4395 761 4457 in
808 4391 1082 4477 Tybrim
1125 4413 1195 4457 se
1239 4393 1534 4470 coniecit,
1580 4404 1648 4458 et
1684 4395 1908 4459 multis
1949 4397 2246 4477 superin-

289 4479 660 4544 cidentibus
704 4485 850 4558 [pag.
893 4483 1003 4556 34]
1045 4479 1189 4542 telis
1231 4479 1574 4544 incolumis
1614 4479 1699 4544 ad
1742 4501 1897 4544 suos
1935 4484 2243 4560 tranavit,

289 4566 373 4630 ob
429 4565 602 4647 quod
658 4565 917 4630 facinus
970 4570 1190 4629 statua
1240 4564 1337 4628 illi
1397 4563 1683 4643 decreta,
1743 4575 1811 4631 et
1868 4566 2082 4632 victus
2128 4588 2244 4631 an-

287 4673 481 4717 nuus.
572 4651 803 4717 Refert
844 4649 1184 4715 historiam
1227 4657 1295 4713 et
1338 4650 1732 4716 Plutarchus
1774 4653 1846 4716 in
1888 4652 2241 4719 Publicola.

289 4738 462 4815 Aut,
523 4737 701 4819 quod
745 4736 1008 4801 videtur
1045 4736 1211 4799 mihi
1256 4758 1409 4801 vero
1454 4759 1594 4803 esse
1649 4739 1947 4821 propius,
2001 4739 2244 4803 intelli-

288 4823 582 4907 gendum
627 4822 706 4888 de
751 4822 1008 4897 Ourti0,
1056 4823 1198 4905 qui,
1247 4829 1322 4886 ut
1364 4824 1598 4889 Livius
1642 4826 1846 4889 refert
1887 4824 2055 4889 libro
2098 4846 2243 4908 sep-

289 4909 470 4988 timo,
518 4917 587 4974 et
628 4909 937 4974 Valerius
980 4906 1146 4971 libro
1190 4909 1434 4990 quinto,
1479 4911 1548 4974 in
1591 4910 1985 4994 profundam
2030 4917 2244 4976 terrae

290 4996 676 5079 voraginem
718 5016 860 5061 sese
902 4993 1321 5076 praecipitem
1367 4993 1563 5073 dedit,
1610 5016 1810 5078 quam
1844 4996 2096 5078 expleri
2134 4996 2244 5061 de-

288 5079 443 5146 bere
500 5081 822 5146 canebant
876 5078 1139 5144 oracula
1202 5100 1279 5143 ea
1333 5101 1404 5145 re
1447 5101 1574 5162 qua
1627 5083 1913 5147 maxime
1957 5083 2245 5156 Romani

289 5166 706 5232 excellerent.
786 5165 959 5230 Vide
1003 5165 1450 5248 Augustinum
1492 5165 1660 5231 libro
1699 5169 1927 5251 quinto
1970 5176 2036 5233 et
2077 5168 2244 5234 libro

292 5261 521 5320 octavo
566 5252 671 5317 De
717 5253 981 5318 civit-ate
1021 5252 1182 5316 Dei.=
1252 5252 1666 5334 Propertius:

574 5355 790 5410 Curtius
828 5354 1059 5423 expletis
1095 5355 1285 5410 statuit
1318 5362 1660 5408 monumenta
1695 5354 1917 5410 lacunis.

2540 623 2862 688 Pressura
2918 643 2983 688 se
3037 643 3111 687 ac
3161 622 3476 711 fractura]
3557 624 3694 689 Alii
3761 624 4009 690 codices
4068 625 4315 691 habent

2364 715 2674 786 stratura,
2722 708 2943 774 eodem
2991 716 3330 773 constante
3375 731 3599 789 sensu,
3648 731 3767 793 pro
3812 732 3887 775 eo
3931 710 4104 794 quod
4148 710 4317 776 dixit

2363 792 2710 858 Horatius:

2741 913 2835 967 Vis
2873 915 3062 967 consili
3098 931 3293 982 expers
3331 916 3470 969 mole
3508 918 3613 969 ruit
3649 933 3776 983 sua3

2743 982 2861 1035 Vim
2899 989 3250 1051 temperatam
3287 983 3339 1036 di
3377 1001 3587 1052 quoque
3624 985 3929 1052 provehunt

2739 1049 2800 1103 In
2839 1052 3026 1117 maim,
3064 1052 3204 1105 idem
3242 1052 3403 1106 odere
3441 1054 3582 1107 vires

2741 1117 2909 1172 Omne
2945 1119 3099 1173 nefas
3137 1122 3294 1173 animi
3329 1128 3624 1175 moventes

3105 1394 3405 1458 CAPUT
3451 1396 3567 1458 IV.

2541 1526 2741 1592 Suam
2778 1528 2988 1609 itaque
3023 1530 3500 1594 incolumitatem
3535 1537 3761 1610 uniant,
3806 1552 3996 1612 quum
4027 1554 4153 1614 pro
4191 1552 4315 1598 uno

2362 1613 2606 1679 homine
2664 1613 2857 1678 denas
2909 1614 3173 1697 leyiones
3237 1617 3305 1677 in
3360 1619 3557 1680 aciem
3611 1617 3937 1696 deducunt,
3998 1640 4190 1699 quum
4244 1622 4314 1684 in

2356 1700 2577 1781 prima
2608 1700 2809 1780 fronte
2832 1706 3235 1781 procurrunt,
3273 1706 3329 1765 et
3364 1704 3630 1768 adversa
3673 1703 4030 1768 vulneribus
4061 1710 4315 1785 pectora

2358 1786 2588 1866 ferunt,
2647 1806 2723 1848 ne
2778 1786 3176 1865 imperatoris
3229 1790 3333 1850 sui
3388 1789 3574 1870 siqua
3633 1793 3967 1853 vertantur.
4057 1788 4181 1854 Ille
4223 1798 4315 1855 est

2363 1871 2528 1935 enim
2570 1871 2885 1935 vinculum
2919 1892 3039 1952 per
3082 1873 3243 1951 quod
3285 1873 3632 1954 respublica
3691 1873 3963 1939 cohaeret
3981 1925 3995 1953 ,
4040 1876 4142 1939 ille
4183 1878 4313 1957 spi-

2362 1957 2524 2020 ritus
2563 1956 2807 2035 vitali-9,
2853 1978 3032 2037 quem
3074 1956 3223 2021 haec
3265 1963 3346 2022 tot
3388 1959 3594 2022 millia
3638 1959 3920 2035 trahunt,
3968 1960 4126 2024 nihil
4169 1964 4313 2042 ipsa

2356 2063 2473 2123 per
2515 2062 2581 2105 se
2619 2044 2856 2123 sutura,
2893 2044 3026 2107 nisi
3070 2064 3226 2107 onus
3270 2050 3327 2108 et
3349 2045 3620 2124 praeda,
3666 2046 3728 2109 si
3760 2065 3935 2110 mens
3977 2046 4093 2111 illa
4127 2049 4313 2128 impe-

2362 2129 2452 2191 rii
2496 2128 2918 2192 subtrahatur.
2987 2128 3172 2211 Rege
3215 2130 3532 2195 incolumi
3577 2151 3766 2194 mens
3811 2132 4112 2196 omnibus
4150 2154 4308 2196 una:

2365 2214 2628 2278 Amisso
2672 2236 2750 2277 ru
2800 2234 2908 2278 ere
2943 2213 3157 2279 fidem.
3249 2216 3376 2279 Hic
3419 2236 3601 2280 casus
3646 2236 3938 2281 romanae
3961 2218 4145 2299 pacis
4188 2219 4316 2283 exi-

2363 2301 2518 2363 tium
2563 2300 2697 2378 erit,
2783 2301 2840 2364 ic
2897 2301 3053 2364 tanti
3109 2301 3427 2381 fortunam
3473 2302 3695 2382 populi
3749 2304 3818 2365 in
3873 2304 4104 2367 ruinas
4159 2308 4310 2385 ayet.

2371 2386 2647 2449 Tamdiu
2692 2386 2768 2449 ab
2792 2387 2929 2459 ,isto
2966 2387 3241 2466 periculo
3286 2387 3482 2452 aberit
3522 2387 3622 2451 hie
3669 2388 3965 2469 populus,
4011 2389 4314 2469 quamdiu

2364 2472 2510 2535 sciet
2540 2473 2706 2552 ferre
2735 2473 2952 2553 frenos
2966 2494 2986 2551 ‚·
3022 2494 3175 2552 quos
3208 2475 3267 2538 si
3307 2475 3554 2553 quando
3592 2474 3931 2554 abruperit,
3967 2475 4061 2539 vel
4102 2475 4313 2556 aliquo

2363 2577 2514 2620 casu
2550 2557 2864 2622 discussos
2897 2560 3112 2638 reponi
3150 2560 3272 2622 sibi
3302 2579 3538 2640 passus
3572 2580 3692 2625 non
3735 2560 3865 2638 erit,
3910 2560 4056 2623 haec
4097 2563 4313 2637 unitas

2363 2646 2419 2706 et
2450 2642 2552 2706 hic
2585 2644 2854 2706 maximi
2897 2644 3152 2723 imperii
3193 2649 3505 2710 contemtus
3546 2647 3617 2708 in
3649 2650 3871 2724 partes
3911 2646 4139 2709 multas
4181 2647 4310 2710 dis-

2362 2728 2558 2792 siliet:
2605 2728 2881 2809 idemque
2915 2728 3060 2793 huic
3102 2730 3244 2794 urbi
3279 2731 3647 2795 dominandi
3677 2730 3831 2809 finis
3873 2732 4006 2809 erit,
4049 2733 4158 2811 qui
4190 2754 4313 2813 pa-

2361 2814 2542 2877 rendi
2595 2814 2803 2894 fuerit.
2906 2814 3058 2879 Ideo
3105 2817 3428 2897 principes
3482 2836 3786 2897 regesque,
3845 2822 3900 2878 et
3955 2837 4311 2898 quocunque

2362 2900 2488 2964 alio
2527 2900 2773 2969 nomine
2805 2904 2951 2963 sunt
2983 2905 3212 2964 tutores
3245 2906 3446 2965 status
3475 2902 3738 2981 publici,
3783 2921 3902 2964 non
3949 2906 4037 2965 ast
4075 2904 4311 2965 mirum

2361 2986 2570 3049 amari
2623 2986 2796 3051 ultra
2839 2987 3139 3066 privatas
3195 2989 3382 3051 etiam
3438 2986 3930 3052 necessitudines.
4021 2986 4192 3051 Nam
4247 2989 4310 3052 si

2360 3073 2539 3136 sanis
2575 3071 2929 3137 hominibus
2950 3071 3212 3153 publica
3236 3075 3515 3155 privatis
3539 3074 3788 3153 potiora
3824 3079 3988 3149 sunt,
4025 3074 4309 3153 sequitur

2359 3163 2428 3221 ul
2470 3159 2529 3221 is
2572 3178 2806 3239 quoque
2850 3159 3058 3222 carior
3090 3162 3190 3236 sit,
3237 3161 3308 3222 in
3349 3181 3525 3239 quem
3566 3180 3632 3223 se
3673 3159 4027 3238 respublica
4068 3178 4308 3223 conver-

2360 3245 2446 3306 tit.
2544 3243 2712 3308 Olim
2765 3245 2929 3308 enim
2974 3244 3063 3307 ita
3131 3266 3196 3309 se
3248 3247 3457 3324 induit
3508 3245 3882 3326 reipublicae
3929 3243 4164 3309 Caesar
4179 3295 4193 3324 ,
4241 3250 4309 3308 ut

2358 3329 2576 3393 diduci
2639 3330 2904 3394 alterum
2965 3350 3086 3393 non
3144 3337 3351 3411 posset
3414 3333 3549 3395 sine
3616 3331 3944 3410 utriusque
4011 3333 4304 3411 pernicie.

2362 3414 2535 3479 Nam
2577 3421 2646 3478 ut
2688 3415 2788 3479 illi
2828 3416 3073 3480 viribus·
3118 3439 3274 3499 opus
3317 3423 3421 3495 cst,
3468 3419 3558 3481 ita
3599 3423 3654 3480 et
3696 3416 3841 3480 huic
3883 3418 4097 3496 capite.

2528 3541 2675 3614 [pag.
2717 3539 2824 3614 35]
2879 3534 2954 3600 Si
3001 3544 3176 3601 stare
3231 3558 3366 3600 non
3407 3544 3624 3619 potest
3667 3537 3806 3600 sine
3850 3536 4121 3617 imperio
4166 3557 4300 3601 res-

2354 3621 2644 3703 publica,
2706 3622 2761 3684 si
2817 3642 3049 3703 corpus
3108 3645 3189 3686 ox
3246 3622 3474 3687 multis
3518 3622 3893 3686 hominibus
3938 3621 4302 3702 collectum,

2355 3715 2658 3771 truncum
2704 3713 2806 3770 cst
2851 3715 2916 3770 et
2957 3708 3404 3790 imperfectum
3454 3709 3595 3772 sine
3641 3709 3869 3789 capite,
3924 3729 4079 3772 suae
4123 3708 4302 3772 salu-

2353 3794 2441 3857 tis
2497 3800 2656 3858 sunt
2709 3804 3254 3876 propugnatores,
3322 3814 3521 3876 quum
3585 3794 3946 3877 periculum
4003 3813 4042 3855 a
4091 3794 4302 3875 capite

2354 3900 2470 3944 suo
2512 3878 2930 3960 propulsant,
2987 3878 3161 3961 quod
3203 3901 3422 3945 secum
3467 3880 3760 3943 traheret
3809 3880 4122 3942 maiorem
4165 3879 4301 3942 rui-

2352 3986 2526 4029 nam.
2616 3965 2844 4031 Unum
2889 3964 3149 4046 quidem
3195 3965 3531 4029 hominem
3576 3972 3649 4028 ut
3693 3963 4072 4042 defendant,
4118 3984 4303 4028 arma

2352 4050 2655 4128 induunt,
2701 4049 2815 4115 sed
2859 4052 3042 4116 cuius
3095 4050 3510 4115 incolumitas
3556 4049 3850 4114 omnium
3892 4048 4301 4113 incolumita-

2352 4146 2484 4201 tem
2541 4135 3020 4219 complectitur:
3084 4157 3278 4219 quem
3332 4137 3388 4200 si
3456 4136 3795 4213 deserunt,
3864 4133 4176 4216 praedam
4232 4157 4301 4199 se

2349 4223 2599 4287 faciunt
2640 4222 2953 4287 hostibus.
3044 4224 3126 4286 In
3173 4223 3292 4288 hoc
3337 4242 3565 4305 pacem
3607 4222 3930 4305 publicam
3972 4228 4038 4284 et
4082 4221 4301 4302 priva-

2349 4318 2516 4384 tam,
2577 4309 2835 4390 imperii
2887 4311 3289 4374 maiestatem
3314 4361 3327 4388 ‚
3383 4308 3681 4372 fortunas
3726 4304 4111 4371 domesticas
4155 4327 4300 4388 pos-

2351 4392 2582 4459 sident.
2674 4394 2843 4459 Cum
2898 4395 3022 4461 hoc
3077 4396 3294 4459 omnia
3342 4399 3634 4477 pereunt.
3726 4391 3893 4473 Quis
3937 4393 4066 4456 iam
4114 4390 4300 4457 dubi-

2349 4488 2448 4545 tet
2504 4480 2631 4546 hac
2686 4479 2984 4545 mercede
3038 4481 3371 4564 proposita
3424 4478 3603 4543 mille
3659 4478 3976 4543 mortibus
4027 4500 4097 4542 se
4140 4478 4299 4543 obii-

2350 4566 2539 4631 cere?
2601 4580 2875 4648 pareant
2925 4569 3099 4631 enim
3157 4587 3421 4632 necesse
3478 4573 3579 4630 est
3633 4566 3688 4629 si
3743 4586 3812 4630 se
3868 4586 3942 4629 ac
4000 4584 4117 4628 sua
4160 4584 4294 4628 ser-

2350 4674 2506 4718 vare
2550 4652 2774 4716 velint.

2520 4738 2741 4803 Deua-s
2784 4738 3051 4820 leyioncs
3093 4738 3162 4801 in
3209 4739 3405 4803 aciem
3449 4735 3784 4823 deducunt]
3845 4737 4045 4817 Atqui
4091 4734 4296 4799 multo

2346 4825 2571 4908 plures
2610 4823 2910 4890 Caesaris
2954 4824 3238 4908 Augusti
3293 4823 3584 4908 legiones
3639 4824 3917 4887 fuerunt.
4006 4820 4075 4885 Is
4120 4822 4297 4884 enim

2348 4917 2630 4993 quatuor
2674 4918 2741 4974 et
2794 4908 3232 4993 quadraginta
3283 4908 3573 4993 legiones
3619 4929 3751 4973 non
3796 4907 3996 4972 semel
4038 4912 4296 4970 tantum

2350 4998 2664 5072 armavit,
2720 4995 2833 5060 sed
2891 4995 3252 5060 ordinarias
3310 4995 3540 5061 habuit
3583 4995 3665 5059 ad
3721 4992 3998 5057 tutelam
4052 4992 4147 5056 rei
4191 5013 4294 5056 ro-

2348 5103 2602 5147 manae.
2694 5079 2870 5160 Quid
2915 5090 3133 5146 autem
3179 5082 3266 5146 sit
3307 5081 3495 5165 legin,
3541 5103 3672 5144 non
3717 5080 3876 5145 satis
3920 5079 4093 5142 inter
4126 5077 4294 5143 clas-

2349 5170 2515 5234 sicos
2568 5176 2826 5232 autores
2884 5168 3207 5232 convenit.
3305 5167 3703 5233 Plutarchus
3745 5165 3916 5229 enim
3963 5171 4153 5227 autor
4194 5170 4296 5228 est

2348 5253 2706 5319 Romulum
2751 5253 3050 5320 divisisse
3103 5255 3511 5319 iuventutem
3555 5270 3894 5316 romanam
3937 5250 4008 5313 in
4051 5249 4292 5314 milita-

2349 5362 2453 5405 res
2508 5339 2797 5420 ordineS,
2866 5361 3142 5423 quorum
3194 5340 3464 5424 quilibet
3516 5336 3810 5420 peditum
3876 5336 4006 5400 tria
4068 5335 4291 5416 millia,
