5100 6061
2135 1774 2789 1874 EPISTOLA
2872 1776 3330 1871 PRIMA.

923 1965 1052 2030 DE
1114 1961 1629 2031 FUGIENDIS
1696 1960 2177 2028 IMPIORUM
2242 1959 2689 2027 ILLIOITIS
2760 1959 3125 2039 SAGRIS,
3183 1962 3303 2025 ΕΤ
3367 1961 3838 2028 ΡΠΒΙΤΑΤΕ
3896 1958 4533 2027 OHRISTIANAE

2077 2082 2307 2147 RELI
2319 2080 2642 2148 GIONIS
2704 2079 3362 2148 OBSERVANDA.

976 2292 1259 2356 Ioannes
1303 2287 1620 2354 Calvinus
1672 2288 1918 2371 optimo
1974 2287 2116 2353 vil-0
2165 2295 2232 2353 01»,
2287 2289 2493 2352 amjoo
2538 2289 2675 2352 gin.
2725 2274 2729 2321 Ι
2776 2270 3049 2335 minime
3089 2270 3483 2370 respondere
3530 2271 3960 2353 conspiciam:
4009 2270 4133 2335 hac
4174 2276 4397 2333 tamen
4440 2270 4510 2333 in
4553 2275 4741 2349 parte

1152 2375 1364 2460 gulari
1406 2375 1488 2439 N,
1538 2374 1606 2439 S,
2781 2362 2928 2436 [pag.
2976 2362 3042 2435 4]
3089 2366 3505 2439 praesertum,
3562 2357 3935 2439 plerosque,
3992 2356 4127 2421 fere
4189 2374 4413 2420 omnes
4474 2376 4514 2419 a
4566 2363 4770 2420 recta·

2781 2444 2889 2508 via
2928 2440 3240 2508 decedere
3280 2441 3482 2508 video.
3554 2443 3782 2525 Neque
3819 2442 4011 2508 valde
4061 2461 4218 2507 sane
4269 2439 4586 2523 impedita
4631 2462 4736 2506 res

2780 2538 2896 2606 est,
2921 2528 3266 2594 consilium
3303 2527 3424 2595 hac
3460 2527 3540 2594 de
3581 2551 3652 2594 re
3675 2528 3851 2607 dare,
3898 2530 3952 2593 si
3981 2537 4045 2594 te
4067 2529 4140 2592 in
4165 2528 4293 2592 Dei
4325 2526 4736 2609 disciplinam

2781 2622 2992 2679 totum
3037 2612 3405 2694 tradideris,
3453 2629 3729 2697 tuosque
3767 2616 4038 2681 affectus
4081 2633 4310 2678 omnes
4353 2612 4493 2678 eius
4539 2612 4736 2679 verbo

2782 2699 3139 2765 domandos
3164 2701 3554 2784 permiseris.
3634 2700 3770 2766 Sed
3793 2701 4010 2766 nescio
4046 2697 4371 2782 quomodo
4394 2698 4565 2763 bona
4584 2719 4734 2781 pars

2781 2794 3078 2852 nostrum
3133 2786 3429 2869 improba
3481 2788 3852 2852 temeritate
3905 2785 4223 2851 adversus
4278 2786 4418 2849 eius
4457 2784 4737 2867 imperia

2782 2871 3118 2937 interdum
3175 2873 3607 2951 exsultamus,
3667 2894 3741 2938 ac
3799 2873 3880 2938 iis
3938 2871 4326 2953 contemptis
4343 2920 4358 2949 ,
4404 2877 4518 2934 aut
4561 2880 4737 2936 certe

2783 2958 3066 3038 omissis,
3126 2957 3400 3043 ideoque
3459 2975 3523 3024 et
3570 2958 3990 3042 contemptis,
4039 2978 4266 3022 earum
4307 2977 4530 3021 rerum
4574 2978 4737 3040 quas

2782 3047 3097 3110 acerrime
3132 3046 3584 3128 prohibebant,
3610 3046 3657 3126 ¹)
3695 3045 4047 3122 licentiam,
4073 3043 4327 3127 quoties
4348 3042 4527 3122 libet,
4553 3043 4737 3109 nobis

2780 3132 3074 3198 facimus,
3145 3132 3363 3213 Atque
3407 3130 3475 3195 id
3519 3132 3934 3215 potissimum
3988 3132 4062 3195 in
4105 3130 4435 3213 praesenti
4476 3129 4738 3213 negotio

2781 3240 2904 3282 usu
2949 3218 3176 3282 venire
3221 3217 3400 3282 solet.
3471 3215 3697 3297 Quum
3733 3217 3911 3281 enim
3947 3218 4013 3295 ii,
4051 3216 4166 3300 qui
4202 3217 4375 3280 inter
4409 3215 4576 3280 tales
4621 3236 4737 3281 an-

2781 3305 3036 3387 gustias
3094 3311 3473 3382 versantur,
3520 3303 3746 3385 quales
3789 3313 3855 3367 te
3899 3324 4074 3367 nunc
4116 3303 4573 3380 circumstant,
4616 3323 4738 3368 neo

2781 3387 3327 3471 tranquillitatem
3380 3410 3450 3454 se
3507 3410 3697 3454 suam
3751 3390 3952 3467 tueri,
3991 3410 4113 3454 nec
4157 3409 4305 3453 cum
4348 3387 4428 3452 iis
4470 3388 4738 3470 quibus-

2727 3497 2732 3520 ³
2783 3496 2935 3540 cum
2990 3475 3258 3552 vivunt,
3314 3475 3599 3540 retinere
3654 3496 3723 3539 se
3779 3496 3967 3557 posse
4022 3471 4437 3539 concordiam
4482 3476 4736 3557 prospi-

2783 3562 2983 3638 ciunt,
3030 3561 3160 3626 nisi
3203 3582 3430 3625 eorum
3472 3560 3877 3625 idololatriae
3914 3558 4281 3626 simulando
4323 3558 4735 3643 indulgeant,

2781 3654 2968 3712 tanta
3021 3647 3144 3711 hac
3189 3645 3574 3711 difficultate
3617 3648 3862 3712 obsessi
3917 3655 4114 3729 atque
4150 3644 4450 3729 impliciti
4463 3697 4480 3724 ,
4526 3647 4736 3730 mag-is

2783 3731 2939 3816 quid
2977 3732 3098 3798 sibi
3127 3731 3448 3814 expediat,
3489 3754 3685 3816 quam
3708 3732 3865 3815 quid
3889 3733 4032 3797 Deo
4055 3732 4330 3815 placeat:
4369 3733 4582 3815 magis
4604 3751 4735 3814 quo

2783 3818 2976 3883 modo
2999 3819 3297 3883 homines
3321 3817 3611 3883 habeant
3643 3819 3980 3902 propitios,
4006 3838 4203 3901 quam
4224 3838 4351 3901 quo
4373 3815 4521 3881 Deo
4544 3819 4735 3883 satis-

2782 3905 3042 3984 faciant,
3068 3905 3377 3987 cogitant.
3446 3904 3726 3968 Interim
3761 3904 4207 3969 defensionem
4233 3923 4494 3986 quoque
4527 3903 4736 3968 medi-

2783 3998 3028 4069 tantur,
3075 4011 3204 4073 qua
3237 4005 3399 4055 ‘suas
3437 3991 3866 4056 conscientias
3910 3996 4168 4054 arment
4210 4009 4430 4054 coram
4451 3989 4580 4053 Dei
4616 3990 4736 4054 tri-

2785 4076 3036 4141 bunali:
3085 4097 3155 4140 se
3192 4076 3460 4140 minime
3494 4078 3862 4141 consentire
3905 4075 4205 4140 interiori
4240 4073 4454 4140 cordis
4497 4075 4738 4141 affectu

2784 4163 2856 4226 in
2902 4162 3107 4227 ullam
3150 4162 3581 4244 impietatem:
3628 4160 3742 4227 sed
3773 4160 4048 4238 modica,
4088 4181 4292 4243 eaque
4336 4161 4605 4226 innoxia
4650 4162 4735 4228 si-

896 2497 1039 2580 Ego
1066 2516 1240 2574 vero,
1278 2495 1667 2560 amicissime
1702 2495 1923 2572 frater,
1963 2493 2421 2559 molestissime
2456 2501 2678 2560 tecum

725 2584 892 2663 fero,
949 2604 1023 2648 ac
1075 2602 1193 2665 pro
1248 2601 1324 2645 eo
1373 2590 1451 2644 ut
1493 2580 1726 2660 debeo,
1784 2581 1961 2647 vices
2016 2586 2165 2645 tuas
2220 2581 2520 2645 miseror:
2569 2582 2676 2644 cui

726 2667 1021 2734 nondum
1064 2688 1148 2733 ex
1190 2666 1305 2732 illa
1325 2665 1633 2751 Aegypto
1669 2687 2005 2750 emergere
2046 2666 2257 2745 liceat,
2302 2667 2371 2729 in
2406 2688 2535 2749 qua
2578 2673 2679 2730 tot

725 2755 1052 2820 idolorum
1084 2752 1618 2835 idololatriaeque
1662 2760 1967 2834 portenta
2005 2751 2437 2817 obversantur
2461 2755 2509 2833 ¹)
2556 2752 2679 2817 tibi

727 2838 1002 2918 assidue,
1028 2860 1104 2904 ac
1128 2838 1334 2905 oculis
1366 2839 1500 2903 tuis
1533 2838 1961 2923 ingeruntur:
2009 2838 2091 2901 ad
2124 2859 2405 2921 quorum
2434 2839 2678 2902 famam

726 2947 932 3009 quum
976 2927 1122 3008 piae
1172 2945 1364 2990 aures
1420 2923 1951 3007 perhorrescant,
2012 2926 2342 3007 praesenti
2410 2931 2678 3007 aspectu

725 3012 946 3079 oculos
988 3011 1302 3097 (quorum
1345 3010 1594 3078 scilicet
1636 3020 1704 3077 et
1745 3011 2139 3077 tenerrimus
2183 3019 2283 3076 est
2318 3032 2569 3091 sensus,
2614 3017 2680 3076 et

723 3100 1179 3166 vehementius
1223 3097 1531 3178 afficitur)
1578 3118 1777 3181 supra
1820 3117 2018 3180 quam
2062 3097 2190 3162 dici
2232 3105 2447 3180 potest
2462 3148 2479 3175 ,
2525 3117 2676 3180 gra-

725 3186 898 3252 viter
926 3184 1203 3266 offendi,
1247 3204 1368 3265 par
1409 3192 1527 3249 est.
1618 3181 1889 3267 Cogeris
1936 3190 2228 3264 spectare
2275 3184 2377 3264 (ut
2416 3182 2676 3267 narras)

724 3272 796 3335 in
838 3271 1180 3335 monachis
1225 3275 1292 3333 et
1335 3268 1717 3334 sacrificulis
1751 3268 1971 3333 foedas
2013 3269 2370 3351 impietatis
2411 3269 2675 3347 formas,

726 3357 798 3420 in
840 3356 1031 3439 plebe
1066 3354 1246 3419 mille
1282 3375 1526 3438 genera
1560 3354 2122 3436 superstitionum,
2161 3353 2445 3437 plurima
2480 3375 2677 3419 verae

726 3442 1062 3525 religionis
1085 3438 1397 3506 ludibria:
1435 3439 1669 3522 quibus
1702 3441 1921 3504 omnia
1954 3441 2101 3505 istic
2137 3449 2391 3505 scatent
2427 3449 2497 3506 et
2530 3462 2677 3524 per-

727 3533 1046 3610 strepunt.
1092 3525 1157 3591 A
1177 3526 1412 3609 quibus
1435 3525 1823 3609 spectaculis
1846 3525 1959 3608 qui
1981 3525 2184 3591 oculis
2217 3527 2350 3591 suis
2379 3536 2676 3609 parcunt,

729 3633 842 3679 eos
884 3612 1107 3677 beatos
1143 3612 1475 3676 existimo:
1512 3622 1747 3694 praeut
1779 3611 1896 3676 illa
1930 3621 2034 3676 est
2056 3620 2187 3691 tua,
2232 3633 2429 3694 quam
2452 3612 2677 3691 refers,

726 3720 883 3765 vere
936 3699 1179 3764 misera
1220 3698 1592 3764 necessitas.
1694 3698 1777 3762 In
1831 3699 2060 3781 primis
2110 3718 2267 3762 vero
2282 3750 2297 3776 ,
2345 3720 2679 3763 summum

728 3783 898 3850 illud
941 3782 1502 3848 abominationum
1546 3784 1840 3848 omnium
1885 3791 2105 3866 caput,
2150 3784 2377 3862 Missa,
2423 3793 2679 3868 specta-

729 3871 930 3936 bilem
965 3891 1036 3935 se
1080 3889 1156 3934 ac
1190 3868 1532 3935 visendam
1568 3869 1852 3948 exhibet,
1892 3890 1967 3934 ac
2001 3870 2176 3934 inter
2209 3870 2494 3952 reliquas
2539 3892 2677 3934 om·
2728 3897 2733 3934 ι

726 3977 846 4021 nes
867 3956 1194 4038 nequitiae
1228 3962 1450 4037 partes
1486 3955 1680 4039 longe
1716 3957 2183 4038 supereminet:
2223 3957 2293 4021 in
2327 3978 2459 4039 qua
2490 3956 2678 4038 quid·
2728 3941 2733 3998 Ι

728 4041 885 4125 quid
940 4041 1480 4107 sceleratissimae
1538 4042 1893 4124 impietatis
1938 4042 2212 4124 cogitari
2255 4049 2485 4124 potest,
2530 4063 2679 4125 per-

726 4134 1045 4210 petratur.
1132 4126 1537 4192 Huiusmodi
1592 4127 1961 4209 spectacula
2018 4128 2074 4191 si
2127 4126 2379 4192 ludicra
2437 4136 2677 4225 essent,

725 4221 995 4312 pospent
1028 4213 1193 4277 forte
1227 4212 1342 4277 abs
1378 4221 1444 4277 ιθ
1479 4212 1706 4313 ¹'.¹d‘?¹‘¹³
1754 4232 1929 4312 ”³¹3⁰
1972 4221 2195 4277 autem
2235 4213 2347 4313 ΨΜ
2391 4235 2680 4279 mame
2782 4248 3141 4312 mulatione
3177 4268 3246 4311 se
3281 4249 3447 4312 inire
3482 4248 3824 4324 rationem,
3863 4268 3992 4330 qua
4025 4247 4479 4329 imperitorum
4523 4246 4734 4312 homi-

728 4321 900 4398 sima
940 4305 1114 4376 sum*
1151 4318 1302 4362 oum
1338 4320 1729 4398 ffiwsmma
1764 4297 1829 4362 D
1834 4298 2340 4398 ⁰¹.⁰⁰¹¹m.m.‘³ha’
2387 4320 2523 4397 {¹⁰¹²
2560 4299 2680 4364 du*
2729 4327 2736 4436 1
2784 4355 2947 4398 num
2991 4334 3401 4417 ignorantiae
3458 4331 3720 4397 cedant:
3777 4332 4017 4414 quibus
4061 4334 4154 4398 sic
4197 4331 4434 4397 melius
4477 4333 4736 4398 oonsul-

726 4385 863 4450 ΒΨ)
892 4384 1087 4467 (quae
1110 4392 1225 4448 ¹²⁰²
1248 4391 1348 4449 ⁹⁸¹³
1383 4390 1620 4468 metas)
1664 4406 1821 4467 qum
1854 4383 2053 4482 bfl⁰¹3¹
2087 4383 2450 4484 nb¹.¹¹.¹³g¹⁸
2484 4405 2679 4467 quam
2731 4447 2735 4474 ÷
2785 4421 2921 4484 turi
2975 4419 3136 4496 sint,
3191 4420 3245 4481 si
3292 4439 3418 4501 qua
3471 4417 3619 4501 spe‘s
3673 4428 3773 4484 est
3824 4440 3934 4483 eos
3977 4418 4224 4484 erudiri
4282 4438 4497 4501 posse:
4556 4427 4737 4484 certe

729 4471 1026 4553 splenem
1047 4476 1373 4547 moveant,
1399 4470 1505 4534 vel
1525 4470 1851 4556 lacrymas
1891 4478 2109 4554 ponus
2144 4470 2421 4538 ehciant.
2487 4469 2681 4551 Quod
2730 4483 2737 4558 ι
2784 4525 2946 4588 quos
2991 4525 3248 4569 summo
3291 4525 3407 4568 suo
3450 4503 3775 4586 periculo,
3833 4503 4013 4569 nuno
4066 4505 4314 4582 fructu,
4369 4505 4603 4569 maiori
4658 4504 4735 4568 li,

729 4564 951 4621 auoem
972 4573 1251 4653 ,mmmm
1278 4553 1665 4654 ‚deliberaffi
1709 4578 1838 4640 qua
1892 4565 1959 4655 Ψ
2015 4556 2297 4635 ηὔθῃθ»
2335 4558 2519 4654 ,ἰῃωῐ
2567 4578 2680 4622 ne'
2730 4563 2736 4642 5
2785 4592 3036 4655 bertate
3092 4590 3352 4654 irritare
3409 4590 3684 4653 stultum
3745 4591 3844 4654 sit.
3927 4590 4180 4655 Verum
4235 4589 4477 4655 talibus
4529 4589 4736 4655 initiis

726 4642 927 4707 fanda
966 4640 1085 4705 ¹11³
1128 4638 1469 4722 saerssegm'
1513 4649 1579 4704 et
1619 4642 1983 4726 BabYIOmS
2029 4664 2137 4708 ‘³⁰¹‘
2139 4642 2284 4721 ‘1⁶⁸’
2329 4664 2401 4705 m
2445 4642 2681 4740 qlfibm
2731 4649 2735 4656 .
2785 4677 3087 4742 videmus
3131 4675 3392 4739 ruinam
3430 4695 3617 4739 suam
3652 4676 4036 4759 auspicatos,
4082 4675 4316 4758 quibus
4350 4676 4477 4742 hac
4512 4685 4737 4743 nostra

731 4748 850 4811 1³¹⁰
915 4726 1228 4827 “3⁰9⁰OE
1293 4746 1639 4808 rerumque
1706 4735 1974 4792 tuarum
2033 4728 2402 4828 qonditim'fl
2448 4750 2680 4827 ‚ssvere
2782 4763 3097 4827 memoria
3140 4760 3443 4844 contigit,
3489 4760 3655 4825 velis
3698 4769 4060 4827 retrorsum
4107 4761 4301 4840 datis,
4357 4762 4436 4826 in
4470 4763 4736 4827 naufra-

728 4797 908 4962 ffifimo
956 4811 1078 4877 ὧι
1119 4831 1385 4932 neoess‘?
1428 4821 1530 4910 9⁵¹³
1544 4863 1560 4890 ’
1606 4834 1847 4913 plnum
1880 4812 1946 4876 D
1950 4834 2169 4879 ⁰m¹¹¹⁰
2194 4822 2408 4912 ,atque
2443 4814 2679 4912 lmpql’
2785 4850 2965 4932 gium
3008 4868 3372 4925 recurrere,
3426 4845 3599 4910 unde
3656 4855 4020 4912 enatarant.
4107 4847 4443 4929 Principio
4459 4899 4476 4927 ,
4533 4868 4738 4931 quum

758 4906 945 4963 utum
999 4917 1347 4965 conserves
1365 4948 1378 4961 .
1433 4895 1819 4996 1d0q131d0m
1876 4920 1995 4983 ego
2046 4900 2445 4983 perlibenter
2492 4899 2677 4979 facio,
2782 4954 3095 5018 magnum
3131 4932 3236 4998 vol
3272 4932 3341 4995 in
3377 4941 3727 5014 conspectu
3771 4933 4121 4999 discrimen
4165 4942 4355 5010 osset,
4402 4935 4458 4998 si
4497 4933 4736 5017 quibus

730 4991 869 5048 *¹⁰¹3
922 4992 999 5049 ¹¹¹³
1053 5006 1149 5082 0³.
1187 4983 1267 5048 de
1322 5003 1395 5048 re
1439 5004 1642 5048 anum
1684 4986 1813 5048 mei
1858 5006 2147 5084 Sensum.
2165 4986 2289 5051 fibi
2332 5005 2676 5084 9¹P⁰nam²
2782 5021 2855 5083 in
2898 5019 3095 5084 rebus
3149 5017 3488 5103 oportebat
3541 5019 3828 5103 ingenue
3879 5021 4345 5103 profiterentur
4387 5019 4558 5102 quod
4616 5020 4736 5084 ha-

733 5090 935 5152 eoque
978 5092 1208 5154 mag-is,
1250 5069 1423 5152 quod
1465 5090 1669 5151 quum
1712 5070 1953 5136 multos
1996 5071 2207 5151 hodie,
2254 5092 2365 5154 qm
2408 5078 2679 5155 gustum

729 5155 860 5220 Dei
881 5155 1160 5239 aliquem
1185 5156 1555 5240 percepisse
1584 5154 1793 5221 videri
1827 5155 2076 5236 volunt,
2113 5157 2497 5253 professioni
2520 5178 2677 5223 suae

2921 5275 2978 5341 1)
3020 5274 3169 5329 Edd.
3208 5274 3344 5330 1576
3378 5291 3518 5346 seqq.
3554 5276 3869 5331 mendant.-
3917 5275 4256 5345 prohibeant.
4332 5275 4559 5331 Gallus.-
4605 5274 4732 5346 qu’il

867 5341 926 5406 1)
965 5343 1333 5413 observantur,
1370 5342 1523 5399 1552.
1565 5342 1715 5400 1576.
1755 5341 1906 5412 1597,
1944 5359 2080 5400 vous
2114 5352 2240 5400 sont
2273 5359 2344 5399 au
2379 5345 2582 5401 devant
2614 5345 2677 5400 G.
2783 5361 2920 5400 nous
2958 5344 3168 5400 defend.
