5100 6061
362 412 480 475 325
2022 410 2700 480 cATEofflSMUS.
4249 420 4373 484 326
4496 403 4505 418 ‘

364 609 498 664 tam
566 597 806 663 molem
860 604 927 662 et
979 596 1342 662 condiderit
1443 606 1508 662 et
1566 620 1742 663 nunc
1796 606 2145 665 sustentet·
2207 620 2308 664 sa-
2359 607 2364 628 ’

362 686 691 770 pientiam,
739 704 904 767 quae
948 691 1198 748 tantam
1240 704 1316 747 ac
1352 648 1497 747 'tam
1541 685 1876 750 confusam
1919 651 2310 751 variet'atem
2360 659 2364 800 i
2866 636 2992 701 DE
3038 637 3394 703 LIBERO
3443 629 3916 707 ARBITRIO'

363 771 589 838 ordine
646 779 782 834 tam
837 768 1140 835 distincto
1196 770 1631 851 composuerit
1684 778 1750 835 et
1802 778 2117 854 perpetuo
2173 793 2309 836 mo·
2586 773 2942 839 Hominem
2979 796 3120 840 esse
3165 778 3411 858 peccati
3450 797 3718 844 servum
3753 785 4084 844 testantur
4126 780 4369 863 passim

367 858 630 924 deretur
641 881 658 936 3
701 857 1076 934 bonitatem,
1138 875 1303 938 quae
1356 856 1499 938 ipsa
1556 856 1677 922 sibi
1733 877 1930 922 causa
1986 858 2185 921 fuerit
2235 864 2312 921 ut
2414 859 2805 942 scripturae:
2853 881 2979 943 quo
3018 861 3446 946 significatur,
3477 863 3617 929 eius
3638 865 3979 949 ingenium
4008 865 4101 931 sic
4125 866 4369 932 aliena·

369 945 525 1009 haec
568 949 953 1009 crearentur
990 950 1057 1007 et
1091 962 1271 1006 nunc
1313 942 1679 1008 consistant
1690 967 1705 1022 ;
1755 943 2094 1022 iustitiam,
2142 964 2308 1027 quae
2416 951 2557 1008 tum
2603 966 2643 1009 a
2684 946 2811 1011 Dei
2854 947 3116 1026 iustitia,
3155 955 3230 1012 ut
3272 947 3435 1012 nihil
3473 971 3604 1014 non
3641 951 3937 1034 impium,
3975 957 4365 1031 contortum,

364 1032 431 1095 in
474 1029 850 1095 defensione
893 1028 1181 1113 piorum,
1243 1028 1593 1111 impiorum
1635 1049 1794 1095 vero
1839 1029 2083 1095 ultione
2128 1031 2308 1093 miri·
2412 1031 2731 1113 iniquum,
2777 1032 3132 1115 impurum,
3179 1034 3513 1116 concipiat,
3561 1055 3766 1102 conen
3812 1037 3997 1117 iscat,
4043 1037 4368 1103 moliatur.

365 1118 480 1182 fice
525 1137 596 1181 se
637 1117 910 1199 profert3
965 1112 1507 1191 misericordiam,
1564 1136 1731 1198 quae
1784 1115 1867 1179 ad
1927 1116 2308 1199 resipiscen-
2414 1115 2549 1182 Cor
2603 1118 2781 1181 enim
2837 1120 3080 1200 peccati
3140 1140 3391 1185 veneno
3435 1121 3701 1203 penitus
3791 1124 4138 1202 elibutum,
4201 1124 4368 1189 nihil

369 1204 525 1268 tiam
614 1222 698 1267 uo
743 1222 863 1265 nos
903 1207 1119 1275 vocet,
1161 1207 1430 1278 ‚nostras
1475 1200 1854 1283 iniquitates
1897 1209 2083 1266 tanta
2124 1223 2310 1267 man·
2416 1223 2610 1287 quam
2668 1205 2916 1285 peccati
2972 1205 3221 1270 fructus
3278 1207 3500 1271 efflare
3558 1215 3789 1291 potest.
3871 1209 4101 1291 Neque
4145 1216 4368 1274 tamen

371 1297 556 1355 suctu
607 1289 619 1303 '
674 1310 709 1352 e
763 1287 1015 1352 tolerat.
1106 1286 1287 1350 Hinc
1338 1285 1600 1368 quidem
1655 1286 1943 1364 abunde,
1991 1297 2308 1370 quantum

2415 1287 2562 1352 ideo
2608 1288 2975 1371 putandum
3021 1298 3146 1368 est,
3204 1290 3536 1358 hominem
3582 1294 3765 1376 quasi
3813 1293 4100 1359 violenta
4143 1316 4368 1361 neces-

369 1374 549 1440 nobis
596 1374 754 1439 satis
798 1381 914 1452 est,
962 1371 1178 1447 doceri
1225 1370 1677 1451 debueramus,
1723 1372 1931 1455 qualis
1976 1375 2062 1439 sit
2104 1375 2308 1452 Deus,

2415 1375 2610 1439 sitate
2653 1382 2951 1441 coactum
2986 1396 3269 1457 peccare.
3334 1377 3680 1463 Delinquit
3720 1379 4055 1444 voluntate
4090 1402 4368 1464 propen-

367 1461 491 1527 nisi
547 1460 628 1525 ad
685 1467 938 1524 tantam
992 1458 1203 1523 lucem
1259 1465 1486 1522 nostra
1541 1457 1867 1523 hebetudo
1934 1460 2304 1526 caecutiret.
2360 1503 2365 1546 ,
2416 1461 2687 1526 sissima.
2757 1459 2894 1527 Sed
2951 1463 3105 1543 quia
3156 1483 3273 1545 pro
3328 1463 3599 1530 affectus
3655 1466 3756 1529 su’i
3818 1467 4232 1548 corruptione
4288 1467 4366 1532 ab

285 1601 286 1606 ,
366 1548 590 1630 Neque
649 1545 787 1611 sola
840 1553 1060 1610 tamen
1118 1544 1427 1609 caecitate
1469 1543 1578 1609 hie
1630 1565 2003 1627 peccamus:
2063 1544 2177 1610 sed
2233 1566 2309 1611 ea
2414 1547 2593 1610 omni
2638 1546 2763 1610 Dei
2801 1547 3051 1612 iustitia
3095 1547 3287 1630 longe
3324 1547 3646 1628 abhorret,
3692 1551 3760 1615 in
3804 1572 3996 1616 omne
4035 1573 4190 1617 vero
4226 1573 4366 1617 ma-

363 1641 592 1706 nostra
634 1639 733 1698 est
777 1631 1199 1715 perversitas,
1262 1651 1429 1712 quae
1474 1631 1542 1693 i'n
1589 1631 1930 1696 censendis
1973 1631 2100 1696 Dei
2157 1653 2307 1714 ope-
2415 1631 2597 1696 litiae
2641 1654 2851 1716 genus
2894 1633 3132 1712 fervet,
3188 1633 3394 1698 libera
3437 1634 3717 1718 eligendi
3763 1636 3916 1701 boni
3962 1659 4037 1703 ac
4070 1637 4227 1702 mali
4273 1639 4367 1702 fa·

367 1718 542 1785 ribus
598 1717 765 1782 nihil
821 1739 953 1782 non
1007 1735 1354 1801 perperam
1397 1735 1474 1779 ac
1516 1724 1934 1799 praepostere
1984 1719 2309 1801 interpre-
2360 1709 2366 1816 1
2414 1719 2679 1798 cultate,
2725 1740 2920 1801 quam
2965 1719 3281 1784 Liberum
3326 1719 3691 1785 Arbitrium
3729 1729 3985 1801 vocant,
4030 1721 4367 1806 praeditus

368 1812 555 1885 tetur,
614 1812 947 1888 totamque
1001 1802 1346 1868 coelestem
1405 1801 1821 1885 sapientiam,
1880 1825 2045 1886 quae
2102 1804 2174 1868 in
2229 1805 2310 1869 iis
2361 1841 2366 1890 3
2415 1825 2559 1869 esse
2604 1811 2901 1888 negatur.

367 1891 702 1976 perspicue
738 1890 1000 1966 relucet,
1038 1910 1305 1973 prorsus
1339 1888 1644 1954 invertat.
1697 1888 2119 1954 Veniendum
2154 1910 2310 1973 ergo
2361 1893 2364 1944 i

368 1978 446 2043 ad
489 1979 619 2043 Dei
661 1976 955 2055 verbum,
1004 1974 1113 2041 ubi
1154 1974 1352 2057 probe
1396 1973 1582 2039 nobis
1618 1995 1657 2038 a
1690 1975 1827 2041 suis
1862 1977 2163 2058 operibus
2200 1974 2310 2041 de·
2361 1969 2366 2046 l
2813 2011 2939 2075 DE
2980 2010 3406 2078 PEGCATO
3452 2013 3572 2077 ΕΤ
3616 2010 3939 2077 MORTE

370 2065 672 2130 scribitur
711 2061 924 2128 Deus:
973 2060 1129 2126 dum
1164 2080 1364 2143 opera
1406 2059 1550 2143 ipsa
1592 2082 1722 2125 non
1768 2083 1849 2125 ex
1893 2061 2116 2127 iudicii
2161 2083 2311 2126 nos·
2361 2065 2367 2106 ¹
3946 2063 3959 2076 '

370 2151 452 2216 tri
494 2150 847 2233 pravitate,
903 2146 1018 2213 sed
1071 2155 1374 2211 aeternae
1419 2147 1716 2211 veritatis
1774 2152 1920 2227 [pag.
1961 2152 2024 2226 4]
2081 2147 2312 2232 regula
2361 2109 2366 2202 i
2588 2149 2940 2213 Peccatum
2987 2148 3057 2211 in
3102 2148 3444 2231 scripturis
3485 2149 3869 2233 appellatur,
3907 2159 4040 2215 tam
4076 2152 4218 2234 ipsa
4253 2174 4368 2217 na-

369 2237 812 2302 aestimantur.
902 2234 1281 2316 Hincergo
1338 2232 1678 2311 discimus,
1739 2233 1958 2298 Deum
2013 2241 2311 2299 nostrum
2415 2244 2607 2298 turae
2678 2233 3005 2299 humanae
3061 2231 3406 2314 vitiositas,
3478 2236 3623 2300 fons
3684 2237 3992 2301 vitiorum
4056 2239 4367 2318 omnium,

369 2343 574 2388 unum
609 2329 806 2404 atque
844 2326 1185 2385 aeternnm
1223 2318 1435 2383 omnis
1470 2320 1662 2398 vitae,
1700 2318 2004 2399 iustitiae,
2051 2321 2308 2402 sapien·
2415 2340 2609 2403 quam
2668 2341 2832 2403 quae
2889 2318 3042 2384 inde
3086 2321 3388 2385 oriuntur
3434 2321 3770 2404 improbae
3826 2322 4241 2404 cupiditates,
4300 2332 4366 2388 et

371 2409 524 2487 tiae,
572 2407 862 2485 virtutis,
918 2406 1254 2482 bonitatis,
1314 2404 1699 2470 clementiae
1754 2406 2000 2470 fontem
2045 2427 2210 2471 esse:
2272 2430 2310 2471 a
2414 2426 2579 2488 quae
2641 2406 2721 2471 ab
2776 2405 2937 2488 ipsis
2993 2405 3456 2489 cupiditatibus
3513 2428 3692 2472 emer
3786 2414 3863 2470 nt
3925 2408 4152 2492 iniqua
4206 2410 4363 2476 faci·

366 2517 487 2577 quo
527 2502 604 2559 ut
648 2494 788 2559 sine
833 2491 969 2556 ulla
1013 2492 1393 2574 exceptione
1445 2490 1593 2555 fluit
1644 2512 1836 2555 omne
1889 2491 2160 2570 bonum,
2217 2493 2312 2557 ita
2414 2512 2603 2556 nora:
2652 2491 2871 2574 qualia
2893 2499 3067 2571 sunt,
3106 2491 3355 2571 caedes,
3401 2494 3593 2571 furta,
3632 2515 3671 2557 a
3718 2492 3972 2572 ulteria,
4020 2503 4089 2559 et
4111 2503 4364 2560 caetera

367 2582 505 2646 laus
559 2579 772 2644 omnis
827 2578 1063 2642 merito
1121 2576 1335 2641 redire
1395 2575 1474 2642 ad
1536 2598 1686 2641 eum
1751 2575 1998 2641 debeat.
2090 2580 2309 2661 Atque
2415 2578 2556 2643 eins
2598 2578 2873 2661 generis.
2940 2577 3077 2642 Nos
3112 2599 3267 2662 ergo
3304 2579 3386 2644 ab
3426 2586 3613 2644 utero
3646 2587 4035 2661 peccatores,
4075 2581 4156 2645 ad
4198 2583 4364 2646 iram

365 2669 521 2734 istac
565 2663 825 2749 quidem
872 2664 1095 2728 omnia
1132 2664 1391 2728 tametsi
1435 2663 1505 2727 in
1552 2663 1829 2746 singulis
1865 2664 2022 2729 coeli
2065 2685 2140 2728 ac
2175 2671 2307 2728 ter·
2415 2672 2481 2728 et
2534 2663 2853 2728 ultionem
2907 2664 3034 2728 Dei
3089 2685 3316 2729 omnes
3372 2665 3737 2730 nascimur:
3802 2664 4039 2743 adulti,
4146 2669 4365 2732 ravius

365 2775 472 2819 rae
518 2750 811 2835 partibus
853 2748 1251 2815 lucidissime
1296 2755 1684 2832 appareant:
1734 2770 2043 2831 quorsum
2089 2759 2308 2815 tamen
2414 2748 2691 2814 subinde
2759 2747 3074 2814 iudicium
3147 2751 3334 2816 nobis
3388 2750 3827 2828 cumulamus,
3896 2757 4032 2814 tota
4131 2754 4367 2835 enique

367 2839 773 2923 potissimum
826 2842 1148 2919 spectent,
1205 2834 1364 2918 quid
1404 2834 1696 2913 valeant,
1755 2857 1952 2918 quem
1994 2836 2064 2900 in
2109 2838 2308 2901 finem
2413 2836 2554 2901 vita
2596 2833 2676 2900 ad
2733 2841 3010 2899 mortem
3064 2835 3537 2919 progredimur.
3617 2836 3788 2900 Nam
3834 2836 3889 2900 si
3934 2857 4192 2899 omnem
4238 2839 4366 2902 ini-

369 2947 407 2991 a
447 2924 635 2990 nobis
679 2922 816 2988 sint
869 2920 1329 3005 intelligenda,
1387 2928 1532 2986 tum
1577 2920 1839 2986 demum
1885 2922 2309 3005 assequimur,
2412 2921 2734 3004 quitatem
2780 2921 2908 2986 Dei
2959 2920 3245 2986 iustitiae
3299 2921 3765 2988 exsecrabilem
3820 2942 3961 2986 esse
4025 2921 4191 2985 nihil
4246 2922 4366 2987 du-

371 3011 522 3078 dum
557 3010 626 3075 in
666 3029 782 3075 nos
817 3008 992 3092 ipsos
1029 3005 1496 3087 descendimus,
1537 3027 1612 3072 ac
1648 3007 2133 3075 consideramus
2168 3008 2312 3092 qui-
2414 3006 2596 3073 bium
2620 3015 2736 3087 est,
2782 3006 2938 3090 quid
2983 3028 3102 3073 nos
3144 3006 3367 3073 miseri
3411 3008 3493 3075 ab
3538 3007 3678 3073 eius
3713 3013 4063 3091 conspectu
4099 3030 4367 3093 exspec-

368 3100 488 3165 bus
531 3095 741 3162 modis
785 3117 969 3160 suam
1014 3095 1085 3158 in
1132 3093 1316 3159 nobis
1359 3095 1590 3172 vitam,
1635 3095 2053 3177 sapientiam,
2098 3096 2311 3160 virtu-
2414 3102 2648 3172 temus,
2687 3094 2810 3159 nisi
2848 3094 3276 3159 certissimam
3318 3095 3775 3173 confusionem,
3814 3094 4074 3177 qualem
4121 3100 4268 3174 [pag.
4298 3101 4363 3176 6]

370 3196 526 3261 tem,
574 3181 900 3248 Dominus
945 3188 1229 3245 exserat:
1276 3200 1462 3245 suam
1521 3181 1833 3245 iustitiam
1853 3233 1868 3259 ,
1929 3180 2308 3260 bonitatem,
2381 3181 2544 3267 ‚fert
2587 3182 2726 3246 eius
2768 3179 3148 3264 indignatio,
3196 3182 3305 3264 qui
3341 3188 3409 3245 et
3450 3180 3701 3265 ingenti
3737 3187 4149 3263 peccatorum
4193 3180 4367 3246 mole

371 3269 778 3337 clementiam
821 3288 978 3350 erga
1022 3287 1143 3331 nos
1188 3274 1506 3331 exerceat.
2416 3267 2729 3365 oppressi,
2775 3272 2844 3330 et
2885 3267 3148 3331 infinita
3188 3267 3466 3332 colluvie
3510 3267 3835 3349 inquinati
3870 3286 4113 3331 sumus.
4182 3268 4367 3332 Haec

1053 3410 1180 3478 ms
1224 3409 1616 3476 nom.
2414 3353 4366 3521 εξῆΐερῑηὲῑῑῑᾳξῖὲῶῬοξξῑᾚῑζωζὲωεεζΐᾚς

532 3525 751 3590 Homo
797 3526 1082 3607 primum
1143 3523 1226 3590 ad
1280 3523 1635 3607 imaginem
1692 3532 1757 3588 et
1812 3524 2310 3589 similitudinem
2411 3543 2540 3607 quo
2586 3523 2849 3607 propria
2900 3524 3149 3589 iustitia
3193 3527 3402 3606 exuti,
3458 3525 3762 3610 propriae
3808 3526 4077 3590 virtutis
4124 3523 4361 3591 fiducia

368 3612 492 3677 Dei
535 3614 854 3676 formatus
899 3611 1051 3690 fuit,
1097 3618 1172 3675 ut
1212 3611 1282 3673 in
1328 3609 1461 3673 suis
1505 3610 1935 3688 ornamentis,
1994 3610 2227 3693 quibus
2273 3633 2312 3676 a
2415 3609 2676 3689 deiecti,
2722 3610 2903 3674 omni
2944 3610 3121 3675 vitae
3159 3611 3648 3694 exspectatione
3691 3610 3972 3694 depulsi,
4032 3608 4356 3677 discamus

370 3697 509 3763 Deo
553 3696 892 3781 splendide
938 3698 1215 3763 vestitus
1259 3702 1430 3774 erat,
1487 3717 1714 3760 eorum
1757 3702 2053 3760 autorem
2098 3719 2209 3761 sus
2256 3698 2310 3761 i-
2415 3696 2852 3779 paupertatis,
2899 3695 3228 3775 miseriae,
3284 3698 3681 3782 ignominiae
3723 3704 3985 3761 nostrae
4033 3698 4367 3762 conscien-

373 3791 569 3862 ceret,
626 3792 694 3848 et
737 3805 864 3867 qua
909 3782 1177 3849 decebat
1220 3781 1620 3866 gratitudine
1665 3792 2105 3847 veneraretur.
2242 3805 2308 3848 e-
2415 3780 2508 3846 tia
2552 3801 2769 3847 coram
2813 3780 3101 3846 Domino
3146 3783 3569 3860 consternari,
3617 3782 4000 3865 iniquitatis,
4047 3783 4366 3866 impoten-

371 3892 512 3935 rum
556 3870 867 3953 quoniam
909 3876 1098 3934 tanta
1137 3877 1413 3933 naturae
1466 3888 1626 3933 suae
1679 3867 2064 3934 excellentia
2106 3870 2310 3934 confi-
2413 3869 2561 3945 tiae,
2608 3867 2839 3932 ruinae
2884 3875 3148 3933 nostrae
3193 3868 3559 3952 agnitione,
3617 3889 3877 3933 omnem
3918 3867 4016 3930 illi
4060 3869 4370 3934 sanctita·-

371 3978 495 4033 sus,
542 3955 791 4021 scilicet
832 3955 1070 4020 oblitus
1113 3952 1287 4018 unde
1332 3961 1398 4018 et
1439 3956 1727 4052 profecta
1771 3963 1946 4019 esset
1988 3961 2055 4018 et
2098 3955 2309 4021 subsi-
2412 3954 2520 4033 tis,
2568 3953 2850 4031 virtutis,
2898 3953 3128 4018 salutis
3173 3954 3446 4038 gloriam
3494 3953 3758 4018 deferre.

370 4047 594 4119 steret,
640 4040 874 4106 efferre
917 4063 986 4106 se
1031 4046 1222 4105 extra
1263 4038 1630 4104 Dominum
1675 4048 1943 4105 conatus
1987 4046 2112 4105 est:
2170 4060 2308 4106 om-

369 4127 557 4193 nibus
592 4125 721 4191 Dei
756 4125 1105 4205 beneficiis,
1142 4127 1377 4210 quibus
1413 4125 1645 4191 stolide
1681 4127 2115 4209 superbiebat,
2161 4148 2308 4211 spo·
2480 4157 2948 4241 QUOMODO
2993 4159 3092 4223 IN
3137 4157 3581 4226 SALUTEM
3622 4156 3743 4223 AO
3789 4157 4091 4224 VITAM
4134 4160 4291 4223 RE,

368 4212 509 4277 liari
553 4214 768 4296 ipsum
815 4214 1173 4296 opportuit:
1231 4219 1306 4277 ut
1348 4212 1600 4292 Deum,
1647 4233 1841 4295 quem
1881 4212 2310 4278 beneficentia

369 4300 503 4364 eius
549 4297 734 4364 dives
777 4309 1194 4364 contemnere
1239 4321 1435 4363 ausus
1482 4306 1650 4376 erat,
1708 4298 1884 4362 omni
1931 4298 2141 4383 gloria
2185 4322 2307 4364 nu·
3104 4260 3662 4328 STITUAMUR·

371 4384 484 4451 dus
540 4407 614 4451 ac
669 4384 1016 4451 destitutus
1071 4392 1469 4468 agnosceret.
1561 4383 1779 4465 Quam
1835 4385 1915 4450 ob
1972 4406 2110 4450 rem
2167 4386 2308 4468 qui-
2588 4385 2693 4450 Ab
2750 4383 2875 4449 hae
2930 4383 3137 4448 nostri
3180 4382 3575 4466 cognitione,
3637 4402 3802 4463 quae
3846 4387 4136 4445 nostram
4185 4379 4370 4445 nobis

371 4493 618 4555 cunque
663 4490 746 4535 ex
792 4471 1039 4536 semine
1080 4470 1267 4536 Adae
1324 4470 1643 4555 originem
1697 4469 2026 4551 ducimus,
2081 4472 2307 4537 oblite·
2416 4469 2685 4535 οὖδενίαν
2737 4469 3050 4547 ostendit,
3112 4467 3434 4552 siquidem
3490 4468 3725 4532 animis
3769 4466 4010 4531 nostris
4057 4466 4224 4531 serio
4267 4468 4369 4529 in-

371 4566 509 4623 rata
543 4556 673 4622 Dei
706 4556 1155 4635 similitudine,
1194 4577 1343 4622 caro
1379 4578 1460 4622 ex
1498 4578 1694 4622 carne
1729 4557 2077 4623 nascimur.
2137 4558 2311 4622 Nam
2416 4557 2678 4636 sederit,
2726 4556 2807 4621 ad
2848 4556 3166 4621 veriorem
3206 4574 3457 4637 quoque
3493 4553 3622 4618 Dei
3666 4553 3969 4617 notitiam
4010 4552 4218 4616 facilis
4253 4573 4370 4634 pa·
4391 4577 4408 4596 ·

370 4643 666 4726 quamvis
705 4644 926 4707 anima
959 4650 1330 4709 constemus
1367 4650 1435 4707 et
1468 4664 1755 4726 corpore,
1800 4643 1892 4707 nil
1929 4651 2149 4709 tamen
2187 4643 2314 4708 nisi
2415 4652 2514 4709 tet
2558 4663 2875 4709 accessus.
2917 4641 3088 4713 ⁶Imo
3145 4660 3303 4705 vero
3361 4641 3494 4704 iam
3543 4640 3683 4724 ipse
3736 4640 3806 4703 in
3844 4660 4121 4723 regnum
4176 4659 4369 4702 suum

372 4750 630 4795 carnem
686 4730 993 4812 sapimus.
1083 4729 1178 4795 Ut
1219 4730 1287 4794 in
1334 4750 1786 4812 quamcunque
1831 4728 2119 4793 hominis
2161 4752 2312 4812 par-
2416 4732 2700 4814 primam
2761 4729 3027 4792 ianuam
3096 4727 3381 4810 aperuit:
3456 4724 3565 4789 ubi
3645 4725 4141 4790 nocentissimae
4207 4723 4370 4789 duas

372 4823 501 4880 tem
549 4823 885 4880 vertamus
926 4814 1172 4893 oculos,
1250 4816 1421 4879 nihil
1477 4815 1604 4881 nisi
1664 4816 2026 4898 impurum,
2094 4816 2314 4898 profa—
2417 4824 2654 4900 pesteS,
2702 4811 3029 4879 vindictae
3074 4833 3230 4877 suae
3268 4812 3702 4889 securitatem,
3746 4811 4115 4892 falsamque
4162 4811 4370 4874 nostri

374 4924 547 4981 num,
601 4921 677 4966 ac
719 4902 863 4966 Deo
905 4900 1335 4967 abominabile
1378 4908 1670 4983 spectare
1713 4902 1922 4966 liceat.
2011 4900 2314 4966 Pruden-
2418 4900 2911 4978 confidentiam,
2971 4899 3405 4963 labefactavit.
3511 4899 3699 4963 Tunc
3757 4897 3929 4961 enim
3987 4896 4058 4959 in
4117 4897 4369 4960 coelum

376 4988 464 5051 tia
517 4988 693 5052 enim
752 4987 891 5052 eius
946 5009 1165 5065 caeca,
1220 4990 1368 5065 [pag.
1409 4991 1471 5066 5]
1544 4994 1609 5051 et
1663 4987 1940 5052 infinitis
1986 4987 2316 5055 erroribus
2419 4988 2638 5053 oculos
2683 4984 2977 5051 attollere
3021 4985 3386 5068 incipimus,
3434 4985 3545 5066 qui
3592 4992 3786 5048 antea
3827 4983 3897 5046 in
3934 4983 4126 5047 terris
4171 4980 4370 5047 defixi

375 5073 684 5138 involuta.
752 5072 881 5138 Dei
926 5072 1287 5155 sapientiae
1321 5093 1577 5155 semper
1609 5072 2013 5138 adversatur.
2059 5072 2316 5137 Volun-
2420 5071 2803 5139 haerebant:
2851 5079 2919 5135 et
2960 5071 3072 5154 qui
3117 5071 3685 5155 acquiescebamus
3727 5069 3795 5132 in
3831 5067 4157 5133 nobismet
4190 5069 4368 5153 ipsis,

376 5166 475 5225 tas
516 5179 739 5243 prava,
785 5161 1235 5243 corruptisque
1273 5158 1617 5223 affectibus
1663 5160 1920 5237 referta,
1969 5158 2063 5223 nil
2105 5160 2316 5243 magis
2422 5161 2504 5224 ad
2549 5158 2906 5223 Dominum
2953 5158 3373 5241 suspiramus.
3440 5158 3592 5240 Ipse
3634 5162 3852 5219 autem
3888 5154 4370 5220 misericordiae

376 5244 510 5311 odit
551 5266 747 5328 quam
802 5246 977 5311 illius
1031 5244 1368 5310 iustitiam.
1439 5242 1635 5308 Vires
1692 5245 1775 5308 ad
1827 5246 2071 5311 bonum
2127 5265 2318 5311 omne
2421 5252 2627 5330 pater,
2673 5264 3043 5327 quanquam
3094 5244 3285 5328 longe
3330 5241 3509 5308 aliud
3548 5250 3771 5306 nostra
3814 5241 4123 5323 iniquitas
4159 5262 4369 5305 mere-

376 5352 534 5415 opus
580 5339 945 5412 enervatae,
993 5329 1076 5395 ad
1117 5330 1530 5413 iniquitatem
1573 5330 1813 5396 furiose
1857 5338 2078 5396 ruunt.
2421 5331 2615 5395 batur
2631 5382 2646 5409 ,
2703 5351 2820 5413 pro
2877 5351 2997 5395 sua
3038 5340 3256 5395 tamen
3302 5327 3724 5392 inenarrabili
3784 5327 4216 5411 benignitate,
4276 5328 4369 5392 sic

3862 5426 3961 5481 210
