5100 6061
818 426 935 486 159

2448 414 2580 481 DE
2624 414 3171 482 CLEMENTIA

4697 420 4810 482 160

808 630 1003 690 quem
1062 608 1193 672 iam
1249 604 1690 671 membrorum
1754 605 2169 669 contentione
2235 603 2555 668 lassatum
2613 608 2760 683 [pag.
2867 625 3033 685 quae
3097 602 3444 669 immodica
3500 603 3820 686 quaedam
3879 602 4190 669 habitudo
4264 610 4413 683 [pag.
4472 610 4617 683 155]
4697 613 4806 679 est,

818 700 962 773 154]
1009 696 1248 759 fluctus
1293 691 1603 756 hauriret.
1698 688 2029 772 Vergilius
2074 687 2404 753 Aeneidos
2448 689 2599 753 VL:

980 779 1065 833 Da
1100 779 1346 832 dextram
1382 778 1596 844 misero,
1634 786 1688 829 et
1723 784 1900 828 tecum
1936 791 2018 827 me
2057 774 2187 828 tolle
2226 791 2323 843 per
2360 774 2547 829 undas.

808 866 1205 948 Quanquam
1250 872 1315 927 et
1358 864 1479 927 hoc
1523 860 1864 942 reperitur.
1935 856 2390 940 Quintilianus
2425 858 2592 923 libro
2629 859 2760 923 Π.;

808 954 905 1019 Ut
950 951 1393 1017 velocissimus
1448 947 1720 1030 quisque
1780 945 1836 1008 si
1880 946 2049 1008 fortc
2101 946 2228 1009 iter
2282 966 2431 1009 cum
2485 945 2761 1027 parvulo
2813 950 2816 995 !

808 1040 1033 1113 faciat,
1081 1036 1190 1100 det
1247 1055 1549 1109 manum,
1609 1037 1676 1096 et
1720 1029 2000 1114 gradum
2044 1051 2239 1095 suum
2294 1031 2581 1106 minuat,
2642 1052 2761 1095 nec

804 1122 1112 1207 procedat
1153 1122 1327 1186 ultra
1362 1140 1556 1202 quam
1591 1139 1806 1182 comes
1842 1118 2065 1198 possit.
2142 1117 2407 1199 Alioqui
2440 1115 2598 1181 dare
2623 1137 2762 1179 ma-

806 1231 967 1274 num
1011 1216 1113 1273 est
1155 1206 1400 1272 cedere.
1439 1232 1450 1249 ⁸

982 1294 1126 1358 Non
1173 1294 1330 1357 hanc
1382 1288 1903 1370 contumeliosam]
1967 1287 2339 1352 Advertant
2392 1287 2500 1351 hic
2554 1288 2761 1352 nostri

807 1381 1135 1457 homines,
1203 1398 1479 1461 quorum
1546 1374 1855 1457 permulti
1911 1373 2106 1457 longe
2195 1372 2433 1437 absunt
2496 1373 2579 1437 ab
2636 1372 2760 1437 hac

805 1467 1213 1532 ethnicorum
1268 1461 1813 1545 philosophorum
1866 1458 2399 1524 mansuetudine:
2479 1479 2642 1542 quos
2703 1460 2760 1524 si

806 1550 1061 1636 quando
1106 1550 1443 1632 contingat
1486 1549 1721 1630 stipem
1765 1547 2039 1629 pauperi
2084 1564 2372 1629 erogare,
2420 1544 2608 1627 quasi
2644 1567 2760 1628 pa-

806 1660 953 1703 rum
998 1638 1083 1702 sit
1125 1657 1207 1700 ex
1252 1656 1479 1700 eorum
1526 1633 1845 1716 dignitate
1888 1631 1957 1695 in
2003 1652 2273 1696 manum
2309 1629 2483 1707 dare,
2530 1640 2758 1694 contu-

805 1724 1039 1789 meliae
1083 1743 1277 1787 causa
1321 1719 1652 1797 abiiciunt.

982 1808 1253 1874 Catenas
1294 1807 1449 1873 solvi
1494 1802 1742 1886 iubebit]
1791 1802 1885 1868 Ut
1928 1802 1984 1866 si
2031 1823 2069 1865 a
2113 1801 2343 1884 piratis
2387 1810 2617 1883 captus
2652 1803 2756 1881 sit,

804 1895 1103 1970 redimet,
1149 1903 1215 1956 et
1258 1901 1507 1957 asseret
1552 1893 1620 1954 in
1664 1888 2056 1954 libertatem.

982 1981 1157 2045 Ludo
1179 1976 1425 2064 eximet]
1467 1980 1608 2041 Aut
1642 1973 2047 2059 gladiatorio,
2086 1980 2201 2036 aut
2221 1973 2576 2037 venatorio.
2645 1973 2758 2037 In-

809 2065 1251 2134 stituebantur
1292 2064 1470 2128 enim
1515 2061 1717 2137 servi,
1761 2059 1873 2124 alii
1916 2058 1998 2123 ad
2038 2060 2470 2137 venationem,
2520 2059 2636 2141 qui
2674 2058 2759 2123 ad

808 2153 1031 2237 populi
1073 2151 1478 2231 voluptatem
1514 2168 1663 2213 cum
1704 2146 1861 2210 feris
1905 2147 1976 2208 in
2022 2164 2220 2209 arena
2272 2144 2754 2227 depugnarent:

806 2240 916 2305 alii
962 2238 1046 2302 ad
1090 2236 1556 2321 gladiaturam,
1604 2233 1717 2316 qui
1762 2253 1880 2314 per
1921 2230 2111 2313 paria
2154 2229 2351 2294 simul
2394 2231 2757 2295 committe-

806 2333 1053 2390 rentur.
1144 2322 1513 2387 Dicuntur'
1532 2327 1752 2383 autem
1810 2316 2204 2400 gladiatores
2276 2336 2350 2380 ac
2416 2323 2760 2381 venatores

803 2411 961 2477 ludo
997 2409 1217 2484 eximi,
1255 2408 1363 2491 qui
1411 2428 1495 2470 ex
1530 2405 1645 2469 illa
1678 2403 2065 2468 necessitate
2112 2401 2495 2465 liberantur.
2563 2400 2759 2481 Quod

807 2499 1005 2561 etiam
1049 2517 1089 2561 a
1140 2494 1294 2558 ludo
1348 2493 1669 2558 redimere
1725 2488 1983 2554 dicitur.
2087 2486 2536 2568 Quintilianus
2591 2487 2773 2554 libro·

806 2580 1031 2646 VIII:
1075 2582 1168 2647 Ut
1222 2582 1293 2644 in
1349 2600 1499 2644 eum
1557 2598 1752 2661 quem
1805 2574 2066 2657 saepius
2110 2595 2150 2637 a
2191 2571 2346 2638 ludo
2390 2572 2759 2638 redemerat

807 2690 1106 2839 {bilicem
1129 2752 1483 2818 recidisset.
1520 2750 1692 2814 Eras
1727 2747 1967 2830 dignus
2002 2754 2080 2809 ut
2116 2745 2393 2810 haberes
2428 2746 2755 2829 integram

804 2861 1091 2905 manum.
1184 2837 1297 2903 Sic
1342 2837 1517 2901 enim
1559 2834 1839 2911 auditur,
1888 2840 1961 2896 ut
2003 2830 2432 2915 depugnares.

982 2926 1303 2989 Fortunae
1325 2919 1673 3007 intercedet]
1716 2921 2016 2984 Honesta
2049 2917 2409 2982 translatio.
2456 2916 2552 2982 Ut
2577 2917 2755 2980 enim

803 3012 1176 3080 consulibus
1199 3021 1265 3076 et
1286 3008 1695 3076 senatoribus
1721 3003 2215 3071 intercedebant
2248 3003 2511 3080 tribuni,
2549 3023 2755 3085 quum

803 3098 1209 3164 obsistebant
1243 3096 1393 3175 illis,
1436 3096 1488 3160 si
1534 3094 1789 3178 plebem
1834 3090 2143 3155 insolenti
2178 3089 2452 3171 imperio
2496 3109 2754 3171 preme·
2807 3127 2810 3174 Ι

806 3192 978 3249 rent:
1036 3184 1130 3247 ita
1185 3184 1483 3247 fortunae
1537 3177 1918 3252 intercedit,
1963 3176 2108 3257 qui,
2166 3185 2243 3239 ut
2286 3175 2486 3258 vulgo
2541 3175 2753 3257 loqui-

804 3292 987 3346 mur,
1047 3289 1117 3332 se
1172 3268 1468 3350 opponit,
1526 3275 1593 3329 et
1643 3266 1901 3328 obviam
1963 3262 2018 3324 it
2071 3261 2279 3339 casui,
2340 3268 2416 3325 ut
2472 3260 2754 3325 alterum

804 3363 1074 3419 tueatur
1117 3376 1156 3417 a
1192 3355 1493 3418 fortunae
1536 3352 1794 3414 iniuria.
1861 3346 2121 3412 Plinius
2165 3347 2410 3412 iunior:
2459 3347 2755 3411 Interce-

805 3440 960 3505 dere
1007 3440 1289 3515 casibus,
1336 3457 1680 3504 occursare
1723 3437 2038 3500 fortunae.
2129 3432 2456 3515 Exempla
2508 3434 2756 3515 passim

802 3533 1155 3593 occurrunt
1208 3524 1382 3607 apud
1435 3523 1707 3589 Livium
1723 3575 1738 3599 ‚
1800 3530 1866 3586 et
1919 3518 2096 3583 alios.
2186 3519 2337 3583 an
2387 3517 2581 3583 video
2639 3539 2755 3583 cur

802 3613 1121 3677 Erasmus
1178 3610 1489 3675 maluerit
1540 3609 1901 3674 iriterdicere
1957 3603 2130 3689 apud
2187 3604 2644 3687 Tranquillum
2684 3606 2756 3669 in

801 3699 942 3764 vita
995 3697 1243 3762 Tiberii
1295 3695 1405 3760 ubi
1462 3696 1644 3780 prius
1686 3691 2052 3759 intercedere
2106 3690 2447 3775 legebatur
2462 3742 2478 3769 ,
2528 3691 2604 3754 in
2648 3691 2754 3756 his

801 3782 1051 3851 verbis:
1098 3783 1323 3848 Etiam
1359 3784 1546 3865 virgo
1592 3780 1882 3846 Vestalis
1924 3777 2199 3842 fratrem
2236 3778 2488 3841 iniussu
2530 3777 2753 3859 populi

800 3869 1341 3951 triumphantem,
1389 3888 1655 3932 ascenso
1701 3865 1899 3931 simul
1943 3885 2162 3942 curru,
2205 3883 2421 3946 usque·
2449 3864 2521 3926 in
2557 3863 2754 3944 Capi-

802 3956 1032 4020 tolium
1067 3963 1463 4037 prosequuta
1500 3966 1627 4017 est:
1669 3974 1752 4017 ne
1795 3962 2020 4017 vetare
2057 3967 2172 4015 aut
2205 3947 2612 4014 intercedere
2656 3949 2754 4013 fas

802 4042 1105 4123 cuiquam
1148 4041 1569 4107 tribunorum
1614 4048 1802 4104 esset.

991 4126 1248 4192 Vultum
1300 4147 1422 4191 non
1466 4126 1735 4201 deiiciet,
1782 4145 1891 4189 nec
1927 4123 2236 4205 animum]
2287 4121 2480 4203 Quod
2526 4121 2756 4186 Cicero

804 4235 984 4278 nunc
1028 4213 1325 4291 abiicere,
1362 4233 1540 4276 nunc
1577 4210 1922 4275 demittere
1959 4206 2136 4285 dicit,
2176 4209 2419 4273 Livius
2450 4206 2754 4291 defigere.

802 4299 1007 4364 Libro
1042 4299 1285 4381 primo:
1325 4296 1678 4372 Silentium
1716 4296 1907 4360 triste
1947 4315 2022 4358 ac
2061 4295 2259 4360 tacita
2295 4294 2624 4359 moestitia
2667 4295 2761 4358 ita

801 4384 1031 4449 defixit
1082 4386 1364 4460 animos,
1410 4400 1486 4448 ut
1540 4403 1698 4465 prae
1754 4393 1934 4446 metu
1988 4379 2173 4445 obliti
2227 4378 2383 4462 quid
2428 4380 2760 4463 relinque-

801 4477 973 4547 rent,
1021 4469 1177 4551 quid
1223 4490 1444 4533 secum
1486 4470 1753 4547 ferrent,
1800 4467 2144 4534 deficiente
2187 4465 2478 4544 consilio,
2526 4479 2647 4532 etc.

976 4554 1318 4619 Imbecilles
1359 4555 1588 4636 oculos]
1637 4555 1830 4619 Facit
1873 4550 2368 4619 similitudinem
2407 4572 2448 4614 a
2491 4573 2759 4635 corpore

804 4641 889 4707 ad
932 4642 1242 4704 animum.
1334 4638 1410 4704 Si
1455 4647 1612 4704 sunt
1654 4639 2009 4706 imbecilles
2065 4639 2267 4716 oculi,
2315 4639 2425 4721 qui
2473 4637 2558 4701 ad
2602 4638 2759 4702 alie-

803 4748 963 4792 nam
1004 4726 1466 4809 lippitudinem
1524 4724 2022 4805 suffunduntur,
2044 4771 2049 4772 ff
2069 4747 2225 4810 ergo
2270 4734 2373 4788 est
2414 4723 2758 4788 imbecillis

803 4814 1064 4894 animus
1081 4865 1095 4889 ,
1154 4813 1265 4893 qui
1324 4810 1406 4875 ad
1451 4811 1734 4876 alienam
1778 4812 2110 4876 miseriam
2155 4819 2460 4876 movetur
2502 4809 2758 4875 miseri-

805 4898 1042 4964 cordia.
1132 4898 1279 4962 Hoc
1315 4905 1537 4962 tamen
1571 4899 1964 4963 naturaliter
1999 4898 2266 4962 evenire
2309 4896 2513 4960 tradit
2555 4894 2760 4960 Alex-

807 4984 1012 5049 ander
1057 4983 1506 5066 Aphrodiseus
1548 4986 1618 5046 in
1642 4982 2036 5048 Problemat.
2084 4985 2239 5067 quia
2267 4981 2435 5047 oculi
2468 4982 2759 5047 humecti

806 5078 960 5135 sunt
995 5079 1062 5134 et
1095 5070 1343 5147 molles,
1384 5081 1580 5152 atque
1620 5069 1962 5133 affectibus
1997 5069 2297 5152 expositi.
2391 5069 2562 5132 Tum
2608 5069 2761 5151 quia

806 5155 1053 5221 sanitas
1098 5178 1180 5220 ex
1224 5156 1611 5221 habitudine
1648 5153 1931 5232 modica,
1978 5156 2212 5220 vitium
2268 5175 2353 5218 ex
2411 5154 2761 5220 immodica

807 5241 1055 5307 accidit.
1145 5240 1338 5322 Quod
1375 5243 1577 5325 igitur
1611 5239 1956 5320 modicum,
1996 5241 2252 5306 facilius
2288 5240 2370 5305 ab
2414 5240 2760 5306 immodico

805 5335 1097 5392 mutatur
1149 5347 1226 5391 ac
1274 5329 1585 5407 vertitur,
1642 5346 1839 5409 quam
1881 5332 2127 5392 contra.
2220 5329 2403 5410 Ergo
2438 5325 2760 5410 lippitudo

1082 2674 1386 2751 agentem
1456 2686 1605 2730 cum
1673 2682 1750 2727 ea
1806 2659 2097 2738 talionis,
2165 2659 2335 2742 quod
2406 2658 2772 2724 dormienti

2867 689 3054 753 facile
3099 691 3451 753 sanitatem
3497 700 3718 772 utpote
3762 690 4080 754 modicam
4142 689 4455 755 demutat.
4545 690 4660 753 Fit
4702 711 4808 754 au-

2868 782 3001 839 tem
3046 777 3323 839 mutatio
3353 776 3644 840 naturali
3678 796 4026 859 corporum
4067 778 4246 840 inter
4288 798 4357 840 se
4393 795 4734 842 consensu.

3038 861 3150 925 Ad
3190 862 3469 925 omnium
3502 864 3919 927 oscitationem
3961 863 4175 943 ipsum
4218 882 4286 925 os
4327 861 4643 944 diducere]
4691 860 4810 927 Os-

2867 947 3088 1011 citatio
3133 947 3213 1011 ab
3257 968 3368 1011 ore
3413 946 3672 1026 ciendo,
3718 946 3787 1011 id
3830 957 3933 1013 est
3967 945 4435 1012 commovendo
4492 945 4698 1025 dicta,
4741 961 4811 1012 ut

2864 1032 3053 1096 docet
3094 1033 3397 1097 Donatus
3440 1035 3508 1096 in
3553 1033 3877 1098 Andriam
3891 1057 3906 1111 ;
3950 1035 4258 1115 provenit
4300 1033 4688 1116 plerumque
4732 1053 4810 1098 ex

2865 1119 3102 1200 supina
3143 1119 3490 1184 securitate
3545 1129 3611 1184 et
3669 1120 3951 1203 ignavia.
4041 1117 4387 1184 Interdum
4432 1128 4652 1184 tamen
4696 1142 4808 1184 na-

2865 1211 3051 1268 turae
3086 1205 3318 1269 vitium
3355 1205 3566 1288 magis
3610 1226 3806 1286 quam
3853 1205 4162 1269 hominis:
4212 1204 4383 1269 undo
4426 1205 4658 1270 oscedo
4701 1227 4807 1287 ap-

2863 1289 3165 1373 pellatur,
3203 1299 3278 1354 ut
3311 1291 3611 1355 meminit
3648 1290 3906 1356 Gellius
3941 1290 4110 1355 libro
4146 1291 4265 1355 IV.
4313 1291 4524 1374 capite
4566 1291 4806 1356 ultimo.

2863 1375 2956 1439 Et
3001 1376 3123 1442 hoc
3168 1377 3468 1440 naturale
3514 1399 3653 1443 esse
3696 1385 3886 1460 putat
3929 1374 4326 1454 Alexander,
4376 1386 4450 1441 ut
4492 1377 4608 1459 qui
4652 1378 4808 1444 osci-

2865 1469 3118 1526 tantem
3174 1455 3471 1537 videant,
3533 1473 3600 1526 et
3652 1463 3779 1546 ipsi
3834 1464 4139 1529 oscitent:
4198 1464 4350 1544 quia
4403 1472 4643 1527 natura
4683 1464 4809 1527 ani-

2863 1547 3205 1626 mantium,
3254 1550 3666 1630 maximeque
3712 1551 3966 1613 ratione
4010 1550 4391 1625 carentium,
4439 1547 4806 1613 similitudi·

2864 1654 3026 1697 num
3083 1633 3412 1715 quendam
3469 1655 3857 1700 consensum
3878 1687 3896 1713 ,
3953 1636 4241 1717 itemque
4295 1635 4649 1699 affectuum
4694 1635 4802 1698 ha·-

2864 1719 3004 1783 bet:
3029 1730 3223 1801 atque
3244 1720 3338 1783 ita
3358 1721 3435 1784 fit
3456 1733 3530 1784 ut
3553 1722 3835 1785 meiente
3857 1719 4077 1799 asello,
4102 1722 4342 1786 caeteri
4365 1720 4524 1785 item
4548 1720 4802 1799 meiant,

2864 1825 3069 1886 quum
3114 1806 3249 1869 sint
3273 1805 3479 1871 -urina
3521 1806 3771 1889 repleti.

3051 1890 3322 1974 Vacuus]
3349 1891 3431 1955 Id
3455 1902 3573 1967 est,
3600 1892 3781 1957 omni
3805 1893 4150 1957 affectione
4171 1905 4238 1956 et
4273 1893 4574 1974 passione
4611 1892 4803 1956 animi

2866 1976 2969 2041 vel
3022 1978 3469 2042 misericordia
3525 1978 3627 2042 vel
3697 1976 4107 2063 aegritudine
4164 1978 4428 2043 solutus
4491 2000 4566 2043 ac
4633 1978 4800 2043 liber.

2863 2060 3085 2142 Quum
3123 2064 3302 2127 enim
3338 2065 3481 2128 sine
3516 2058 3766 2129 adiecto
3802 2064 4085 2147 ponitur,
4121 2063 4190 2127 id
4240 2064 4582 2147 significat.
4653 2062 4803 2130 Ovi-

2863 2147 3010 2213 dius
3053 2149 3370 2214 Tristium
3413 2150 3536 2214 Π.;

3070 2236 3179 2289 Aut
3215 2237 3275 2303 si,
3313 2236 3457 2303 quod
3493 2236 3724 2303 mallem,
3764 2253 3962 2289 vacuus
4001 2235 4237 2290 fortasse
4275 2235 4490 2290 fuisses.

2860 2320 2952 2384 Et
2994 2321 3067 2383 in
3117 2320 3390 2403 epistola
3424 2319 3760 2404 Sapphus:

3147 2407 3476 2461 Proveniunt
3511 2423 3714 2461 vacuae
3754 2408 3986 2461 carmina
4024 2408 4217 2461 mentis
4256 2422 4410 2475 opus,

2863 2489 3095 2556 Cicero
3150 2493 3436 2558 Verrina
3478 2493 3600 2557 Π.;
3660 2494 3903 2558 Animo
3956 2494 4139 2576 coepi
4190 2493 4397 2558 multo
4442 2495 4653 2578 magis
4701 2515 4798 2559 va-

2861 2599 3003 2675 cuo·
3027 2600 3102 2643 ac
3157 2578 3370 2644 soluto
3428 2579 3595 2643 nihil
3651 2579 3832 2644 aliud
3887 2580 4018 2644 nisi
4075 2578 4154 2643 de
4210 2578 4467 2644 iudiciis
4512 2601 4704 2663 agere
4743 2588 4802 2644 et

2863 2675 3168 2747 cogitare.

3038 2750 3282 2815 Poenae
3325 2752 3578 2816 meritae
3621 2749 3932 2837 remissio]
3974 2750 4445 2816 Controversia
4479 2752 4551 2815 in
4596 2751 4802 2817 verbis

2860 2844 2985 2899 est:
3034 2834 3114 2900 de
3157 2857 3229 2900 re
3272 2837 3536 2920 quidem
3570 2837 3896 2903 convenit.
3987 2835 4126 2902 Cur
4169 2837 4348 2901 enim
4390 2839 4499 2918 qui
4554 2838 4804 2904 veniam

2862 2922 3169 3005 largitur,
3217 2924 3434 3005 potius
3490 2944 3766 3005 poenam
3823 2924 4128 2987 meritam
4174 2925 4511 3001 remittere
4556 2922 4802 2999 dicitur,

2864 3029 3062 3090 quam
3104 3008 3470 3093 ignoscere,
3532 3017 3599 3073 et
3642 3009 3923 3092 quadam
3968 3008 4280 3076 facilitate
4325 3032 4603 3092 poenam
4649 3017 4803 3075 tem-

2861 3094 3133 3177 perare?
3225 3095 3484 3160 Deinde
3536 3096 3702 3159 nihil
3762 3094 3980 3160 obstat
4032 3117 4160 3177 quo
4206 3096 4423 3160 minus
4468 3096 4806 3162 clementia

2861 3180 3106 3263 aliquid
3130 3181 3426 3245 remittat
3447 3181 3617 3263 quod
3655 3183 3971 3246 severitas
4006 3184 4146 3246 iure
4183 3189 4248 3245 et
4269 3183 4504 3247 merito
4531 3184 4804 3265 puniret.

2860 3267 3092 3331 Potest
3134 3268 3334 3350 igitur
3378 3268 3724 3332 clementia
3778 3269 4080 3331 meritam
4137 3288 4413 3349 poenam
4462 3270 4806 3342 remittere,

2865 3353 2920 3417 si
2965 3352 3031 3416 id
3074 3374 3158 3417 cx
3202 3375 3402 3419 causa
3446 3354 3658 3420 faciat.

3579 3643 3881 3711 CAPUT
3930 3644 4083 3709 VII.

3032 3773 3169 3864 qu
3212 3787 3282 3844 ut
3324 3781 3586 3845 breviter
3629 3786 3931 3862 tanquam
3965 3783 4038 3845 in
4078 3781 4282 3847 alieno
4323 3782 4559 3847 iudicio
4593 3784 4804 3860 dicam,

2859 3868 2918 3931 ei
2961 3867 3317 3950 iqnoscitur,
3363 3867 3473 3948 qui
3505 3867 3740 3946 puniri
3779 3866 4003 3931 debuit.
4097 3867 4368 3950 Sapiens
4403 3874 4612 3934 autem
4653 3868 4808 3932 nibil

2857 3954 3014 4035 facit
3068 3954 3232 4033 quod
3285 3973 3410 4016 non
3462 3953 3630 4017 debet
3644 4002 3658 4030 ,
3718 3952 3880 4015 nihil
3922 3955 4369 4034 praetermittit
4421 3956 4588 4036 quod
4628 3954 4802 4019 debet.

2865 4038 3086 4120 Itaque
3111 4059 3380 4120 poenam
3415 4058 3606 4119 quam
3648 4038 3891 4120 exiqere
3933 4039 4115 4118 debet,
4159 4060 4283 4105 non
4316 4040 4538 4105 donat:
4582 4041 4690 4105 sed
4730 4040 4804 4104 nl·

2863 4125 2974 4190 lud
3028 4125 3191 4205 quod
3243 4146 3320 4189 ecc
3377 4125 3561 4188 venia
3613 4126 3898 4204 consequi
3967 4127 4091 4204 viS,
4149 4124 4484 4191 honestiore
4533 4125 4647 4190 tibi
4707 4126 4809 4190 via

2862 4211 3095 4274 tribuit.
3157 4209 3374 4275 Parcit
3414 4211 3581 4275 enim
3615 4211 3885 4290 sapienS,
3918 4212 4181 4277 consulit
4214 4217 4272 4276 et
4306 4213 4575 4295 corriyit.
4634 4211 4809 4276 Idem

2860 4297 3016 4378 facit
3056 4297 3218 4376 quod
3260 4298 3320 4360 si
3363 4298 3709 4379 ignosceret,
3756 4317 3862 4360 nec
3904 4298 4190 4379 iynoscit:
4232 4299 4530 4379 quoniam
4572 4299 4681 4379 qui
4726 4300 4811 4379 iq-

2863 4384 3085 4461 noscit,
3136 4383 3371 4463 fatetur
3410 4382 3659 4463 aliquid
3699 4402 3792 4460 se,
3846 4383 4010 4464 quod
4046 4384 4188 4464 fieri
4231 4384 4467 4462 debuit,
4513 4385 4808 4452 omisisse.

2865 4468 3160 4548 Aliquem
3201 4467 3402 4532 verbis
3443 4473 3685 4532 tantum
3729 4467 4106 4546 admonebit,
4143 4490 4350 4550 poena
4402 4490 4524 4533 non
4568 4469 4811 4552 afficiet,

2865 4558 3127 4618 aetatem
3180 4555 3316 4618 eius
3367 4554 3805 4619 emendabilem
3861 4557 4122 4619 intuens.
4210 4554 4511 4636 Aliquem
4568 4555 4815 4620 invidia

2865 4640 3150 4704 criminis
3184 4641 3509 4721 manifeste
3542 4639 3934 4718 laborantem,
3980 4639 4212 4705 iubebit
4245 4642 4610 4706 incolumem
4654 4661 4816 4706 esse.-

2865 4726 3019 4808 quia
3060 4727 3344 4807 deceptus
3382 4732 3500 4791 est.-
3556 4729 3704 4804 [pag.
3761 4731 3904 4804 156]
3961 4729 4113 4807 quia
4156 4747 4280 4806 per
4319 4728 4540 4791 vinum
4581 4727 4815 4809 lapsus.

2869 4811 3093 4877 Hostes
3143 4813 3405 4877 dimittet
3458 4812 3690 4891 salvos,
3748 4812 4093 4893 aliquando
4148 4813 4336 4876 etiam
4390 4813 4710 4891 laudato-9,
4757 4814 4818 4876 si

2866 4898 3133 4963 honestis
3173 4900 3414 4977 causi-9,
3448 4919 3572 4978 pro
3611 4899 3738 4979 fide
3753 4948 3767 4976 ,
3802 4919 3927 4980 pro
3967 4899 4222 4980 foedere,
4257 4919 4382 4980 pro
4425 4899 4704 4965 libertate
4748 4900 4819 4961 in

2868 4984 3090 5049 bellum
3133 4986 3390 5051 accincti
3432 4990 3595 5048 sunt.
3669 4984 3845 5049 Haec
3873 4985 4087 5049 onmia
4121 5006 4242 5050 non
4275 4986 4509 5064 veniae,
4555 4987 4664 5050 sed
4704 4985 4820 5051 cle·

2865 5072 3129 5135 mentiae
3171 5090 3357 5153 opera
3398 5075 3561 5136 sunt.
3653 5069 3991 5136 Clementia
4025 5070 4287 5135 liberum
4327 5071 4665 5136 arbitrium
4705 5071 4820 5134 law

2866 5155 2988 5220 bet.-
3030 5177 3155 5221 non
3210 5158 3324 5221 sub
3373 5156 3679 5239 formula,
3725 5156 3832 5223 sed
3885 5177 3960 5220 ex
4013 5177 4207 5238 aequo
4262 5156 4504 5222 etbcno
4546 5158 4823 5223 iudicat.-

2865 5247 2922 5306 et
2960 5241 3272 5307 absolvere
3325 5244 3425 5307 illi
3468 5244 3627 5321 licet,
3669 5250 3723 5306 ct
3777 5244 3996 5324 quanti
4053 5243 4188 5307 vult
4242 5243 4574 5308 aestimare
4626 5245 4822 5308 litem.

2873 5327 3060 5392 Nihil
3115 5350 3191 5394 ex
3243 5330 3345 5395 his
3394 5329 3552 5411 facit
3608 5335 3908 5409 tanquam
3962 5329 4128 5393 iusto
4160 5329 4376 5393 minus
4415 5327 4665 5409 fecerit.-
4709 5330 4826 5396 sed
