5100 6061
713 395 839 457 395

714 579 846 655 des,
870 598 1034 660 quae
1057 596 1285 640 omnes
1308 575 1643 659 religionis
1669 583 1933 639 nostrae
1970 574 2356 651 sanctiones,
2395 581 2461 638 et
2496 595 2658 655 quae

712 629 846 729 Dei
887 662 1167 728 oraculis
1212 669 1366 726 sunt
1409 660 1720 744 proditae,
1766 671 1832 723 et
1875 679 2037 741 quae
2082 670 2455 724 sanctorum
2500 682 2660 758 (180-

697 771 844 833 ·088
898 756 1160 832 patrum
1211 748 1394 811 libris
1438 755 1592 812 sunt
1630 745 2073 827 consignatae,
2115 751 2179 808 et
2221 765 2385 827 quae
2428 746 2659 827 priscis

715 835 1005 902 conciliis
1040 834 1448 916 approbatae,
1486 829 1726 895 furiose
1762 830 2215 912 persequitur?
2273 832 2437 914 Age,
2475 851 2659 894 sanc-

714 930 821 986 tae
856 921 1032 984 illius
1070 929 1137 984 et
1170 940 1363 983 verae
1401 918 1794 999 disciplinae,
1832 938 2027 997 quam
2075 924 2328 980 veteres
2374 916 2659 999 episcopi

714 1009 789 1072 in
832 1007 1100 1072 ecclesia
1143 1012 1600 1079 exercuerunt,
1648 1023 1815 1100 quac
1858 1000 2126 1065 tlndem
2181 1010 2446 1066 exstant
2488 1001 2661 1083 apud

715 1114 837 1157 vos
873 1090 1194 1175 vestigia?
1261 1090 1496 1153 Nonne
1531 1089 1750 1153 omnia
1785 1108 2008 1151 eorum
2040 1088 2350 1151 instituta
2385 1087 2660 1151 ludibrio

715 1176 1078 1243 habuistis?
1140 1176 1377 1240 Nonne
1406 1196 1631 1239 omnes
1670 1194 1950 1237 canones
1979 1170 2247 1255 pedibus
2292 1173 2661 1254 proculcas-

716 1263 849 1328 1189
931 1261 1356 1360 Sacramenta
1409 1281 1566 1324 vero
1624 1280 1818 1340 quam
1865 1258 2174 1323 scelerate
2219 1279 2257 1321 a
2301 1259 2483 1323 vobis
2528 1260 2662 1322 sint

716 1349 1076 1433 profanata,
1104 1347 1245 1411 sine
1266 1367 1521 1410 summo
1557 1345 1824 1409 horrore
1851 1344 2138 1427 cogitare
2165 1365 2426 1425 nequeo.
2495 1345 2660 1408 an-

717 1435 1155 1499 remoniarum
1180 1431 1436 1496 habetis
1464 1430 1722 1513 quidem
1749 1430 1896 1512 plus
1922 1429 2099 1506 satis,
2125 1429 2234 1492 sed
2275 1430 2423 1494 illae
2458 1451 2675 1528 quum

718 1527 787 1584 et
821 1520 1208 1602 significatu,
1249 1526 1324 1580 ut
1356 1518 1733 1615 plurimum,
1779 1515 1912 1578 sint
1947 1515 2410 1613 ineptissimae,
2459 1525 2525 1579 ct
2559 1517 2659 1578 in-

717 1606 1010 1671 numeris
1050 1603 1585 1685 superstitionum
1629 1601 1852 1664 formis
1898 1601 2182 1676 vitiatae,
2230 1599 2383 1682 quid
2439 1602 2660 1665 valere

716 1695 959 1773 queant
1003 1689 1084 1753 ad
1130 1689 1468 1754 0001081818
1523 1684 2076 1750 conservandam?
2143 1686 2327 1749 Nihil
2364 1687 2658 1762 istorum,

717 1786 795 1841 ut
839 1775 1040 1854 vides,
1087 1773 1482 1839 accusatorie
1527 1793 1566 1834 a
1609 1793 1714 1834 818
1751 1781 2201 1870 exaggeratur.
2271 1777 2386 1851 [fol.
2428 1776 2533 1851 27]
2573 1773 2663 1836 Ε1

716 1871 874 1927 8881
915 1860 1135 1926 omnia
1179 1860 1271 1922 810
1313 1859 1380 1921 18
1427 1857 1768 1939 propatulo
1813 1859 2049 1937 posita,
2096 1865 2172 1920 ut
2217 1856 2662 1922 demonstrare

715 1947 923 2031 digito
969 1947 1177 2020 liceat,
1223 1945 1279 2007 si
1323 1944 1456 2007 sint
1490 1943 1655 2006 oculi
1695 1944 1800 2023 qui
1838 1942 2381 2007 animadvertant.
2449 1943 2661 2021 Nunc,

719 2033 777 2099 si
818 2032 1056 2114 placet,
1105 1996 1189 2094 ad
1243 2030 1411 2126 hanc
1467 2051 1586 2093 nos
1640 2028 1855 2111 188881
1908 2029 2123 2111 exige:
2181 2029 2468 2118 multum
2512 2049 2662 2111 pro-

716 2119 883 2183 fecto
936 2116 1174 2191 aberit,
1213 2114 1372 2196 quin
1428 2135 1651 2178 eorum
1697 2115 2072 2191 criminum,
2128 2113 2292 2211 quae
2335 2113 2520 2179 nobis
2564 2115 2663 2178 in-

717 2202 1018 2279 tentasti,
1067 2221 1209 2263 reos
1265 2219 1554 2297 peragas.
1620 2199 1702 2262 In
1763 2201 2183 2264 sacramentis
2243 2199 2408 2263 nihil
2449 2207 2664 2264 tenta-

717 2289 967 2363 vimuS,
1024 2285 1156 2349 nisi
1199 2293 1273 2349 ut
1314 2286 1383 2348 in
1428 2285 1722 2349 nativam
1777 2269 2126 2367 puritatem
2180 2284 2353 2349 unde
2410 2281 2683 2350 decide-

718 2380 870 2437 rant
912 2371 1216 2436 restituta
1259 2371 1701 2452 dignationem
1749 2391 2000 2453 quoque
2054 2392 2240 2436 suam
2284 2372 2663 2452 reciperent.

721 2458 1184 2524 anremonias
1242 2477 1484 2538 188888
1537 2476 1618 2520 ex
1675 2464 1860 2538 parte
1917 2456 2334 2522 abolevimus.
2397 2457 2664 2520 Verum

720 2543 925 2609 008011
967 2563 1191 2606 881888
1226 2540 1296 2605 id
1329 2543 1565 2606 facere:
1604 2543 1844 2624 partim
1879 2542 2049 2624 quod
2092 2564 2212 2607 sua
2247 2542 2667 2607 multitudine

718 2630 793 2693 in
826 2628 1220 2693 iudaismum
1242 2627 1569 2709 quendam
1605 2626 2166 2712 degeneraverant
2180 2637 2198 2707 ;’
2230 2627 2473 2711 partim
2498 2628 2667 2710 quod

719 2722 908 2779 tanta
962 2714 1418 2796 superstitione
1473 2722 1948 2796 occupaverant
2000 2713 2209 2795 plebis
2265 2714 2547 2792 animos,
2594 2723 2668 2777 ut

721 2808 896 2865 stare
949 2799 1164 2863 modo‘
1199 2798 1378 2862 nullo
1433 2808 1716 2881 possent,
1761 2800 1919 2881 quin
1963 2801 2220 2881 pietati,
2267 2821 2464 2881 quam
2517 2821 2668 2882 pro-

718 2906 985 2950 movere
1021 2884 1398 2960 debuerant,
1436 2885 1773 2950 officerent
1807 2885 2182 2967 plurimum.
2249 2886 2669 2950 Retinuimus

719 2975 941 3036 tamen
977 2990 1104 3048 eas,
1141 2991 1309 3054 quae
1352 2991 1470 3054 pro
1505 2970 1818 3055 temporis
1854 2972 2103 3036 ratione
2149 2971 2445 3036 sufficere
2489 2972 2669 3036 vide-

719 3060 981 3123 bantur.
1044 3056 1510 3140 Disciplinam,
1558 3058 1818 3139 qualem
1872 3057 2103 3122 habuit
2144 3066 2338 3122 vetus
2381 3058 2666 3135 ecclesia,

723 3143 913 3208 nobis
970 3142 1226 3219 deesse,
1271 3164 1480 3224 neque
1525 3164 1646 3208 nos
1692 3141 2065 3206 diffitemur.
2135 3141 2270 3207 88(1
2316 3144 2498 3208 08188
2543 3144 2671 3207 erit

719 3229 1098 3328 aequitatis,
1155 3248 1279 3292 nos
1334 3249 1599 3293 eversae
1657 3227 2039 3310 disciplinae
2096 3230 2176 3293 ab
2230 3228 2312 3292 118
2360 3231 2667 3309 accusari,

721 3316 833 3415 (181
868 3322 935 3378 81
979 3335 1125 3378 eam
1161 3314 1281 3378 soli
1324 3314 1586 3395 penitus
1622 3313 2046 3392 sustulerunt,
2092 3322 2158 3378 et
2201 3336 2401 3395 quum
2444 3314 2670 3398 postli-

2455 385 2979 452 RESPONSIO

4590 393 4708 453 396
4773 419 4783 430 ·

2761 573 2885 638 fuit
2942 581 3200 672 tempus
3256 570 3448 648 illud,
3498 593 3624 654 quo
3683 574 3887 638 nostri
3934 574 4229 641 homines
4284 574 4706 658 prodierunt?

2763 658 3041 739 Qualem
3085 661 3155 722 in
3213 658 3453 723 scholis
3509 657 3865 723 doctrinam
3927 659 4284 738 discebant,
4325 662 4433 743 081
4482 661 4565 725 8(1
4609 683 4711 728 80-

2764 745 2994 810 clesias
3053 743 3441 809 erudiendas
3479 765 3548 808 se
3592 745 4092 827 comparabant?
4160 744 4309 812 8018
4362 748 4530 829 11188,
4578 768 4714 811 me-

2762 853 2904 895 ram
2918 832 3117 895 fuisse
3139 829 3559 911 sophisticen:
3587 830 3701 895 sed
3724 830 3884 897 adeo
3908 838 4284 910 contortam,
4309 832 4713 915 implicitam,

2763 918 3126 992 sinuosam,
3173 916 3580 997 perplexam,
3638 925 3712 978 ut
3765 917 3999 979 merito
4053 915 4177 980 dici
4233 928 4453 1002 posset
4520 917 4708 982 scho-

2764 1003 2990 1066 lastica
3047 968 3372 1084 theologia
3428 999 3743 1081 quaedam
3803 1021 4078 1065 arcanae
4136 1004 4392 1087 magiae
4436 1003 4705 1085 species.

2766 1086 2915 1168 Quo
2942 1089 3210 1169 quisque
3254 1087 3385 1152 illic
3419 1086 3749 1150 densiores
3793 1086 4172 1152 offundebat
4213 1090 4540 1166 tenebras,
4587 1110 4715 1171 quo

2766 1195 2835 1238 se
2872 1181 2938 1236 et
2983 1174 3141 1237 alios
3185 1172 3579 1253 importunis
3622 1172 4096 1254 aenigmatibus
4138 1176 4350 1257 magis
4374 1173 4712 1256 fatigabat,

2765 1280 2840 1322 80
2889 1260 3203 1323 maiorem
3267 1258 3589 1323 acuminis
3648 1279 3723 1323 ac
3786 1257 4118 1323 doctrinae
4190 1261 4512 1324 referebat
4572 1259 4716 1343 pal-

2764 1366 2958 1409 mam.
3029 1344 3255 1425 Quum
3300 1364 3452 1407 vero
3490 1343 3821 1409 doctrinae
3857 1365 4011 1408 suae
4046 1344 4330 1410 fructum
4376 1344 4458 1409 ad
4505 1365 4714 1427 popu-

2710 1407 2902 1493 Ι18111
2947 1431 3254 1495 volebant
3311 1429 3630 1510 proferre,
3678 1430 3789 1511 qui
3841 1430 3913 1492 in
3970 1430 4230 1495 officina
4282 1431 4395 1494 1118
4450 1432 4717 1495 fuerant

2764 1516 3042 1591 formati,
3088 1522 3348 1597 quanta,
3394 1514 3675 1592 obsecre,
3725 1514 4112 1578 dexteritate
4156 1516 4496 1581 ecclesiam
4537 1515 4715 1580 aedi·

2765 1601 3091 1668 ficabant?
3160 1603 3258 1665 Ac
3301 1620 3384 1663 ne
3428 1600 3687 1683 singula
3740 1621 4123 1683 persequar,
4165 1623 4331 1683 quae
4374 1609 4530 1666 tunc
4573 1603 4715 1665 fue-

2766 1695 2921 1752 runt
2963 1689 3029 1750 in
3079 1688 3343 1767 Europa
3386 1686 3747 1762 conciones,
3793 1707 3959 1768 quae
4003 1686 4487 1769 simplicitatem
4531 1687 4715 1750 illam

2766 1779 3361 1855 repraesentarent,
3421 1773 3492 1834 in
3535 1792 3667 1852 qua
3704 1771 3955 1836 Ρ88188
4000 1772 4145 1837 vult
4178 1781 4316 1836 tota
4358 1772 4495 1836 vita
4538 1772 4712 1837 chri-

2767 1860 3048 1923 stianum
3098 1857 3440 1940 populum
3455 1857 3797 1938 occupari?
3866 1857 4008 1920 Imo
4051 1878 4215 1939 quae
4271 1858 4534 1922 omnino
4570 1859 4712 1935 fuit,

2767 1967 2850 2009 ex
2903 1967 3032 2026 qua
3081 1964 3214 2007 non
3257 1942 3449 2024 plura
3492 1942 3719 2006 deliria
3772 1945 4091 2006 referrent
4143 1944 4466 2021 aniculae,
4515 1964 4713 2026 quam

2768 2030 3168 2097 comminisci
3196 2037 3332 2091 toto
3359 2048 3583 2092 mense
3621 2026 3703 2092 ad
3739 2030 3958 2093 focum
3993 2050 4186 2092 suum
4222 2028 4530 2110 possent?
4600 2026 4714 2093 Sic

2770 2117 2942 2181 enim
2978 2116 3113 2180 fere
3149 2114 3532 2178 distributae
3567 2123 3756 2178 erant
3792 2118 3909 2191 [fol.
3947 2119 4054 2191 28]
4096 2115 4458 2191 0011010888,
4504 2124 4583 2178 81
4616 2114 4714 2177 di-

2768 2200 2968 2265 midia
3020 2221 3174 2283 pars
3218 2199 3589 2281 caliginosis
3642 2199 3772 2263 illis
3816 2198 4185 2263 scholarum
4230 2201 4716 2282 quaestionibus

2770 2287 3054 2365 daretur,
3078 2307 3244 2368 quae
3278 2284 3506 2348 rudem
3543 2285 3946 2367 plebeculam
3987 2284 4578 2368 obstupefacerent:
4618 2284 4715 2349 al-

2769 2381 2910 2438 tera
2953 2393 3186 2436 suaves
3229 2369 3526 2444 fabellas,
3585 2379 3700 2435 aut
3742 2392 3876 2434 non
3909 2370 4286 2434 inamoenas
4326 2370 4714 2452 speculatio-

2716 2525 2719 2536 ,
2770 2480 2889 2523 888
2935 2459 3327 2532 contineret,
3375 2455 3607 2537 quibus
3664 2456 3887 2539 populi
3943 2455 4241 2520 alacritas
4299 2457 4710 2522 excitaretur.

2771 2545 3029 2609 Paucae
3064 2551 3318 2606 tantum
3358 2541 3621 2605 voculae
3657 2539 3738 2605 e‘x
3781 2540 3907 2605 Dei
3942 2542 4139 2606 verbo
4176 2543 4714 2625 aspergebantur,

2771 2651 2938 2711 quae
2992 2629 3188 2693 fidem
3245 2628 3484 2691 talibus
3543 2628 3959 2709 nugamentis
4007 2649 4127 2691 sua
4178 2628 4520 2692 maiestate
4562 2649 4716 2692 con-

2771 2716 3088 2780 ciliarent.
3154 2714 3284 2779 Ubi
3341 2721 3561 2777 autem
3607 2713 3894 2795 primum
3938 2714 4144 2777 nostri
4190 2713 4454 2796 signum
4499 2720 4719 2777 sustu-

2771 2800 3017 2877 lerunt,
3061 2806 3394 2864 momento
3446 2820 3578 2863 uno
3631 2797 3958 2863 discussae
4004 2805 4157 2862 sunt
4199 2798 4371 2896 apud
4419 2820 4535 2864 nos
4579 2820 4719 2862 om-

2773 2907 2890 2951 nes
2933 2886 3084 2951 11188
3128 2885 3420 2950 offuciae.
3502 2883 3728 2949 Vestri
3763 2893 3982 2949 autem
4038 2886 4524 2948 concionatores
4614 2906 4720 2948 ar-

2774 2974 2893 3037 tim
2937 2993 3020 3037 ex
3062 2992 3289 3037 eorum
3330 2969 3513 3035 libris
3557 2971 3649 3035 ita
3692 2970 4142 3052 profecerunt,
4188 2971 4428 3069 partim
4472 2991 4562 3059 pu
4608 2991 4722 3035 ore

2774 3066 2966 3141 atque
3043 3058 3747 3123 obmurmurationibus
3824 3056 4117 3120 omnium
4188 3057 4422 3135 008011,
4490 3077 4723 3121 eorum

2774 3145 3071 3243 exemplo
3106 3145 3200 3207 ita
3237 3164 3306 3207 se
3341 3144 3847 3220 conformarunt,
3876 3142 3923 3226 ¹)
3960 3150 4036 3205 ut
4069 3141 4262 3223 pleno
4299 3107 4565 3226 gutture
4602 3142 4722 3206 ad-

2772 3230 2903 3297 huc
2949 3230 3201 3313 spirent
3253 3236 3543 3294 veterem
3598 3227 3781 3293 illam
3832 3193 4285 3292 insulsitatem.
4346 3227 4441 3293 Ut
4473 3228 4530 3293 81
4575 3229 4727 3310 quis

2773 3317 3091 3380 rationem
3125 3313 3363 3398 agendi
3396 3321 3686 3378 nostram
3723 3334 3873 3379 cum
3914 3313 4048 3391 illa,
4090 3320 4282 3396 atque
4327 3313 4523 3378 etiam
4570 3335 4729 3412 cum

719 3400 926 3464 minio
972 3397 1292 3465 reducere
1348 3420 1756 3498 conaremur,
1801 3400 1987 3465 nobis
2044 3400 2382 3466 1180188118
2402 3402 2670 3465 01181118-
2719 3394 2724 3461 ἰ
2774 3423 2851 3466 88
2886 3423 3052 3484 01188
3087 3401 3280 3464 11οᾰ18
3322 3399 3507 3464 vobis
3543 3407 3643 3464 est
3675 3400 3748 3463 in
3774 3399 3999 3481 pretiO,
4038 3405 4385 3481 comparet,
4428 3420 4561 3464 808
4594 3399 4728 3463 mi-

721 3484 924 3549 runt?

894 3569 1123 3651 Neque
1178 3591 1334 3634 vero
1377 3571 1449 3633 in
1494 3570 1792 3635 doctrina
1837 3570 2210 3635 dubitamus
2255 3569 2338 3635 ad
2380 3579 2672 3636 veterem

723 3655 1064 3721 ecclesiam
1122 3675 1493 3738 provocare.
1578 3656 1669 3719 Et
1722 3657 2059 3737 quoniam,
2120 3657 2400 3738 exempli
2459 3677 2670 3734 causa,

723 3741 937 3823 capita
970 3739 1290 3822 quaedam
1328 3741 1619 3825 attigisti,
1657 3743 1727 3805 in
1770 3741 2004 3823 quibus
2041 3742 2328 3824 aliquam
2363 3763 2483 3807 nos
2519 3765 2672 3825 888-

724 3825 1000 3911 gillandi
1037 3846 1303 3891 causam
1341 3827 1581 3891 habere
1618 3827 1735 3891 tibi
1769 3825 2112 3905 videbariS,
2152 3827 2491 3893 ostendam
2525 3829 2673 3893 bre-

722 3914 929 3989 viter,
973 3933 1170 3994 quam
1215 3912 1435 3994 inique
1489 3914 1777 3995 falsoque
1834 3913 2189 3990 cavilleris,
2249 3936 2326 3978 ea
2377 3914 2578 3978 fuisse
2636 3934 2677 3977 a

725 3996 914 4062 nobis
958 4006 1185 4062 contra
1229 3998 1536 4064 ecclesiae
1572 3999 1968 4063 'sententiam
2024 4001 2404 4081 excogitata.
2468 4001 2674 4064 Ante-

725 4104 923 4165 quam
957 4094 1182 4148 tamen
1218 4082 1300 4147 ad
1335 4084 1582 4166 81180188
1618 4084 1957 4161 descendO,
2003 4084 2411 4149 admonitum
2455 4094 2518 4147 te
2563 4106 2676 4150 ve-

724 4169 872 4245 lim,
920 4170 1117 4233 etiam
1173 4176 1367 4251 81088
1412 4171 1609 4234 811818
1659 4168 2053 4253 consideres,
2102 4192 2227 4252 qua
2284 4172 2534 4234 ratione
2578 4172 2675 4234 vi

725 4256 815 4318 110
855 4264 1076 4319 vertas
1111 4256 1354 4319 nostris
1398 4255 1792 4331 110181811188,
1829 4255 2054 4337 quod
2038 4279 2107 4319 18
2154 4256 2516 4355 scripturae
2562 4278 2676 4320 ex-

723 4340 1145 4423 plicationem
1199 4341 1488 4405 studium
1535 4308 2016 4423 impenderunt.
2087 4340 2234 4407 8018
2278 4344 2485 4419 88118,
2533 4350 2676 4405 tan-

725 4433 862 4490 tam
906 4425 1107 4489 verbo
1151 4427 1279 4490 Dei
1323 4426 1538 4492 lucem
1583 4428 1719 4492 suis
1765 4427 2320 4492 lucubrationibus
2355 4426 2674 4504 181811888,

724 4518 803 4575 81
858 4511 981 4577 hoc
1035 4512 1108 4574 in
1161 4533 1400 4594 genere
1456 4513 1634 4577 omni
1691 4512 1879 4576 laude
1947 4513 2121 4595 ipsos
2177 4512 2509 4590 fraudare,
2567 4479 2674 4576 vei

724 4596 1092 4663 invidiam'
1076 4618 1287 4679 ipsam
1322 4596 1580 4680 pudeat.
1649 4598 1966 4663 Eiusdem
2001 4607 2102 4664 est
2144 4599 2460 4675 candoris,
2503 4597 2675 4680 quod

724 4682 949 4760 tradis,
993 4682 1311 4766 populum
1350 4685 1627 4766 spinosis
1671 4683 2144 4767 subtilibusque
2187 4684 2674 4766 quaestionibus

724 4769 925 4834 fuisse
970 4791 1009 4833 a
1050 4768 1235 4833 nobis
1271 4769 1635 4835 seductum:
1681 4770 1964 4873 adeoque
2008 4792 2124 4853 per
2166 4771 2344 4834 illam
2390 4768 2673 4852 philoso-

724 4855 981 4936 phiam,
1028 4876 1066 4917 a
1104 4874 1230 4937 qua
1265 4875 1497 4921 cavere
1543 4857 1726 4920 iubet
1762 4846 2172 4921 Christianos
2208 4856 2458 4921 Paulus
2500 4854 2729 4938 (Col.

726 4939 914 5024 82)
949 4939 1484 5007 circumductum.
1542 4940 1763 5021 Quid?
1813 4943 1964 5005 Non
1989 4944 2037 5021 ¹)
2075 4942 2449 5020 meministi,
2485 4941 2675 5023 quale

866 5229 926 5295 1)
966 5230 1058 5287 Sic
1092 5233 1210 5287 sola
1235 5233 1495 5302 princeps
1539 5248 1658 5287 cum
1708 5232 1952 5285 versione
1981 5232 2204 5300 yauwa.
2277 5232 2532 5287 Gaeterae
2567 5248 2675 5286 om·

727 5312 826 5352 nes
860 5296 1025 5364 (1540
1059 5305 1257 5371 seqqff)
1289 5302 1447 5357 Num.
1549 5329 1566 5351 s

2776 3489 3026 3551 nimam
3079 3494 3144 3551 te
3202 3487 3389 3550 nobis
3445 3486 3758 3548 iniuriam
3813 3486 4041 3551 fecisse
4112 3492 4441 3569 agnoscat.
4527 3483 4728 3565 Quod

2777 3574 2832 3638 si
2878 3573 3069 3671 paulo
3115 3572 3391 3636 ulterius
3436 3571 3628 3635 Pauli
3673 3569 3876 3635 verba
3916 3577 4348 3652 prosequutus
4393 3591 4585 3650 esses,
4623 3571 4726 3634 fa-

2778 3659 2897 3724 0118
2955 3658 3170 3741 quivis
3223 3678 3386 3740 puer
3434 3656 3901 3745 intellexisset,
3964 3656 4032 3719 in
4087 3675 4206 3720 vos
4250 3656 4477 3737 procul
4522 3655 4729 3720 dubio

2779 3752 3175 3844 competere,
3243 3729 3441 3824 quod
3483 3742 3670 3807 nobis
3735 3744 3981 3806 crimen
4035 3741 4363 3825 impingis.
4443 3742 4732 3807 Inanem

2779 3832 2955 3894 enim
3006 3828 3495 3927 philosophiam
3548 3827 3680 3891 illic
3732 3827 3982 3892 Paulus
4038 3828 4522 3925 interpretatur
4576 3848 4735 3892 eam

2779 3937 2949 3993 esse,
2997 3936 3162 3997 quae
3205 3915 3346 3996 pias
3390 3913 3643 3978 animas
3687 3934 3814 3995 per
3847 3913 4351 3991 constitutiones,
4380 3912 4734 3978 hominum

2780 4009 2847 4066 et
2887 4001 3211 4065 elementa
3259 3999 3459 4064 huius
3514 3999 3746 4063 mundi
3804 3997 4266 4080 depraedatur,
4322 3998 4559 4081 quibus
4600 4019 4735 4064 vos

2780 4087 3118 4152 ecclesiam
3162 4083 3553 4168 perdidistis.

2951 4173 3042 4236 Et
3085 4173 3223 4254 ipse
3265 4182 3377 4234 tuo
3421 4169 3654 4234 deinde
3689 4170 4057 4234 testimonio
4101 4189 4218 4233 808
4260 4170 4568 4236 absolvis:
4606 4169 4731 4252 081

2781 4258 2954 4323 inter
2998 4256 3304 4340 dogmata
3348 4265 3600 4334 nostra,
3648 4276 3810 4339 quae
3855 4254 4247 4354 exagitanda
4289 4256 4409 4321 tibi
4454 4255 4728 4334 duxisti,

2726 4334 3035 4407 'nullum
3092 4344 3371 4425 profers,
3410 4342 3596 4405 08188
3653 4341 3937 4424 cognitio
3988 4360 4119 4404 non
4159 4341 4245 4405 sit
4288 4339 4370 4405 ad
4412 4341 4733 4407 ecclesiae

2781 4428 3297 4493 aedificationem
3343 4428 3415 4490 in
3450 4426 3680 4508 primis
3721 4427 4105 4492 necessaria.
4170 4425 4360 4491 Fidei
4408 4427 4733 4491 iustifica—

2781 4516 3027 4577 tionem
3081 4517 3293 4612 primo
3353 4512 3492 4577 loco
3544 4514 3840 4595 attingis:
3902 4510 3981 4576 de
4035 4533 4167 4593 qua
4203 4511 4393 4583 nobis
4435 4513 4737 4595 primum

2780 4607 2846 4663 et
2900 4600 3289 4663 acerrimum
3343 4605 3675 4663 certamen
3741 4597 4072 4662 vobiscum
4140 4605 4254 4661 est.
4347 4599 4556 4663 Estne
4609 4597 4740 4664 1118

2782 4685 3045 4766 spinosa
3085 4694 3151 4749 et
3195 4683 3442 4749 inutilis
3496 4683 3827 4766 quaestio?
3911 4684 4030 4760 At,
4079 4682 4337 4747 sublata
4390 4684 4528 4749 eius
4573 4704 4740 4769 cog-

2724 4840 2727 4845 ,
2782 4770 3046 4848 81110118,
3085 4778 3151 4835 81
3184 4770 3436 4836 Christi
3471 4769 3679 4853 gloria
3715 4769 4037 4833 exstincta
4080 4776 4197 4847 est,
4235 4763 4302 4833 e‘t
4344 4770 4582 4834 abolita
4622 4792 4741 4835 re-

2781 4856 2966 4940 ligio,
3014 4865 3081 4921 81
3125 4856 3395 4922 80018818
3439 4855 3793 4931 destructa,
3851 4861 3918 4918 et
3970 4874 4117 4935 spes
4176 4854 4402 4920 salutis
4458 4857 4739 4938 penitus

2919 5165 2976 5231 1)
3018 5163 3111 5218 Sic
3134 5165 3301 5218 latini
3329 5167 3456 5219 libri
3476 5183 3671 5235 omnes,
3709 5172 3769 5221 ut
3803 5169 4010 5221 ironice
4032 5167 4231 5222 dictum
4264 5167 4531 5221 videatur.
4594 5163 4743 5220 Gal-

2780 5234 2865 5287 lus
2900 5233 3137 5288 lucadius
3181 5233 3449 5289 reddidit.-
3496 5252 3690 5291 encore
3741 5250 3807 5289 88
3856 5252 3913 5289 88
3961 5246 4090 5303 peut
4136 5236 4269 5289 faire
4307 5252 4377 5303 qu
4380 5234 4465 5289 1lz
4500 5248 4569 5287 118
4608 5249 4741 5290 sen-

2782 5309 2899 5357 tent
2936 5304 2969 5357 a
3003 5302 3183 5370 pleine
3222 5320 3385 5373 gorge
3425 5312 3569 5360 ceste
3607 5305 3783 5360 vieille
3821 5305 4023 5359 bestise
4060 5310 4115 5358 et
4148 5306 4375 5358 asnerie.
