5100 6061
693 396 821 459 243

690 580 1041 665 quominus
1076 598 1218 644 sese
1252 578 1435 644 velut
1469 577 1769 644 devotam
1810 596 1963 641 arae
1997 573 2333 639 victimam
2374 573 2448 637 in
2492 594 2643 639 cru-

694 668 938 733 ciatum
983 666 1287 731 alacriter
1330 664 1547 743 daret,
1606 664 1749 727 11116
1803 661 1871 726 id
1927 660 2190 743 quidem
2244 659 2415 725 facit.
2506 657 2643 724 Sed

694 751 890 819 simul
935 752 1206 836 cogitet,
1261 751 1480 834 ipsum
1523 770 1656 814 una
1699 749 1822 812 hac
1865 747 2254 830 cogitatione
2296 745 2645 810 infractam

692 838 874 903 illam
914 837 1117 902 animi
1154 835 1676 920 magnitudinem
1697 833 1781 897 ad
1803 841 2170 897 extremum
2209 838 2650 896 sustentasset*

690 924 865 1008 quod
906 945 1110 1007 quum
1152 929 1440 987 mentem
1480 921 1553 984 in
1588 920 1716 985 Dei
1758 918 2163 996 mandatum,
2209 938 2336 1001 quo
2381 915 2464 981 ad
2509 917 2646 999 pie-

693 1010 854 1075 tatis
911 1009 1382 1076 confessionem
1441 1005 1826 1083 vocabatur,
1887 1005 2476 1088 cogitationemque
2532 1002 2646 1067 de-

691 1097 895 1161 fixam
937 1096 1201 1178 penitus
1246 1092 1542 1157 haberet:
1602 1091 1798 1157 simul
1854 1112 1893 1153 a
1948 1089 2191 1155 talibus
2236 1088 2642 1172 spectaculis,

693 1200 970 1264 quorum
1004 1188 1256 1243 terrore
1278 1177 1584 1245 vacillare
1620 1186 1894 1260 poterat,
1937 1181 2084 1255 [pag.
2112 1182 2177 1255 7]
2214 1182 2420 1239 totam
2457 1195 2645 1238 aver-

694 1266 887 1332 tebat.
949 1266 1195 1331 Vocem
1231 1285 1386 1347 ergo
1421 1263 1626 1328 edidit
1660 1263 1744 1328 ad
1779 1283 2040 1327 omnem
2076 1261 2339 1343 quidem
2375 1262 2643 1324 immor-

693 1352 1015 1417 talitatem
1058 1350 1584 1429 consecrandam,
1630 1349 1744 1413 sed
1787 1369 1921 1412 non
1962 1347 2157 1412 laude
2201 1347 2413 1430 magis
2447 1366 2645 1428 quam

690 1439 1054 1502 imitatione
1096 1435 1383 1520 dignam.
1472 1435 1578 1499 Ita
1609 1443 1709 1499 est
1749 1454 1926 1499 sane.
2017 1431 2465 1514 Quaecunque
2502 1452 2644 1497 sese

692 1522 877 1588 nobis
921 1524 1183 1607 ingerat
1224 1521 1330 1586 vel
1375 1521 1558 1598 boni,
1605 1520 1712 1585 vel
1757 1518 2081 1584 commodi
2138 1519 2416 1601 species,
2472 1537 2642 1600 quae

690 1630 811 1674 nos
848 1609 955 1673 vel
1011 1608 1221 1672 latum
1255 1628 1547 1690 unguem
1591 1628 1631 1670 a
1664 1606 1871 1687 patris
1915 1606 2125 1670 nostri
2162 1604 2455 1670 coelestis
2490 1603 2642 1668 obe·

692 1695 938 1759 dientia
982 1695 1332 1770 subducat,
1389 1692 1735 1757 confestim
1791 1711 2131 1756 occurrere
2187 1691 2435 1773 primae
2480 1688 2641 1754 deli-

689 1781 1007 1846 berationi
1043 1802 1163 1845 nos
1200 1778 1408 1844 decet:
1456 1777 1630 1860 quod
1665 1799 1771 1842 res
1808 1776 1968 1841 adeo
2002 1784 2247 1854 sancta,
2294 1796 2490 1859 quam
2524 1795 2642 1839 no-

689 1865 787 1931 bis
833 1874 1137 1932 sanctum
1181 1886 1323 1930 6666
1368 1862 1559 1929 (161161
1592 1863 2039 1946 611616611116116
2073 1862 2204 1926 Dei
2235 1861 2640 1938 mandatum,

688 1974 821 2017 non
845 1964 1033 2016 extra
1055 1972 1318 2018 omnem
1358 1949 1549 2015 modo
1578 1948 2113 2027 controversiam,
2160 1947 2273 2012 sed
2320 1946 2642 2013 delibera-

690 2040 934 2103 tionem
980 2056 1235 2120 quoque
1280 2036 1494 2118 posita
1530 2036 1631 2099 sit.
1714 2033 1936 2115 Quum
1974 2035 2152 2098 enim
2192 2034 2483 2116 primum
2530 2032 2642 2098 de-

688 2123 969 2190 liberare
1012 2122 1200 2187 nobis
1244 2121 1709 2204 permittimus,
1747 2122 1880 2185 iam
1923 2122 2088 2184 fines
2132 2140 2207 2184 eo
2242 2121 2382 2203 ipso
2425 2126 2643 2184 trans-

691 2209 975 2274 silimus:
1036 2208 1274 2290 quibus
1319 2208 1642 2286 refractis,
1701 2206 2019 2270 nimirum
2068 2206 2297 2289 procul
2354 2205 2641 2288 evagari,

687 2295 1082 2379 longiusque
1138 2294 1469 2371 aberrare,
1526 2313 1863 2375 perquam·
1898 2292 2188 2375 proclive
2246 2300 2362 2357 est.
2452 2291 2641 2356 Haeo

689 2388 919 2445 eontra
963 2400 1374 2445 communem
1418 2379 1715 2443 omnium
1768 2386 2144 2444 nostrorum
2196 2375 2638 2455 timiditatem,

690 2486 824 2530 non
868 2466 1110 2549 absque
1150 2485 1375 2541 causa,
1431 2472 1780 2547 antequam
1823 2464 1908 2529 ad
1950 2464 2069 2529 tibi
2110 2462 2642 2546 respondendum

691 2550 1113 2636 aggrederer,
1174 2552 1458 2635 praefari
1511 2549 1727 2615 libuit:
1791 2549 1968 2634 quod
2024 2549 2282 2614 videam
2342 2548 2482 2614 eius
2537 2551 2643 2632 (ut

687 2638 785 2703 ita
830 2638 1070 2720 dicam)
1125 2637 1516 2720 lippitudine
1571 2638 1783 2720 magis
1837 2636 2091 2701 animos
2135 2643 2392 2701 nostros
2433 2635 2641 2718 impe-

690 2723 834 2801 diri,
881 2745 965 2787 ne
1003 2744 1235 2788 verum
1270 2724 1395 2787 hac
1429 2724 1501 2786 in
1535 2729 1722 2806 parte
1758 2728 2048 2800 cernant,
2085 2742 2279 2804 quam
2316 2721 2446 2786 alia
2481 2741 2640 2803 qua-

690 2809 793 2874 vis
834 2809 1259 2893 ignoratione.
1330 2810 1429 2874 Ac
1474 2808 1734 2892 longius
1773 2810 2050 2874 fortasse
2083 2807 2151 2871 id
2188 2807 2454 2889 quidem
2496 2807 2638 2885 feci,

688 2915 884 2977 quam
929 2915 1033 2959 res
1077 2894 1329 2959 ferebat
1358 2896 1526 2977 ipsa:
1576 2906 1645 2959 at
1678 2906 1851 2959 certe
1887 2893 2149 2959 brevius
2182 2894 2398 2972 etiam,
2445 2914 2642 2975 quam

688 2981 886 3047 huius
975 2980 1267 3046 ostulent
1308 2981 1548 3046 saeculi
1591 2999 1832 3047 mores:
1879 2980 2140 3063 quando
2172 2979 2488 3063 plurimos
2524 2979 2640 3043 ho-

688 3067 793 3132 die
836 3067 911 3133 vi
956 3088 1061 3145 ee,
1121 3068 1235 3150 6111
1290 3067 1421 3131 11161
1476 3066 1911 3152 obiurgatorio
1955 3086 2311 3149 aspereque
2357 3064 2440 3129 ad
2486 3087 2639 3131 san-

688 3154 954 3237 guinem
1000 3173 1205 3236 paene
1251 3175 1458 3236 usque
1502 3153 1911 3232 vellicentur,
1966 3151 2049 3216 ad
2094 3172 2356 3216 omnem
2400 3149 2638 3216 doctri-

687 3261 843 3304 nam
884 3239 1377 3304 obsurdescunt.
1466 3239 1610 3302 Iam
1656 3238 1832 3303 istud
1878 3258 2137 3321 quoque
2180 3238 2392 3302 nostri
2436 3257 2639 3320 aeque

688 3345 764 3391 66
808 3325 1218 3391 saeculorum
1246 3325 1559 3390 omnium
1594 3325 1835 3390 vitium
1880 3332 1999 3402 est,
2046 3331 2183 3387 tam
2219 3323 2439 3390 vafras
2474 3344 2635 3402 esse,

688 3411 1022 3489 amabiles,
1069 3412 1407 3492 captiosas,
1455 3411 1892 3493 speciosisque
1935 3416 2311 3492 praetextas
2356 3410 2638 3473 nomini-

689 3497 827 3574 bus,
875 3495 957 3561 ad
998 3493 1407 3560 illudendum
1448 3516 1999 3579 unumquemque,
2043 3495 2259 3560 carnis
2304 3516 2460 3560 61166
2495 3494 2639 3559 1116-

684 3581 928 3659 6611166,
974 3589 1052 3645 111
1091 3580 1276 3646 1116111
1321 3602 1543 3647 616616
1588 3604 1627 3646 6
1671 3581 1959 3647 6011611116
2014 3581 2283 3659 11061116,
2343 3581 2640 3665 abigere·

686 3688 832 3750 quo,
875 3667 1127 3750 primus
1172 3668 1258 3731 sit
1309 3667 1601 3750 sapiendi
1647 3666 1910 3752 gradus.
1998 3667 2230 3749 Neque
2275 3687 2432 3730 vero
2477 3667 2638 3732 adeo

684 3755 948 3837 ingenio
991 3763 1104 3817 tuo
1149 3753 1389 3832 diffido,
1435 3760 1510 3817 ut
1543 3760 1801 3818 tantum
1845 3756 1917 3818 in
1961 3752 2367 3818 exhortando
2404 3752 2638 3818 verbo-

686 3861 833 3904 rum
876 3840 1208 3922 positurus
1252 3840 1504 3917 fuerim,
1552 3841 1606 3904 si
1643 3841 1738 3904 tui
1775 3840 1969 3905 unius
2007 3837 2114 3904 hic
2149 3839 2472 3904 rationem
2517 3838 2637 3904 du-

685 3946 919 3991 cerem.
1011 3923 1192 3990 Satis
1236 3927 1412 3990 enim
1456 3947 1780 4009 superque
1825 3934 1960 3989 tam
2003 3923 2296 4008 placidae
2329 3943 2636 3990 1116116116-

686 4018 920 4093 1666116
966 4010 1278 4076 docilitati
1319 4011 1517 4075 fuerit
1562 4012 1904 4095 (quantam
1951 4031 2091 4076 esse
2126 4017 2313 4075 tuam
2347 4011 2637 4094 permul-

685 4096 769 4161 tis
811 4095 1200 4161 iamdudum
1244 4099 1654 4180 argumentis
1690 4119 1838 4162 sum
1874 4105 2214 4180 expertus)
2257 4096 2639 4179 simpliciter

684 4181 1085 4247 admonitam
1129 4203 1205 4249 ac
1249 4183 1544 4248 edoctam
1599 4205 1757 4249 esse.
1848 4184 2096 4248 Verum
2147 4182 2301 4246 dum
2348 4184 2636 4266 postula-

684 4270 770 4333 tis
813 4268 945 4332 tuis
980 4270 1290 4351 privatim
1313 4270 1687 4335 satisfacere
1730 4269 2031 4336 instituo:
2061 4271 2214 4352 quia
2250 4277 2471 4334 tamen
2494 4271 2635 4335 61116

681 4356 941 4439 generis
986 4374 1090 4419 res
1136 4365 1263 4433 est,
1312 4356 1391 4420 de
1435 4376 1563 4438 qua
1604 4356 2004 4440 interrogas,
2062 4355 2136 4420 111
2178 4374 2307 4437 6116
2352 4361 2419 4419 61
2458 4357 2634 4438 peri-

682 4440 901 4506 culose
934 4447 1001 4504 et
1019 4439 1222 4525 vulgo
1254 4450 1581 4523 peccatur,
1618 4463 1754 4506 11011
1786 4443 2048 4519 frustra,
2086 4460 2208 4504 nec
2242 4441 2382 4504 sine
2417 4441 2635 4506 fructu

681 4526 898 4609 aliquo
921 4526 1248 4590 facturum
1280 4547 1389 4590 me
1417 4528 1806 4606 existimavi,
1845 4529 1900 4593 si
1936 4527 2165 4593 eadem
2202 4526 2399 4591 simul
2434 4546 2635 4608 opera

681 4611 1129 4695 compluribus
1172 4633 1278 4676 me
1312 4612 1619 4679 docendis
1655 4615 2231 4691 accommodarem,
2276 4612 2386 4694 qui
2418 4612 2491 4676 in
2524 4634 2632 4677 eo-

681 4698 828 4763 dem
864 4704 1217 4763 versantur
1248 4719 1496 4763 errore:
1539 4708 1615 4763 ut
1658 4702 1713 4765 si
1755 4702 1868 4783 6111
1898 4700 2064 4765 forte
2096 4718 2322 4764 eorum
2357 4698 2429 4762 in
2461 4697 2632 4765 hanc

680 4784 1050 4868 Epistolam
1085 4783 1439 4850 inciderint
1470 4785 1538 4869 (e
1585 4807 1622 4850 o
1657 4794 1879 4851 autem
1912 4806 2139 4851 omnes
2172 4782 2461 4849 incidere
2494 4803 2632 4848 non

679 4870 872 4936 modo
916 4869 1108 4935 facile
1159 4871 1403 4953 patiar,
1462 4892 1531 4936 se
1630 4873 1829 4937 etiam
1868 4871 2297 4937 vehementer
2339 4869 2627 4953 cupiam)

680 4957 803 5022 sibi
837 4976 1096 5039 quoque
1140 4956 1454 5040 scriptam
1496 4965 1758 5040 putent:
1806 4963 1873 5022 et
1904 4956 2225 5041 siquidem
2261 4956 2629 5022 auscultare

681 5041 922 5121 volent,
971 5042 1257 5107 habeant
1297 5064 1496 5127 quam
1540 5051 1901 5125 sequantur
1941 5044 2137 5108 officii
2184 5041 2287 5108 6111
2330 5041 2629 5107 admoni-

679 5127 955 5192 tionem:
1004 5128 1108 5193 sin
1139 5130 1377 5208 minus,
1410 5128 1860 5194 testimonium
1897 5129 2130 5194 saltem
2169 5128 2523 5193 adversum
2559 5149 2629 5193 se

680 5213 1018 5295 accipiant,
1062 5236 1188 5298 quo
1232 5215 1725 5292 convincantur,
1769 5214 2063 5294 scientes,
2109 5214 2492 5297 prudentes,
2555 5236 2630 5280 ac

680 5300 879 5364 etiam
920 5299 1214 5367 volentes
1258 5301 1331 5365 in
1374 5299 1653 5366 exitium
1693 5319 1887 5366 suum
1931 5302 2315 5383 perrexisse.

2412 380 2879 453 EPISTOLA
2921 384 2973 451 I.

4571 388 4699 451 244

2922 580 3068 653 [pag.
3107 579 3173 654 8]
3228 572 3565 657 Principio
3607 574 3680 638 in
3724 572 3793 638 id
3836 593 3985 650 nos,
4033 571 4216 637 velut
4257 571 4492 640 defixis
4545 595 4698 640 ocu·

2748 659 2833 725 lis
2876 679 3136 743 semper
3166 660 3409 724 intueri
3443 660 3770 739 convenit,
3815 657 3987 741 quod
4021 657 4356 742 discipulis
4389 660 4526 725 suis
4559 680 4698 725 om-

2748 747 2941 812 nibus
2974 745 3282 828 proponit
3313 744 3637 823 Christus,
3674 744 3830 810 dum
3861 743 4073 827 primo
4107 764 4216 810 eos
4247 745 4508 810 scholae
4541 766 4699 811 suae

2733 832 3048 898 tirocinio
3102 831 3334 895 initiat.
3424 832 3598 897 Nam
3654 831 3764 896 ubi
3819 851 3857 895 a
3909 831 4011 895 sui
4063 831 4354 913 ipsorum
4416 833 4699 916 abnega-

2750 918 2927 982 tione
2971 918 3307 999 crucisque
3360 917 3712 983 tolerantia
3760 917 4084 1000 auspicari
4139 937 4249 981 eos
4305 916 4554 996 docuit,
4609 918 4698 983 si·-

2750 1003 2889 1068 mul
2933 1011 2998 1068 et
3043 1003 3165 1069 hoe
3209 1003 3470 1068 subiicit
3512 1004 3703 1087 (Luc.
3743 1008 3800 1081 9,
3841 1003 3986 1084 26):
4041 1000 4178 1082 Qui
4229 1023 4336 1068 me
4393 1011 4461 1069 et
4517 1023 4698 1069 meos

2750 1109 3083 1154 sermones
3108 1089 3448 1155 erubuerit
3468 1110 3690 1154 coram
3725 1088 4115 1166 hominibus,
4153 1089 4333 1155 hunc
4364 1089 4541 1154 filius
4577 1088 4698 1153 ho-

2749 1175 2947 1240 minis
2991 1174 3358 1254 erubescet,
3402 1196 3607 1257 quum
3649 1176 3910 1239 venerit
3946 1174 4020 1238 in
4060 1175 4404 1240 maiestate
4447 1195 4589 1253 sua,
4631 1182 4700 1240 et

2748 1262 2973 1344 patris,
3018 1269 3082 1325 et
3127 1268 3503 1326 sanctorum
3547 1260 3945 1343 angelorum.
4035 1260 4184 1327 Hoc
4227 1281 4384 1344 ergo
4430 1261 4613 1326 nobis
4658 1282 4702 1326 a

2750 1345 3019 1412 Christo
3051 1345 3358 1424 Domine,
3395 1367 3602 1429 quum
3634 1349 3702 1410 in
3738 1345 3878 1411 eius
3911 1346 4225 1412 familiam
4260 1348 4546 1429 primum
4582 1345 4697 1411 ad-

2748 1432 3113 1511 scribimur,
3159 1432 3326 1497 edici
3371 1434 3897 1497 meminerimus:
3957 1432 4079 1497 hoc
4121 1440 4512 1515 perpetuum
4555 1454 4698 1497 6666

2747 1518 3064 1596 6(116111111,
3111 1520 3182 1582 111
3226 1539 3485 1583 0111116111
3530 1520 3736 1584 vitam
3780 1519 3862 1582 iis
3907 1518 4424 1602 promulgatum,
4471 1520 4579 1601 qui
4622 1519 4698 1582 in

2747 1606 2885 1669 eius
2926 1625 3129 1688 regno
3173 1605 3425 1670 censeri
3471 1603 3728 1670 volent:
3776 1611 3851 1668 ut
3894 1605 3949 1669 si
4001 1624 4156 1669 vera
4199 1604 4414 1669 cordis
4455 1606 4700 1687 pietate

2747 1691 2889 1756 eius
2934 1689 3222 1773 amplexi
3247 1697 3402 1755 sunt
3446 1688 3829 1769 doctrinam,
3876 1711 4020 1755 eam
4045 1691 4257 1774 ipsam
4303 1688 4516 1756 cordis
4558 1690 4697 1774 pie-

2749 1784 2944 1841 tatem
2972 1784 3248 1840 externa
3290 1776 3688 1859 professione
3714 1773 4063 1842 declarent.
4133 1776 4224 1840 Et
4247 1796 4425 1856 sane,
4450 1783 4698 1859 quanta

2745 1863 2945 1927 fuerit
2986 1862 3388 1945 improbitas,
3440 1883 3592 1927 eum
3634 1861 3809 1927 nolle
3855 1862 4027 1927 inter
4054 1861 4352 1928 homines
4382 1864 4695 1946 profiteri,

2747 1969 2786 2012 a
2829 1969 2956 2031 quo
3002 1969 3071 2013 66
3114 1968 3334 2013 6016111
3380 1947 3634 2031 angelis
3669 1949 3933 2032 agnosci
3958 1947 4191 2014 velint:
4240 1956 4307 2012 et
4349 1968 4548 2031 quam
4571 1949 4694 2013 sibi

2745 2034 2816 2098 in
2858 2034 3034 2099 60610
3078 2041 3375 2098 constare
3419 2034 3626 2098 velint
3668 2035 3796 2099 Dei
3843 2035 4205 2107 veritatem,
4251 2034 4320 2098 in
4363 2042 4541 2099 terra
4583 2035 4697 2100 ab·

2745 2118 3030 2203 negare?
3101 2117 3322 2199 Quare
3365 2140 3496 2183 non
3541 2126 3641 2185 est
3682 2119 3855 2202 quod
3901 2118 4134 2185 callida
4178 2119 4697 2186 dissimulatione

2746 2205 2874 2269 iam
2922 2205 3029 2272 hic
3073 2205 3199 2270 sibi
3241 2206 3583 2289 quisquam
3614 2205 3881 2288 placeat,
3927 2212 4042 2270 aut
4071 2203 4234 2270 falsa
4263 2205 4527 2287 pietatis
4559 2208 4695 2290 opi·

2746 2292 2941 2356 nione
2985 2290 3386 2371 blandiatur,
3444 2311 3590 2356 eam
3647 2312 3717 2356 66
3777 2291 3997 2356 fovere
4053 2292 4122 2355 in
4182 2291 4374 2357 corde
4418 2293 4694 2376 fingens,
4814 2359 4833 2376 ,

2747 2398 2946 2459 quam
2980 2378 3273 2442 externis
3306 2376 3870 2442 testificationibus
3905 2397 4172 2459 prorsus
4204 2383 4471 2443 evertat.
4518 2378 4697 2443 Vera

2747 2464 2924 2528 enim
2969 2464 3196 2546 pietas,
3245 2483 3468 2528 veram
3515 2464 3990 2528 confessionem
4022 2464 4212 2546 parit.
4278 2463 4418 2528 Nec
4445 2483 4697 2529 vanum

2748 2548 2973 2614 haberi
3021 2548 3215 2615 debet
3255 2549 3427 2631 quod
3472 2550 3562 2612 ait
3591 2549 3857 2614 Paulus
3891 2549 4106 2631 (Rom.
4140 2554 4234 2627 10,
4269 2549 4405 2634 10):
4450 2547 4695 2629 Quem-

2748 2632 3098 2699 admodum
3141 2635 3332 2700 corde
3377 2633 3461 2699 ad
3503 2636 3822 2699 iustitiam
3865 2634 4181 2713 creditur,
4238 2636 4333 2699 ita
4388 2655 4499 2699 016
4552 2636 4693 2700 fieri

2745 2722 3215 2786 confessionem
3259 2720 3340 2785 ad
3387 2721 3684 2785 salutem.
3775 2721 4078 2803 Denique
4122 2742 4275 2787 suos
4319 2718 4404 2785 ad
4445 2722 4694 2786 confes-

2747 2808 2995 2871 sionem
3036 2815 3228 2872 vocat
3259 2807 3619 2872 Dominus:
3666 2828 3862 2890 quam
3908 2807 4019 2888 6111
4068 2806 4446 2886 detrectant,
4494 2806 4694 2871 alium

2745 2892 2869 2957 61111
2908 2894 3296 2976 magistrum
3332 2900 3650 2975 quaerant
3693 2900 3973 2975 oportet:
4021 2892 4281 2975 quando
4315 2892 4399 2957 ab
4429 2914 4505 2957 60
4539 2893 4694 2957 ferri

2746 3000 2896 3045 cum
2923 2979 2967 3060 ¹)
3030 3000 3153 3045 sua
3207 2979 3622 3044 simulatione
3681 2999 3814 3045 non
3870 2987 4160 3062 possunt.
4252 2977 4548 3059 Quaerat
4590 2979 4693 3045 hic

2745 3067 3096 3148 quispiam:
3153 3066 3334 3130 Num
3392 3066 3598 3148 igitur
3640 3067 3766 3147 6111
3803 3067 3976 3130 111161
4018 3065 4293 3149 impiam
4348 3086 4424 3130 ac
4468 3086 4694 3148 super-

2745 3152 3066 3216 stitiosam
3100 3151 3594 3216 multitudinem
3626 3153 3823 3233 pauci
3856 3172 3930 3217 ac
3967 3151 4243 3235 dispersi
4265 3150 4505 3216 vivunt
4534 3150 4690 3217 fide-

2743 3236 2868 3314 les,
2926 3238 3035 3315 iis,
3095 3258 3224 3320 quo
3267 3237 3465 3302 fidem
3509 3257 3697 3302 suam
3743 3239 3868 3302 rite
3913 3238 4374 3315 testificentur,
4431 3258 4694 3310 necesse

2744 3324 2831 3389 sit
2874 3331 3249 3406 opportune,
3295 3324 3689 3406 importune,
3737 3323 3992 3407 publice
4028 3322 4224 3388 simul
4269 3343 4344 3387 66
4382 3323 4696 3405 privatim

2744 3409 2813 3473 in
2837 3430 3108 3473 suorum
3129 3409 3537 3492 popularium
3563 3409 3967 3493 impietatem
3992 3407 4373 3476 vociferari?
4399 3408 4483 3472 ad
4505 3429 4695 3492 prae-

2744 3493 3085 3560 dicandam
3116 3493 3246 3560 Dei
3283 3497 3628 3560 veritatem
3659 3495 3908 3578 plateas
3944 3515 4101 3560 06611
4150 3493 4694 3580 616161166661116

2743 3580 3220 3647 conscendere?
3280 3581 3620 3646 conciones
3666 3580 4032 3647 advocare?
4169 3582 4180 3594 '
4233 3581 4364 3644 ime
4409 3581 4475 3645 id
4521 3602 4690 3648 vero.

2744 3665 2924 3747 Quin
2977 3669 3194 3751 potius
3250 3689 3453 3750 quum
3504 3667 3922 3749 peculiariter
3978 3667 4060 3732 ad
4102 3666 4288 3732 verbi
4339 3666 4442 3731 sui
4499 3666 4694 3731 mini-

2743 3755 3019 3818 sterium
3062 3761 3353 3818 accersat
3394 3754 3720 3818 Dominus
3766 3754 3904 3819 sive
3949 3753 4303 3836 apostolos,
4361 3753 4503 3817 sive
4545 3774 4693 3836 pro-

2789 3839 2996 3917 hetas,
3044 3840 3185 3903 sive
3231 3840 3523 3916 1111116106,
3572 3861 3686 3903 6611
3719 3861 3847 3921 6110
3880 3838 4008 3903 6110
4053 3839 4317 3904 1101111116
4361 3838 4692 3921 appellare
4767 3847 4768 3850 ’

2740 3861 2929 4002 libet,
2990 3946 3267 4007 quorum
3311 3945 3504 3991 voces
3559 3925 3818 4007 publice
3873 3944 4223 4007 personare
4267 3923 4457 3988 velit:
4514 3923 4693 3989 idem

2742 4012 2822 4077 ab
2868 4010 3169 4076 omnibus
3211 4011 3455 4094 passim
3504 4013 3747 4076 tentari
3779 4009 3939 4076 adeo
3971 4031 4234 4076 necesse
4278 4030 4409 4074 non
4456 4020 4572 4087 est,
4615 4016 4692 4074 ut

2739 4118 2863 4163 1166
2908 4097 3174 4160 0111111110
3218 4096 3537 4179 expediat,
3583 4116 3658 4161 ac
3701 4118 3786 4161 ne
3832 4097 4058 4162 (166661
4089 4094 4370 4180 6111ᾶ6111.
4439 4093 4690 4176 Quam-

2740 4183 2964 4248 obrem
3023 4182 3144 4248 hoc
3202 4183 3529 4266 agendum
3570 4183 3811 4266 magis,
3871 4189 3950 4249 ut
3996 4181 4244 4267 singuli
4299 4181 4453 4263 quid
4500 4200 4689 4248 voca-

2740 4269 2899 4333 tioni
2944 4288 3122 4347 suae,
3167 4289 3415 4351 suoque
3457 4267 3674 4333 ordini
3717 4269 4093 4347 conveniat,
4137 4288 4257 4350 pro
4300 4287 4373 4332 se
4416 4268 4690 4350 quisque

2738 4356 3051 4438 cogitent:
3099 4355 3204 4418 6111
3248 4356 3305 4418 61
3348 4356 3590 4437 optime
3633 4354 4088 4437 respondeant,
4135 4353 4326 4437 quod·
4353 4354 4546 4419 officii
4583 4353 4688 4417 6111

2738 4449 2839 4505 661
2882 4440 3307 4524 praestabunt
3360 4441 3559 4505 etiam
3613 4441 3870 4523 optime.
3963 4439 4148 4521 Quos
4191 4438 4375 4504 verbi
4417 4439 4521 4504 sui
4563 4439 4689 4502 mi-

2738 4526 3008 4590 nisterio
3047 4525 3374 4591 Dominus
3420 4527 3730 4605 destinat,
3784 4526 3864 4591 iis
3909 4526 4114 4591 veluti
4159 4526 4489 4609 publicam
4539 4545 4689 4608 per-

2736 4633 2964 4676 sonam
3006 4612 3314 4695 imponit,
3359 4621 3436 4676 ut
3479 4633 3706 4678 eorum
3750 4633 3879 4676 vox
3922 4613 3991 4677 in
4034 4612 4179 4677 11166
4224 4619 4560 4689 versetur,
4618 4618 4689 4675 61

2735 4717 2933 4780 super
2955 4704 3140 4777 tecta,
3182 4718 3257 4764 66
3281 4706 3596 4781 tanquam
3619 4696 3816 4762 tubae
3839 4698 4110 4783 clangor
4130 4697 4472 4762 exaltetur.
4521 4696 4689 4763 Cae-

2732 4785 2891 4848 teris
2935 4783 3026 4849 616
3070 4804 3109 4848 6
3150 4783 3409 4866 publico
3441 4784 3882 4867 apostolorum
3915 4805 4190 4849 munere
4227 4782 4686 4848 abstinendum

2735 4878 2863 4948 est,
2919 4876 2997 4934 ut
3048 4869 3344 4953 privatae
3388 4876 3610 4933 tamen
3654 4871 3827 4936 vitae
3885 4875 4032 4949 [pag.
4073 4875 4136 4950 9]
4204 4869 4432 4935 officiis
4491 4868 4685 4934 Chri-

2735 4957 2978 5021 stianos
3024 4977 3094 5020 se
3137 4976 3278 5020 esse
3322 4956 3769 5038 profiteantur.
3860 4955 4007 5021 Hoc
4051 4955 4205 5038 quia
4249 4961 4436 5020 tanta
4468 4953 4684 5020 brevi-

2733 5049 2867 5107 tate
2911 5037 3250 5107 commode
3294 5040 3605 5125 explicari
3650 5061 3785 5106 non
3827 5048 4072 5125 potest,
4132 5041 4320 5125 quale
4364 5041 4480 5120 sit,
4535 5040 4682 5124 plu-

2733 5211 2830 5216 —
2841 5209 3139 5216 ****
4273 5206 4295 5248 Ι

2863 5293 2930 5382 1)
2970 5332 3106 5385 611111,
3147 5316 3404 5372 omittunt
3437 5315 3557 5371 edd.
3593 5331 3728 5371 rece.
3763 5313 3900 5370 1576
3937 5330 4083 5385 seqq.
