5100 6061
750 428 872 489 399

745 614 945 676 finem
969 611 1145 676 hunc
1168 610 1379 688 habet,
1405 618 1480 675 ut
1495 611 1703 675 vitam
1725 631 1944 673 coram
1963 610 2104 673 Deo
2129 609 2548 675 traducamus
2574 631 2691 692 pu-

743 718 888 761 ram
909 705 975 761 et
997 697 1424 780 impollutam,
1459 698 1550 760 sic
1585 703 1650 759 et
1682 696 1965 778 gratuita
1998 695 2389 760 iustificatiO.
2438 696 2690 760 Verum

744 784 923 848 enim
945 791 1042 847 est
1075 782 1239 847 illud
1260 781 1471 860 Pauli,
1506 802 1624 845 nos
1661 781 1932 843 minime
1964 779 2045 842 ad
2078 780 2558 844 immunditiem
2578 802 2689 843 vo-

745 876 924 933 catos
947 890 1107 944 esse,
1146 868 1258 932 sed
1284 867 1366 931 ad
1399 867 1811 931 sanctitatem
1837 867 1899 944 (l
1930 865 2156 930 Thess,
2182 871 2240 943 4,
2269 867 2355 948 7).
2413 867 2690 930 Interim

744 961 1121 1019 constanter
1172 954 1293 1016 hoc
1349 953 1732 1028 1011000100,
1793 952 2124 1014 hominem
2179 974 2308 1015 non
2353 952 2542 1015 1110110
2590 972 2689 1014 00-

744 1040 878 1104 11101
933 1041 1137 1122 gratis
1192 1039 1640 1113 iustificatum,
1699 1036 1880 1100 nullo
1936 1057 2209 1119 operum
2262 1038 2518 1114 merito,
2577 1035 2689 1101 sed

745 1125 870 1190 hac
914 1126 1203 1207 gratuita
1250 1124 1497 1187 iustitia
1541 1122 1824 1186 hominis
1868 1122 2144 1186 salutem
2190 1131 2499 1204 perpetuo
2537 1143 2687 1184 con-

747 1217 940 1276 stare.
1008 1210 1234 1292 Neque
1289 1210 1482 1271 etiam
1539 1208 1731 1271 aliter
1786 1208 1929 1271 fieri
1972 1229 2189 1290 posse,
2238 1205 2310 1272 ut
2353 1216 2687 1289 acceptum

745 1298 834 1361 sit
875 1296 1017 1360 Deo
1061 1295 1270 1358 ullum
1311 1295 1592 1357 hominis
1633 1315 1812 1375 01100,
1859 1293 1986 1357 nisi
2027 1314 2145 1374 per
2189 1315 2332 1357 eam
2378 1293 2688 1375 approbe-

746 1387 874 1445 tur.
945 1379 1387 1460 Quamobrem
1441 1378 1865 1444 vehementer
1890 1379 1938 1460 ¹)
1995 1380 2476 1460 obstupefactus
2520 1399 2684 1452 sum,

745 1488 946 1550 quum
1004 1464 1174 1548 apud
1241 1474 1307 1529 te
1362 1466 1680 1548 legerem,
1739 1465 2075 1528 caritatem
2129 1465 2488 1546 principem
2547 1484 2688 1527 esse

746 1573 821 1617 ac
877 1553 1280 1634 potissimam
1332 1552 1560 1615 salutis
1615 1559 1875 1612 nostrae
1928 1570 2207 1613 causam.
2258 1547 2317 1613 O
2365 1548 2687 1625 Sadolete,

743 1639 889 1720 quis
916 1638 1029 1702 abs
1064 1645 1130 1700 te
1165 1656 1452 1719 unquam
1480 1636 1674 1698 talem
1712 1654 1933 1698 vocem
1958 1635 2437 1717 exspectasset?
2496 1633 2688 1699 Caeci

743 1724 1028 1807 profecto
1085 1724 1210 1804 ipsi
1266 1723 1505 1808 certius
1561 1722 1630 1783 in
1675 1721 1957 1784 tenebris
2008 1721 2280 1803 palpant
2319 1720 2449 1784 Dei
2491 1720 2689 1783 mise-

742 1809 1123 1886 ricordiam,
1181 1826 1375 1889 quam
1430 1814 1504 1868 ut
1558 1806 1789 1868 salutis
1845 1827 1999 1869 suae
2045 1807 2479 1888 principatum
2523 1805 2689 1869 cari-

742 1895 865 1959 tati
911 1894 1130 1958 ausint
1173 1911 1495 1974 arrogare.
1576 1889 1706 1970 Qui
1751 1912 1904 1953 vero
1950 1892 2053 1954 vel
2097 1892 2447 1956 scintillam
2487 1912 2689 1955 unam

743 1975 989 2044 habent
1049 1978 1309 2043 divinae
1356 1977 1547 2052 10010,
1595 1977 1886 2039 sentiunt
1930 1997 2060 2054 non
2105 1978 2234 2040 alia
2274 1999 2345 2040 10
2389 1987 2688 2040 constare

744 2066 868 2131 sibi
912 2065 1220 2138 salutem,
1269 2083 1465 2144 quam
1509 2061 1676 2142 quod
1721 2071 1876 2125 sunt
1919 2084 1958 2126 a
2001 2062 2144 2126 Deo
2191 2062 2494 2144 adoptati.
2564 2063 2691 2125 Est

744 2151 923 2216 enim
956 2158 1222 2213 aeterna
1265 2148 1459 2224 001110,
1506 2146 1870 2210 haereditas
1916 2149 2209 2212 coelestis
2252 2150 2474 2230 patris,
2522 2168 2688 2229 quac

745 2237 899 2300 solis
956 2234 1096 2298 eius
1152 2233 1303 2296 filiis
1359 2241 1457 2295 est
1510 2244 1910 2314 praeparat-a.
1987 2234 2223 2311 Porr0,
2291 2236 2436 2315 quis
2491 2233 2689 2296 aliam

746 2320 1077 2401 adoptioni
1133 2325 1391 2382 nostrae
1452 2337 1714 2381 00110010
1784 2318 2099 2400 assignet,
2158 2326 2273 2398 [fol.
2327 2325 2433 2398 31]
2489 2340 2690 2400 quam

743 2426 908 2486 quae
951 2404 1194 2487 passim
1239 2424 1277 2467 a
1320 2404 1642 2484 scriptura
1687 2403 2136 2484 praedicatur?
2208 2403 2399 2484 Quod
2446 2404 2690 2469 scilicet

744 2512 879 2554 non
933 2491 1178 2571 priores
1236 2487 1658 2553 dilexerimus
1702 2510 1881 2567 eum,
1927 2489 2043 2554 sed
2081 2491 2256 2554 ultro
2296 2492 2366 2553 in
2409 2491 2689 2574 gratiam

744 2597 820 2640 ac
865 2574 1379 2639 benevolentiam
1426 2572 1508 2637 ab
1552 2595 1625 2638 eo
1673 2575 1912 2656 recepti
1954 2577 2176 2639 simus.

916 2659 1023 2725 Ab
1066 2660 1187 2724 1100
1232 2660 1541 2724 000011010
1585 2679 1766 2724 error
1809 2660 2009 2724 etiam
2052 2662 2162 2725 ille
2207 2662 2482 2743 emergit
2516 2658 2689 2741 quod

743 2747 1162 2829 poenitentiis
1218 2754 1285 2808 et
1339 2746 1888 2810 satisfactionibus
1945 2748 2199 2828 expiari
2253 2754 2519 2829 peccata
2576 2743 2689 2808 do-

745 2853 867 2897 ces.
945 2830 1073 2897 Ubi
1134 2851 1205 2894 er
1252 2852 1288 2894 o
1345 2832 1470 2894 erit
1523 2831 1638 2894 illa
1693 2831 1886 2896 unica
1943 2831 2160 2897 hostia
2214 2831 2593 2914 piaculariS,
2651 2851 2691 2893 0

744 2938 872 2999 qua
927 2918 981 2981 si
1027 2916 1200 2981 disce
1244 2916 1408 2992 itur,
1454 2915 1708 2980 nullum
1764 2919 2027 2982 omnino
2073 2918 2397 2999 piaculum
2441 2925 2689 2981 restare

746 3010 1026 3069 testatur
1060 3001 1426 3085 scriptura?
1494 3002 1814 3067 Percurre
1849 3002 2162 3087 quidquid
2195 3002 2512 3067 habemus
2547 3023 2690 3065 ora-

745 3090 1040 3155 culorum
1098 3088 1255 3151 Dci:
1303 3090 1356 3153 si
1403 3089 1632 3153 unicus
1686 3088 1934 3153 Christi
1980 3091 2246 3173 sanguis
2289 3088 2531 3170 ubique
2574 3109 2690 3169 pro

744 3175 1205 3240 satisfactionis
1249 3174 1484 3255 pretiO,
1530 3195 1647 3256 pro
1692 3175 2154 3254 pacificatione,
2200 3196 2317 3256 pro
2361 3174 2692 3238 ablutione

741 3259 1147 3344 proponitur,
1195 3281 1322 3341 qua
1365 3259 1758 3324 confidentia
1801 3270 2057 3323 tantum
2095 3260 2411 3323 honorem
2457 3258 2540 3322 ad
2577 3268 2692 3322 tua

729 3368 942 3428 opera
986 3346 1346 3409 transferre
1395 3344 1636 3409 audes?
1703 3345 1840 3409 Nec
1886 3354 2012 3416 est,
2058 3345 2229 3427 quod
2274 3344 2690 3426 sacrilegium

744 3432 870 3496 hoc
925 3430 1233 3495 ecclesiae
1288 3431 1413 3493 Dei
1469 3428 1812 3494 adscribas
1879 3430 2160 3507 Habuit,
2219 3432 2452 3507 fateor,
2499 3440 2690 3493 vetus

745 3516 1023 3581 ecclesia
1067 3537 1218 3579 suas
1263 3515 1759 3580 satisfactiones:
1810 3537 1940 3579 non
1983 3516 2129 3581 illas
2171 3526 2409 3594 tamen,
2457 3515 2691 3597 quibus

744 3603 890 3668 Deo
942 3602 1214 3665 litarent
1270 3610 1669 3682 peccatores,
1726 3622 1919 3684 seque
1976 3623 2014 3664 a
2059 3624 2234 3666 noxa
2275 3601 2689 3678 redimerent,

641 3737 649 3743 -
746 3687 863 3753 sed
916 3687 1183 3769 quibus,
1256 3695 1322 3750 et
1377 3708 1572 3768 quam
1640 3688 2110 3769 profitebantur
2173 3687 2690 3770 resipiscentiam

745 3794 882 3847 non
912 3794 1053 3837 0000
1077 3774 1294 3837 fictam
1333 3773 1783 3854 approbarent,
1822 3782 1888 3837 et
1921 3773 2060 3839 eius
2097 3774 2488 3849 offensioniS,
2527 3792 2691 3854 quae

746 3882 830 3924 ex
867 3879 1095 3923 eorum
1128 3864 1391 3940 peccato
1437 3858 1716 3937 excitata
1751 3867 1906 3935 erat,
1954 3860 2334 3923 memoriam
2379 3858 2687 3921 delerent.

745 3945 898 4009 Non
951 3944 1126 4007 enim
1180 3943 1598 4025 quibuslibet,
1659 3944 1771 4008 sed
1826 3945 1906 4008 iis
1950 3943 2171 4021 mod0,
2217 3946 2327 4027 qui
2373 3945 2440 4007 in
2490 3964 2691 4026 grave

747 4028 1008 4111 aliquod
1063 4030 1387 4112 flagitium
1440 4028 1723 4111 prolapsi
1769 4037 1987 4107 erant,
2035 4031 2285 4094 solenni
2324 4032 2455 4094 ritu
2499 4050 2691 4111 prae-

747 4115 1215 4181 scribebantur.
1353 4124 1356 4125 ’

918 4201 1000 4264 In
1042 4201 1472 4264 eucharistiae
1516 4222 1729 4277 causa,
1768 4201 1835 4264 id
1870 4200 2311 4282 reprehendis,
2350 4198 2519 4282 quod
2555 4202 2691 4264 Do-

745 4287 1004 4351 minum
1059 4286 1276 4367 ipsum
1335 4286 1658 4365 universi,
1706 4295 1773 4349 et
1816 4287 2105 4351 divinam
2149 4286 2220 4349 in
2267 4306 2340 4350 eo
2387 4287 2734 4367 spi1·itua-.

745 4373 1003 4455 lemque
1029 4373 1382 4452 potentiam
1419 4367 1615 4453 (quae
1640 4394 1905 4454 prorsus
1932 4372 2137 4436 libera
2160 4381 2228 4434 et
2251 4371 2510 4434 infinita
2544 4372 2690 4449 est),

747 4459 815 4522 in
857 4456 1130 4540 angulos
1165 4477 1508 4538 corporeae
1546 4467 1840 4535 naturae,
1871 4480 2034 4538 quac
2080 4457 2216 4521 suis
2251 4456 2556 4522 cancellis
2595 4464 2694 4520 est
2742 4470 2747 4547 g

746 4542 1263 4623 circumscripta,
1315 4563 1629 4607 conamur
1673 4543 2022 4607 includere.
2082 4544 2173 4607 Et
2226 4543 2368 4623 quis
2423 4541 2692 4605 tandem
2742 4572 2747 4597 ι

747 4627 1093 4694 calumniis
1141 4626 1265 4690 erit
1298 4627 1490 4691 finis?
1555 4628 1691 4693 Nos
1737 4628 1976 4693 diserte
2021 4649 2277 4710 00101101
2321 4628 2542 4692 1001011
2582 4649 2692 4691 00-

747 4737 894 4779 mus
947 4714 1241 4777 divinam
1285 4710 1537 4777 Christi
1580 4735 1712 4777 non
1756 4713 1948 4778 modo
1994 4715 2385 4796 potentiam,
2432 4713 2546 4776 scd
2593 4733 2691 4775 00-

748 4802 1027 4865 sentiam
1082 4819 1335 4880 quoque
1389 4796 1662 4863 diffundi
1719 4821 1835 4882 per
1889 4801 2136 4874 omnia,
2191 4800 2391 4863 nullis
2454 4798 2693 4862 finibus

2482 417 3007 484 RESPONSIO

4614 423 4741 485 400

2796 607 3137 671 elementis
3192 607 3522 671 vobiscum
3580 606 3861 689 affigere.
3920 606 4045 682 At,
4092 607 4147 670 si
4192 626 4321 688 qua
4361 606 4482 671 tibi
4530 607 4740 671 since-

2794 694 3008 757 ritatis
3061 713 3216 756 cura
3270 703 3469 768 esset,
3525 712 3659 755 000
3724 693 3985 775 ignoras
4048 692 4361 773 profecto,
4417 705 4736 773 quantum

2793 779 3124 878 1013011010
3149 778 3275 841 1100
3308 779 3598 843 10101011;
3636 777 3906 841 localem
3942 777 4229 858 corporis
4264 777 4513 842 Christi
4549 798 4737 859 prae-

2793 865 3068 929 sentiam
3113 883 3152 926 a
3195 884 3361 945 pane
3402 865 3719 951 removeri
3765 874 3831 925 et
3873 862 4280 944 spiritualem
4324 863 4573 927 Christi
4618 884 4733 945 po-

2792 951 3064 1013 tentiam
3111 950 3548 1014 circumscribi
3594 949 3880 1029 corporis
3926 949 4246 1012 cancellis.
4316 949 4453 1013 Nec
4499 949 4734 1032 dogma

2791 1036 2967 1099 istud
3022 1042 3318 1098 nostrum
3379 1023 3653 1099 debuisti
3707 1034 4017 1098 novitatis
4074 1033 4492 1111 insimulare,
4538 1055 4738 1117 quum

2791 1123 2857 1185 in
2897 1121 3169 1185 00010010
3204 1141 3461 1201 semper
3494 1119 3791 1183 habitum
3825 1140 3942 1201 pro
3991 1119 4283 1184 confesso
4328 1120 4541 1183 fuerit.
4606 1118 4741 1185 Sed

2791 1209 2941 1287 quia
2984 1207 3336 1288 disputatio
3382 1206 3542 1271 haec
3584 1225 3705 1268 sua
3746 1205 4197 1287 magnitudine
4247 1205 4490 1268 librum
4535 1227 4740 1270 unum

2791 1292 3120 1374 impleret,
3192 1292 3396 1355 satius
3460 1301 3587 1367 001,
3660 1310 3786 1372 quo
3854 1300 4034 1354 tanta
4100 1291 4397 1355 molestia
4462 1307 4613 1354 11101·
4657 1312 4737 1356 00

2791 1385 3094 1442 nostrum
3135 1378 3494 1454 eximatur,
3538 1376 3894 1459 Augustini
3939 1376 4307 1458 Epistolam
4352 1375 4435 1440 ad
4480 1378 4622 1440 Dar
4668 1397 4738 1440 a-

2793 1485 2951 1526 num
2976 1463 3180 1546 legas:
3208 1463 3320 1527 ubi
3348 1464 3651 1546 reperies,
3673 1461 3992 1544 quomodo
4018 1484 4190 1526 unus
4214 1461 4516 1544 idemque
4539 1461 4732 1526 Chri·

2792 1558 2934 1613 stus
2980 1557 3044 1613 et
3088 1569 3242 1613 suae
3286 1548 3647 1611 divinitatis
3693 1546 4119 1629 amplitudine
4163 1547 4417 1611 coelum
4461 1557 4735 1612 terram-

2792 1655 2917 1715 que
2962 1634 3250 1709 excedat,
3297 1644 3364 1697 et
3400 1633 3759 1698 secundum
3802 1631 4272 1697 humanitatem
4321 1655 4452 1696 non
4496 1634 4737 1715 ubique

2792 1722 2877 1784 sit
2933 1719 3226 1784 diffusus.
3294 1721 3539 1783 Veram
3593 1719 3809 1784 carnis
3865 1739 3940 1783 ac
3984 1720 4323 1802 sanguinis
4377 1720 4736 1783 communi-

2793 1806 3130 1877 cationem,
3170 1825 3334 1887 quae
3367 1804 3670 1869 fidelibus
3713 1805 3783 1868 10
3828 1825 4028 1868 00000
4070 1804 4437 1881 exhibetur,
4484 1805 4737 1887 magni-

2792 1896 2912 1956 fice
2955 1890 3418 1974 praedicamus.
3487 1891 3652 1953 Eam
3699 1911 3961 1954 carnem
4007 1911 4159 1954 vere
4203 1890 4421 1954 cibum
4464 1910 4606 1954 esse
4641 1889 4739 1953 vi-

2796 1988 2927 2055 tae,
2986 1978 3375 2059 sanguinem
3428 1976 3620 2039 111010
3663 1997 3816 2040 vere
3871 1985 4123 2056 potum,
4170 1975 4410 2039 diserte
4454 1975 4736 2040 ostendi·

2794 2084 2969 2127 mus:
3027 2083 3299 2144 quorum
3354 2082 3487 2124 non
3542 2061 3931 2144 imaginaria
3972 2064 4393 2142 conceptione
4438 2069 4740 2124 contenta

2794 2151 2879 2213 sit
2922 2150 3158 2224 anima,
3206 2147 3319 2211 sed
3356 2148 3599 2211 efficaci
3640 2148 3921 2210 veritate
3964 2147 4236 2210 fruatur.
4284 2146 4735 2211 Praesentiam

2795 2234 3066 2306 Christi,
3130 2255 3259 2315 qua
3322 2254 3442 2295 nos
3497 2231 3594 2295 illi
3649 2233 4048 2309 inseramur,
4108 2254 4145 2295 a
4210 2252 4411 2296 coena
4467 2233 4737 2296 minime

2793 2319 3218 2383 excludimus
3288 2318 3514 2400 Neque
3558 2339 3713 2383 vero
3757 2319 3963 2400 ipsam
4026 2318 4483 2394 obscuramus,
4540 2317 4732 2381 modo

2797 2411 2910 2484 [fol.
2970 2409 3077 2482 32]
3142 2403 3310 2467 absit
3368 2404 3590 2468 localis
3645 2403 4189 2485 circumscriptiO,
4232 2403 4424 2466 modo
4469 2424 4554 2467 00
4601 2403 4736 2486 glo-

2791 2493 3037 2554 riosum
3076 2489 3325 2554 Christi
3363 2509 3595 2571 corpus
3631 2489 3714 2552 ad
3759 2498 4024 2552 terrena
4068 2488 4389 2552 elementa
4433 2487 4738 2552 detraha-

2792 2587 2930 2650 tur,
2976 2576 3168 2638 modo
3213 2596 3296 2638 00
3339 2575 3409 2637 10
3454 2573 3795 2638 Christum
3837 2576 4127 2657 fingatur
4169 2575 4358 2656 panis
4402 2574 4740 2638 transsub-

2794 2662 3123 2738 stantiari,
3167 2669 3241 2724 ut
3286 2659 3517 2725 deinde
3556 2681 3674 2742 pro
3731 2659 3998 2724 Christo
4042 2660 4365 2723 adoretur.
4433 2660 4739 2743 Dignita-

2795 2755 2928 2810 tem
2980 2768 3295 2829 usumque
3361 2747 3659 2828 mysterii
3704 2746 3938 2826 quibus
3994 2766 4339 2827 possumus
4392 2745 4623 2828 elogiis
4657 2745 4736 2808 il-

2793 2833 3189 2904 lustramus:
3223 2841 3469 2914 quanta
3503 2831 3736 2896 deiude
3780 2830 3861 2894 ad
3897 2851 4019 2894 nos
4056 2831 4308 2894 utilitas
4344 2830 4586 2906 redeat,
4626 2831 4733 2895 de-

2793 2919 3131 2982 claramuS.
3200 2916 3387 2996 Quae
3430 2919 3649 2980 omnia
3689 2937 3889 2999 prope
3924 2916 4096 2999 apud
4134 2936 4249 2980 vos
4286 2915 4733 3000 negliguntur.

2793 3001 3162 3069 Praeterita
3218 3003 3423 3080 enim,
3469 3024 3634 3085 quae
3690 3004 3796 3068 hic
3850 3000 4036 3067 nobis
4089 3001 4453 3079 confertur,
4514 3001 4736 3066 divina

2794 3089 3246 3163 beneficentia,
3291 3090 3642 3170 praeterito
3687 3090 3853 3153 tanti
3916 3087 4212 3152 beneficii
4257 3088 4551 3171 legitimo
4592 3111 4734 3166 usu,

2794 3173 3030 3257 quibus
3072 3174 3426 3257 plurimum
3473 3174 3740 3239 decebat
3773 3176 4128 3250 immorari,
4167 3174 4325 3238 satis
4368 3174 4638 3252 habetis,
4684 3174 4738 3237 si

2795 3260 3074 3342 populus
3111 3261 3191 3323 ad
3233 3262 3493 3343 signum
3531 3260 3805 3336 visibile,
3847 3260 3987 3323 sine
4023 3260 4161 3323 ulla
4194 3259 4556 3341 spiritualis
4599 3281 4738 3344 my·

2797 3346 2981 3410 sterii
3032 3345 3495 3428 intelligentia,
3544 3345 3973 3429 obstupescat.
4044 3344 4238 3425 Quod
4293 3352 4514 3408 autem
4569 3365 4741 3409 cras-

2796 3452 2933 3497 sam
2961 3431 3157 3509 illam,
3186 3453 3381 3513 quam
3410 3433 3717 3509 statuitis,
3742 3431 4535 3496 transsubstantiationem
4560 3430 4738 3494 dam·

2794 3519 3130 3592 navimus3
3168 3516 3337 3600 quod
3373 3516 3698 3598 stupidam
3732 3517 3913 3581 illam
3949 3515 4386 3580 adorationem
4423 3537 4589 3598 quae
4625 3517 4736 3579 ho-

2793 3604 3048 3667 minum
3105 3614 3359 3667 mentes
3412 3603 3477 3665 in
3539 3603 3876 3666 elementis
3932 3601 4208 3678 detinet,
4269 3602 4339 3664 in
4400 3601 4736 3666 Christum

2795 3694 3138 3771 assurgere
3204 3708 3337 3753 000
3406 3689 3590 3764 01011,
3646 3708 4021 3771 perversam
4076 3708 4218 3751 esse
4282 3680 4623 3752 docuimus
4675 3695 4737 3750 et

2794 3776 3095 3857 impiam,
3149 3773 3217 3836 id
3261 3794 3396 3836 non
3439 3774 3733 3851 fecimus,
3781 3774 3905 3837 nisi
3954 3772 4352 3855 suffragante
4396 3772 4586 3837 nobis
4629 3793 4735 3836 ve-

2795 3863 2952 3924 teris
2998 3860 3305 3924 ecclesiae
3349 3878 3696 3923 consensu:
3742 3861 3928 3924 cuius
3984 3859 4216 3923 umbra
4260 3859 4506 3923 frustra
4548 3880 4736 3923 cona-

2795 3947 2886 4009 ris
2927 3945 3360 4021 foedissimaS,
3407 3945 3639 4026 quibus
3685 3945 3792 4009 hic
3850 3941 4195 4021 laboratis,
4242 3946 4737 4026 superstitiones

2796 4031 3115 4113 obtegere.

2965 4117 3045 4180 In
3083 4116 3424 4179 auriculari
3464 4115 3865 4180 confessione
3899 4115 4079 4178 illam
4113 4115 4483 4180 Innocentii
4525 4115 4734 4199 legem

2797 4201 3334 4284 improbavimus,
3381 4222 3545 4281 quae
3588 4202 3772 4264 iubet
3813 4202 4161 4282 quotannis
4205 4222 4733 4284 unumquemque

2795 4288 3057 4370 proprio
3113 4285 3432 4352 sacerdoti
3489 4307 3828 4351 recensere
3896 4287 4114 4350 omnia
4164 4294 4444 4368 peccata.
4523 4287 4608 4350 In
4659 4309 4737 4350 ea

2795 4395 2984 4455 porro
3023 4371 3397 4455 abroganda
3431 4392 3592 4452 quas
3633 4372 3916 4435 rationes
3952 4373 4209 4453 sequuti
4254 4373 4474 4449 0110110,
4514 4376 4737 4438 100011-

2798 4479 2939 4522 0010
2981 4457 3249 4539 longum
3284 4460 3465 4521 foret.
3536 4459 3704 4521 Rem
3749 4468 3970 4521 tamen
4012 4458 4210 4522 fuisse
4255 4459 4592 4536 nefariam,
4632 4457 4737 4523 vel

2796 4544 2946 4606 inde
3003 4552 3297 4624 apparet,
3353 4542 3522 4624 quod
3578 4542 3718 4606 diro
3766 4542 3885 4606 illo
3927 4550 4248 4607 tormento
4303 4543 4551 4609 solutae
4593 4546 4737 4627 piae

2797 4630 3231 4693 conscientiae
3250 4681 3263 4704 ,
3335 4640 3492 4693 tunc
3564 4630 3970 4710 acquiescere
4025 4629 4288 4693 demum
4346 4630 4417 4692 in
4477 4630 4737 4694 divinae

2798 4715 3044 4797 gratiae
3088 4713 3325 4779 fiducia
3369 4724 3738 4798 coeperunt,
3786 4736 3987 4796 quum
4033 4725 4227 4778 antea
4270 4724 4589 4798 perpetua
4624 4737 4736 4779 an—

2797 4802 3042 4864 xietate
3085 4808 3506 4864 aestuassent.
3578 4800 3670 4865 Ut
3711 4808 3958 4863 taccam
3996 4802 4258 4864 interim
4303 4810 4416 4879 tot,
4463 4823 4621 4883 quas
4665 4802 4736 4864 in

747 4885 1044 4949 limitari:
1104 4893 1175 4947 tu
1230 4892 1448 4948 autem
1517 4887 1912 4966 exprobrare
1980 4885 2166 4951 nobis
2231 4906 2363 4948 non
2418 4884 2692 4962 dubitas,
2743 4880 2747 4999 Ι
2798 4886 3135 4950 0001001001
3178 4886 3584 4967 importavit,
3630 4885 3863 4963 clades,
3911 4907 4076 4967 quae
4120 4886 4352 4950 merito
4394 4887 4581 4950 illam
4621 4908 4738 4951 no-

747 4972 950 5035 fuisse
1006 4972 1074 5034 in
1131 4970 1407 5053 angulos
1464 4991 1807 5054 corporeae
1852 4980 2123 5033 naturae
2169 4993 2207 5034 a
2251 4970 2434 5035 nobis
2480 4971 2692 5035 inclu-

750 5056 932 5121 sam?
996 5054 1130 5136 Qui
1171 5056 1305 5121 sic?
1374 5054 1548 5136 Quia
1590 5077 1822 5137 corpus
1866 5056 2004 5121 eius
2047 5056 2373 5121 noluimus
2415 5058 2692 5121 terrenis

891 5330 947 5395 1)
985 5326 1343 5397 vehementer,
1381 5346 1479 5383 om.
1518 5328 1653 5384 1576
1688 5344 1825 5399 seqq.

2797 4971 2896 5035 bis
2955 4971 3420 5035 exsecrabilem
3463 4970 3734 5036 reddere
3787 4970 4081 5036 debeant.
4164 4970 4355 5051 Quod
4402 4986 4624 5037 autem
4667 4974 4738 5037 in

2794 5057 3165 5140 praesentia
3198 5058 3434 5140 agitur,
3480 5056 3604 5121 hoc
3638 5056 3835 5121 habe:
3874 5078 4082 5138 neque
4117 5056 4363 5122 Christi
4407 5058 4734 5135 mandato,

2795 5164 2913 5207 000
2955 5142 3197 5207 veteris
3250 5143 3553 5208 ecclesiae
3606 5143 3903 5207 instituto
3958 5144 4160 5208 fuisse
4202 5142 4534 5209 traditam.
4602 5146 4734 5209 Lo-

2795 5249 2902 5293 cos
2955 5229 3314 5309 scripturae
3371 5249 3595 5294 omnes
3669 5228 3880 5293 valide
3946 5230 4339 5293 extorsimus
4406 5231 4729 5313 sophistis,

2794 5335 2953 5395 quos
3008 5313 3089 5377 ad
3145 5335 3287 5378 eam
3333 5315 3716 5395 detorquere
3758 5314 4208 5378 moliebantur.
4279 5312 4466 5394 Quae
4512 5326 4730 5381 autem

4746 5480 4775 5492 Q
