5100 6061
313 457 433 519 149

254 604 270 651 ι
310 642 595 710 Carmen
637 646 919 712 refertur
960 668 999 711 a
1043 646 1358 713 Suetonio
1412 648 1483 712 in
1528 650 1865 714 'Pibei-ium
1909 651 2258 716 iactatum:

586 748 769 802 Aurea
803 752 1024 804 mutasti
1060 750 1275 804 Saturni
1312 752 1529 806 saecula
1567 752 1793 806 Caesar:

687 817 950 873 Incolumi
984 832 1109 873 nam
1144 828 1199 875 te
1235 820 1414 874 ferrea
1449 836 1663 889 semper
1697 831 1870 876 erunt.

1061 1180 1365 1245 CAPUT
1408 1180 1497 1243 Π.

479 1316 800 1381 Futwrum
843 1316 969 1395 hoc,
1019 1315 1271 1395 Caesar,
1318 1338 1395 1381 ex
1438 1339 1672 1402 mayna
1695 1325 1883 1399 parte
1917 1340 2171 1399 sperare
2205 1326 2261 1386 ct

304 1403 583 1491 confiteri
627 1404 782 1468 libet.
880 1403 1192 1468 Tradetur
1246 1404 1373 1468 ista
1428 1405 1631 1468 animi
1687 1407 1781 1469 tui
1833 1408 2257 1487 mansuetuda

302 1490 809 1571 diffundeturque
840 1490 1163 1569 paulatim
1193 1509 1318 1569 per
1362 1510 1534 1555 omne
1575 1492 1834 1573 impe-rii
1889 1513 2143 1572 corpus,
2206 1500 2260 1557 ct

303 1579 528 1640 cuncta
581 1577 653 1640 in
709 1575 1188 1640 similitudinem
1245 1577 1341 1640 tui
1392 1577 1846 1658 formabuntur.
1937 1579 2003 1642 A
2061 1581 2259 1660 capite

303 1661 463 1725 bona
484 1662 799 1726 valetudo:
834 1662 981 1726 inde
1014 1662 1226 1725 omnia
1258 1668 1465 1741 vegeta
1499 1668 1644 1726 sunt
1680 1669 1862 1744 atque
1897 1669 2110 1742 erecta,
2149 1671 2261 1729 aut

304 1746 618 1830 Imaquore.
636 1748 928 1825 demissa,
964 1753 1156 1828 prout
1189 1750 1443 1813 citimus
1486 1770 1697 1813 eorum
1731 1751 1905 1832 viyct,
1952 1756 2060 1813 aut
2093 1771 2260 1814 mar-

303 1834 501 1898 cescit.
570 1833 659 1896 Et
700 1840 882 1898 erunt
925 1835 1101 1911 cives,
1148 1839 1325 1898 erunt
1367 1838 1515 1913 [pag.
1548 1840 1694 1913 143]
1739 1837 1895 1901 socii
1934 1836 2110 1918 diqm'
2143 1836 2261 1902 hac

304 1917 598 1999 bonitate,
665 1925 720 1984 ct
772 1921 843 1984 in
897 1924 1089 1984 totum
1130 1920 1354 1984 *orbem
1406 1923 1555 1985 recti
1610 1941 1811 1985 mores
1863 1926 2258 1987 revertentur.

309 2004 617 2070 Par-cetur
676 2007 901 2086 ubique
966 2004 1265 2070 manibus
1316 2007 1462 2072 tuis.
1551 2006 1821 2071 Diutius
1872 2028 1968 2073 me
2020 2010 2259 2073 morari

304 2090 406 2159 hic
446 2097 700 2172 patere:
764 2112 887 2156 non
945 2096 1013 2155 ut
1064 2091 1364 2157 blandiar
1413 2092 1677 2157 auribus
1727 2094 1887 2157 tuis.-
1939 2113 2045 2157 nec
2094 2096 2259 2158 enim

305 2177 466 2242 mila·
506 2178 607 2242 hic
650 2198 781 2242 mos
817 2183 920 2241 cst.
988 2176 1336 2243 Maluerim
1370 2180 1538 2243 veris
1572 2180 1869 2259 offendere
1903 2200 2092 2260 quam
2114 2182 2261 2260 pla»

307 2283 439 2329 cere
485 2263 817 2329 adulando.
913 2264 1080 2346 Quid
1138 2284 1279 2346 erqo
1323 2270 1413 2329 est
1444 2270 1700 2345 propter
1741 2267 1904 2345 quod
1946 2264 2090 2329 bene
2130 2266 2262 2347 fac·

306 2351 389 2414 tis
430 2350 735 2431 dictisque
776 2352 905 2414 tuis
938 2369 1129 2431 quam
1160 2350 1753 2430 familiarissimum
1784 2372 1913 2415 esse
1949 2358 2003 2415 tc
2024 2352 2205 2432 cupio
2222 2353 2256 2416 ‚2

305 2441 375 2499 ut
416 2436 581 2517 quod
623 2456 788 2500 nunc
820 2441 1053 2501 natura
1090 2441 1145 2498 et
1175 2437 1441 2517 impetus
1477 2441 1581 2515 cst,
1623 2438 1739 2518 fiat
1774 2437 2097 2502 iudicium.
2159 2437 2208 2500 I
2210 2439 2260 2503 Ζ-

308 2522 421 2586 lud
462 2541 702 2589 mecum
744 2523 1058 2587 considero
1100 2522 1331 2587 multas
1369 2542 1539 2587 voces
1582 2543 1848 2605 maynas
1862 2574 1877 2603 ,
1922 2524 2031 2589 sed
2074 2523 2261 2589 detes-

309 2607 543 2686 tabiles,
587 2609 661 2671 in
687 2608 880 2672 vitam
913 2607 1253 2672 humanam
1280 2610 1649 2688 pervenisse,
1684 2609 2056 2690 celebresque
2079 2610 2260 2692 vulyo

309 2693 493 2774 ferri,
538 2698 607 2757 ut
649 2693 860 2757 illwm:
923 2693 1203 2771 Oderint,
1263 2696 1416 2759 dum
1457 2700 1746 2759 metuant.
1840 2693 1962 2760 Cui
1999 2716 2262 2779 yraecus

313 2799 527 2844 versus
570 2780 805 2844 similis
848 2785 953 2857 cst,
998 2781 1111 2861 qui
1154 2800 1218 2844 se
1260 2784 1498 2845 mortuo
1533 2787 1767 2846 terram
1808 2782 2059 2846 misceri
2101 2782 2261 2865 iyni-

316 2865 425 2930 bus
482 2865 675 2930 iubet.-
730 2871 788 2931 et
842 2866 980 2931 alia
1033 2866 1223 2931 huius
1279 2871 1473 2931 notae.
1562 2866 1655 2931 At
1707 2868 1908 2933 nescio
1961 2867 2261 2949 quomodo

314 2952 563 3037 inycnia
592 2953 903 3016 immania
936 2957 991 3016 et
1023 2953 1249 3032 invisa,
1294 2954 1559 3018 materia
1598 2954 1987 3034 foecundiori
2019 2973 2260 3036 capres-

315 3044 522 3104 scrwnt
562 3059 784 3104 sensus
826 3038 1198 3104 vehementes
1240 3045 1296 3104 ct
1339 3040 1677 3104 concitatos.
1750 3040 2012 3105 Nullam
2056 3041 2261 3108 adhuc

314 3146 509 3191 vocem
563 3125 787 3190 audivi
842 3147 919 3189 ex
973 3126 1123 3190 bono
1166 3125 1405 3207 lenique
1449 3127 1812 3191 animosam.
1911 3128 2078 3208 Quid
2120 3147 2263 3210 erqo

317 3212 449 3275 est?
496 3216 565 3274 ut
611 3231 776 3290 raro,
820 3211 1073 3289 invitm,
1122 3217 1177 3275 et
1219 3233 1357 3277 cum
1398 3233 1632 3295 magma
1676 3214 2081 3294 cunctatione,
2125 3235 2263 3280 cum

317 3298 529 3363 multis
572 3298 993 3362 dilationibus.

485 3399 680 3480 Quod
726 3401 910 3483 prius
946 3399 1206 3464 dixerat
1241 3399 1506 3485 dignam
1544 3423 1685 3466 esse
1708 3424 1931 3465 vocem
1977 3404 2078 3467 cui
2118 3403 2265 3466 red-

320 3487 580 3551 deretur
624 3508 898 3552 aureum
941 3486 1104 3551 illud
1150 3487 1507 3565 saeculum,
1565 3509 1648 3551 110
1703 3488 1930 3570 9091111
1973 3488 2081 3569 qui
2142 3489 2264 3553 sub

318 3593 585 3638 romano
628 3573 904 3655 imperio
951 3572 1302 3656 degebant,
1348 3572 1603 3655 indigni
1651 3579 1870 3637 essent
1916 3581 2050 3636 tam
2096 3575 2264 3638 bono

319 3659 624 3741 principe,
670 3657 737 3721 id
773 3661 1074 3723 futurum
1109 3658 1464 3741 promittit:
1511 3679 1597 3722 ne
1632 3673 1818 3741 putet
1852 3681 1973 3723 sua
2009 3667 2266 3724 tantum

321 3745 633 3810 interesse
672 3745 878 3821 Ner0,
939 3746 1251 3826 pietatem
1307 3744 1517 3810 colere
1562 3751 1629 3808 et
1671 3744 2263 3825 mansuetudinem,

323 3830 431 3896 sed
473 3831 749 3914 publicis
796 3851 1050 3913 quoque
1102 3831 1394 3895 moribus
1436 3830 1792 3912 plurimum
1849 3832 2146 3896 conferre
2190 3853 2265 3897 80

323 3918 704 3983 conducere:
748 3937 987 4000 nempe
1031 3916 1202 3999 quod
1247 3915 1457 3981 solent
1500 3917 1797 3980 homines
1832 3918 2037 3982 vitam
2082 3919 2265 4000 prin-

322 4004 479 4088 cipis
524 4003 858 4081 aemulari,
905 4003 1121 4085 inquit
1154 4001 1593 4067 Herodianus.
1661 4001 1889 4067 Cicero
1932 4002 2098 4068 libro
2133 4012 2265 4067 ter-

323 4090 406 4155 tio
446 4090 527 4155 de
569 4090 895 4174 Legibus:
942 4088 1039 4154 Ut
1076 4088 1251 4153 enim
1296 4088 1757 4170 cupiditatibus
1801 4090 2166 4172 principum
2202 4097 2268 4154 et

321 4177 497 4240 vitiis
541 4176 720 4239 infici
760 4175 925 4239 solet
976 4185 1115 4238 tota
1157 4174 1419 4254 civitae,
1478 4174 1571 4240 810
1628 4174 1963 4239 emendari
2007 4183 2073 4239 et
2125 4197 2265 4241 cor-

322 4263 442 4346 rigi
497 4262 923 4328 continentia.
1023 4260 1249 4343 Neque
1315 4267 1576 4324 tantum
1632 4259 1790 4324 mali
1844 4269 1945 4324 est
1998 4281 2265 4343 peccare

321 4349 665 4432 principeS,
711 4367 1082 4430 quanquam
1126 4355 1228 4410 est
1268 4368 1333 4410 m
1467 4368 1582 4410 um
1625 4346 1749 4411 hoc
1789 4366 1909 4428 per
1945 4367 2015 4412 80
2049 4347 2265 4430 19811111

322 4434 587 4512 1118111111,
632 4442 953 4515 quantum
1000 4432 1192 4511 illud,
1238 4365 1467 4514 quggu
1454 4432 1763 4516 permulti
1809 4434 2005 4497 etiam
2049 4434 2267 4497 imita-

321 4530 491 4584 tores
534 4520 906 4602 principum
951 4519 1294 4583 exsistunt.
1380 4517 1528 4598 Quo
1572 4519 1997 4600 perniciosius
2039 4517 2119 4583 110
2163 4541 2266 4584 re-

323 4605 577 4687 publica
614 4613 955 4670 merentur
998 4606 1216 4670 vitiosi
1257 4605 1615 4686 principes:
1664 4603 1835 4687 quod
1877 4626 2010 4669 non
2055 4606 2268 4670 80111111

323 4692 480 4757 vitia
522 4692 901 4773 concipiunt
942 4691 1087 4772 ipsi,
1133 4690 1246 4756 sed
1280 4712 1358 4756 ea
1399 4689 1758 4755 infundunt
1798 4691 1871 4753 in
1916 4692 2264 4770 civitatem,

324 4797 529 4860 neque
584 4776 798 4842 solum
853 4777 1118 4856 obsunt,
1177 4776 1349 4859 quod
1404 4777 1504 4841 illi
1553 4777 1682 4861 ipsi
1740 4785 2265 4859 corrumpuntur,

324 4864 432 4928 8011
473 4864 675 4930 etiam
719 4860 891 4945 quod
936 4870 1379 4946 corrumpunt,
1424 4863 1701 4946 plusque
1739 4862 2035 4946 exemplo
2071 4884 2269 4945 quam

324 4956 585 5032 peccato
629 4957 884 5014 nocent,
976 4946 1221 5015 Scribit
1265 4949 1463 5013 0118111
1506 4949 1720 5028 Plato,
1767 4948 1991 5031 quales
2027 4949 2165 5014 sint
2196 4950 2269 5013 in

325 5035 654 5118 republica
697 5037 1045 5117 principes,
1091 5034 1256 5098 tales
1301 5034 1510 5099 solere
1555 5043 1623 5100 et
1666 5034 1949 5117 reliquos
1996 5056 2136 5100 0880
2178 5036 2268 5100 01-

324 5142 450 5186 ves.
539 5121 619 5185 Id
665 5122 882 5203 ipsum
925 5117 1269 5204 proverbio
1313 5141 1544 5203 graeco
1591 5122 2026 5204 significatur:
2085 5118 2270 5183 ὁποία

325 5206 358 5285 ἢ
391 5207 697 5282 δέσποινα,
732 5214 887 5270 τοῖαι
915 5212 1016 5269 καὶ
1059 5213 1138 5270 θε
1180 5203 1508 5278 απαινίδες.
1552 5207 1716 5271 Vita
1735 5208 1914 5271 0111111
1934 5207 2269 5289 principis,

326 5305 395 5358 ut
436 5295 776 5359 verissime
834 5294 1061 5359 scribit
1093 5292 1153 5357 P
1177 5293 1377 5368 iuius,
1437 5313 1712 5357 censura
1747 5299 1848 5357 est
1881 5313 2085 5376 eaque
2119 5313 2271 5374 per-

324 5387 532 5461 petua.
628 5378 734 5444 Ad
778 5379 948 5445 hanc
1004 5379 1374 5463 dirigimur,
1432 5375 1514 5441 ad
1568 5377 1737 5442 hanc
1792 5382 2267 5443 convertimur:

1776 460 2067 526 LIBER
2109 462 2201 528 H.
2291 461 2595 532 CAPUT
2639 465 2691 529 Ι.
2758 466 2847 533 11.

4203 479 4326 540 150

2366 674 2487 720 nec
2522 664 2659 720 tam
2692 656 2971 740 imperio
3008 656 3195 723 nobis
3230 677 3395 741 opus
3428 665 3545 738 est,
3585 680 3781 742 quam
3806 662 4123 746 exemplo.
4194 663 4320 730 Oui

2365 740 2580 806 simile
2623 750 2723 807 est
2765 743 2929 808 illud
2971 742 3195 810 Ovidii
3240 744 3595 810 Fastorum
3617 746 3732 811 V.:

2370 840 2515 911 [pag.
2554 842 2677 913 144]
2726 844 2812 899 Sic
2850 847 3024 915 agitur
3059 863 3305 915 censura,
3342 855 3397 902 et
3431 850 3508 902 sic
3545 852 3793 919 exempla
3831 858 4108 919 parantur,

2849 913 3021 981 Quum
3057 916 3219 970 iudex
3253 917 3391 971 alios
3427 918 3571 987 quod
3606 929 3807 989 monet,
3841 922 3959 988 ipse
3994 921 4141 975 facit,

2541 999 2606 1063 A
2666 1002 2868 1082 capite
2922 1002 3080 1068 bona
3135 1001 3446 1089 valetudo]
3515 1001 3871 1087 Sumptum
3932 1029 3971 1070 a
4025 1007 4312 1082 medicis,

2367 1085 2477 1165 qui
2521 1106 2723 1168 quum
2767 1087 3066 1152 omnibus
3108 1088 3421 1154 membris
3456 1097 3755 1155 mutuam
3800 1092 4016 1157 inesse
4053 1114 4317 1177 sympa-

2366 1170 2579 1235 thiam
2633 1174 3075 1252 consentiant,
3136 1182 3335 1255 caput
3387 1182 3610 1240 tamen
3669 1177 4088 1261 praecipuam
4143 1180 4320 1244 vitae

2365 1256 2590 1321 sedem
2632 1259 2931 1324 tradunt:
2981 1268 3202 1342 utpote
3248 1281 3287 1325 a
3329 1282 3454 1343 quo
3498 1283 3725 1327 omnes
3769 1265 3958 1329 nervi
4001 1266 4318 1348 originem

2366 1342 2663 1407 trahant:
2711 1352 2788 1409 ut
2830 1367 2962 1410 non
3006 1346 3332 1410 immerito
3373 1347 3538 1411 illud
3582 1346 3827 1414 dictum
3864 1351 3968 1427 sit,
4016 1363 4216 1433 caput
4248 1353 4317 1415 in

2366 1428 2630 1493 homine
2673 1431 2945 1514 perinde
2990 1452 3131 1496 esse
3176 1442 3370 1514 atque
3412 1431 3697 1499 radicem
3738 1435 3806 1499 in
3853 1438 4100 1501 arbore.

2543 1531 2848 1599 Parcetur
2889 1533 3117 1615 ubique
3160 1534 3454 1599 manibus
3493 1535 3648 1623 tuis]
3697 1538 3845 1604 Hoc
3870 1559 4025 1604 vero
4068 1541 4136 1603 in
4183 1540 4319 1621 pri-

2364 1617 2492 1683 mis
2538 1639 2737 1684 curae
2782 1620 2975 1685 debet
3019 1641 3161 1685 0880
3196 1621 3622 1704 principibus,
3668 1624 3928 1705 qualem
3962 1625 4207 1689 famam
4244 1647 4318 1691 80

2365 1705 2556 1786 quale
2590 1726 2831 1770 nomen
2869 1706 3159 1772 habituri
3198 1708 3330 1771 sint
3366 1707 3449 1770 ad
3484 1717 3792 1789 posteros.
3863 1711 4034 1775 Nam
4069 1719 4147 1775 ut
4178 1732 4318 1775 ma-

2364 1791 2541 1855 xime
2610 1792 2862 1873 possint
2934 1792 3090 1857 dum
3166 1794 3408 1859 vivunt
3474 1792 3737 1878 linguas
3810 1798 4099 1861 omnium
4167 1818 4319 1862 con-

2364 1877 2595 1955 tinere,
2643 1879 2886 1942 mortui
2924 1885 3098 1945 certe
3133 1879 3380 1964 linguis
3414 1901 3546 1944 non
3582 1881 3928 1964 imperant.
3995 1883 4138 1947 Imo
4164 1904 4318 1947 vero

2364 1962 2437 2026 in
2482 1983 2593 2027 eos
2638 1963 2759 2028 sub
2794 1965 3028 2047 quibus
3063 1966 3335 2030 minime
3369 1965 3539 2044 licet,
3585 1973 3728 2030 tum
3764 1966 4028 2032 demum
4064 1968 4319 2034 avidius

2366 2048 2729 2114 effunditur
2772 2050 3086 2134 quidquid
3130 2072 3409 2135 usquam
3454 2059 3557 2117 est
3598 2054 4066 2131 conviciorum,
4112 2075 4316 2136 quum

2365 2155 2594 2199 eorum
2638 2144 2847 2201 morte
2889 2146 3080 2220 parta
3114 2138 3399 2203 libertas.
3470 2137 3763 2214 Nullum,
3810 2141 4027 2220 inquit
4059 2140 4319 2204 Plinius

2363 2220 2437 2283 in
2481 2222 2928 2306 Panegyric0‚
2976 2232 3076 2289 est
3121 2234 3410 2308 tempuS,
3457 2245 3583 2306 quo
3627 2225 4034 2289 funestorum
4078 2227 4319 2308 princi-

2364 2329 2526 2390 pum
2571 2330 2801 2374 manes
2843 2330 2882 2373 a
2925 2319 3337 2394 posterorum
3382 2310 3942 2375 exsecrationibus
3980 2313 4319 2394 conquies-

2365 2401 2531 2458 cant.

2539 2479 2822 2564 Maynas
2879 2481 3075 2569 voces]
3135 2481 3324 2563 Quae
3382 2483 3453 2545 in
3509 2482 3790 2564 speciem
3847 2503 4131 2566 magnae
4187 2484 4323 2547 sint

2367 2573 2433 2629 et
2477 2566 2841 2642 animosae,
2900 2568 3054 2634 licet
3110 2590 3180 2634 re
3226 2590 3382 2634 vera
3436 2568 3743 2651 indignae
3796 2589 4036 2653 magno
4081 2570 4317 2633 anim0.

2364 2651 2547 2715 Nihil
2596 2660 2696 2717 est
2739 2674 3058 2738 magnum
3104 2653 3373 2734 StoiciS,
3437 2654 3605 2736 quod
3660 2675 3793 2718 non
3850 2654 4022 2718 idem
4077 2656 4162 2719 sit
4205 2653 4321 2718 bo-

2366 2759 2558 2888 1118811,
2622 2746 2689 2802 ct
2732 2741 3057 2805 introrsus
3103 2741 3400 2805 solidum.
3469 2739 3641 2803 Vide
3688 2739 4009 2804 Senecam
4058 2741 4222 2805 libro
4267 2740 4321 2803 I.

2411 2846 2447 2889 e
2528 2846 2619 2889 ra.

2546 2910 2821 2990 Oderint,
2866 2913 3017 2976 dum
3059 2910 3366 2998 metuant]
3415 2911 3638 2975 Verba
3683 2920 3839 2976 sunt
3873 2912 4056 2975 Atrei
4101 2932 4183 2975 ex
4210 2932 4321 2976 ve-

2367 2996 2493 3064 teri
2538 2996 2890 3080 tragoedia,
2936 3005 3014 3063 ut
3057 2998 3303 3065 dictum
3350 3004 3452 3063 est
3494 2997 3661 3063 libro
3705 2996 3758 3061 Ι.

2545 3083 2663 3149 Oui
2702 3106 2966 3168 yraccus
3007 3083 3252 3171 versus]

2737 3179 2894 3256 Ἐμοῦ
2931 3186 3200 3245 θανόντος
3234 3193 3369 3253 γαΐα
3403 3189 3682 3256 μιχθείτω
3717 3188 3858 3253 πυρί.

2368 3275 2697 3339 Τ111110101·
2721 3283 2823 3339 est
2858 3276 3192 3352 iambicuS,
3231 3296 3421 3358 quem
3447 3275 3540 3339 sic
3563 3273 3767 3337 latine
3785 3283 4043 3337 vertere
4079 3272 4316 3354 possis:

2749 3377 2858 3446 Me,
2894 3380 3184 3433 misceatur
3218 3381 3338 3446 igne
3377 3385 3540 3445 terra,
3577 3386 3808 3442 mortuo,

2369 3465 2450 3530 ab
2495 3465 2775 3529 Erasmo
2802 3464 3048 3529 relatus
3092 3465 3266 3528 inter
3309 3465 3692 3548 paroemias,
3741 3477 3808 3527 01
3832 3482 4027 3544 quem
4053 3481 4322 3543 prover-

2367 3549 2609 3615 bialem
2629 3551 2830 3615 fuisse
2868 3551 3211 3633 significat.
3260 3549 3682 3633 Tranquillus
3717 3549 3786 3613 in
3809 3549 4091 3625 Nerone,
4130 3568 4321 3629 quem

2369 3636 2600 3713 refert,
2660 3636 2941 3719 quodam
2987 3637 3060 3699 in
3105 3657 3406 3701 sermone
3451 3636 3778 3701 communi
3823 3638 4089 3700 versum
4134 3632 4327 3698 illum

2369 3721 2645 3802 dicente,
2693 3721 3126 3804 respondisse,
3152 3725 3301 3801 ἐμοῦ
3330 3724 3565 3801 ζῶντος.
3628 3720 3737 3787 Ad
3773 3722 3952 3785 hunc
3988 3719 4323 3785 senarium

2370 3808 2594 3872 allusit
2638 3807 3043 3872 Claudianus
3086 3809 3436 3872 Ruffinum
3491 3807 3737 3872 faciens
3781 3809 3873 3873 sic
3917 3807 4320 3888 loquentem:

2695 3910 2905 3963 Everso
2942 3912 3092 3964 iuvat
3131 3911 3258 3963 orbe
3295 3912 3446 3977 mori,
3485 3910 3683 3965 solatia
3718 3910 3854 3963 lethi

2696 3978 2932 4032 Exitium
2954 3980 2997 4044 ¹)
3038 3995 3316 4032 commune
3355 3978 3519 4033 dabit.

2369 4068 2507 4132 Nec
2563 4064 2925 4130 absimilem
2980 4065 3374 4129 sententiam
3428 4065 3652 4129 laudat
3704 4066 3843 4145 1980
3890 4060 4143 4127 Seneca
4187 4062 4322 4127 Na-

2369 4152 2686 4219 turalium
2730 4151 3187 4234 quaestionum
3221 4148 3388 4214 libro
3409 4150 3560 4215 VI.:
3606 4150 3893 4235 Egregie
3925 4147 4157 4231 inquit,
4183 4147 4320 4212 Va-

2370 4239 2583 4324 gellus
2625 4260 2810 4302 meus
2854 4238 2926 4301 in
2969 4235 3079 4301 illo
3124 4237 3371 4322 inclyto
3416 4237 3732 4302 carmine:

2577 4341 2633 4395 Si
2670 4340 2967 4395 cadendum
3003 4347 3088 4394 est
3123 4341 3266 4409 mihi,
3304 4340 3458 4394 coelo
3497 4339 3754 4394 cecidisse
3790 4340 3956 4394 iuvat.

2370 4427 2560 4494 Idem
2592 4428 2749 4494 licet
2782 4428 3013 4507 dicere,
3053 4425 3130 4492 Si
3167 4425 3531 4491 cadendum
3568 4433 3687 4506 est,
3726 4425 3957 4492 cadam
3992 4423 4146 4492 orbe
4170 4447 4321 4491 con-

2371 4535 2580 4581 cusso.
2669 4514 2822 4580 Non
2877 4514 3030 4597 quia
3085 4515 3181 4578 fas
3237 4519 3338 4578 est
3381 4519 3608 4594 optare
3661 4512 3990 4595 publicam
4047 4511 4320 4590 cladem,

2373 4601 2489 4666 sed
2534 4600 2689 4683 quia
2735 4601 2970 4683 ingens
3015 4600 3243 4663 mortis
3290 4598 3595 4666 solatium
3635 4606 3767 4677 est,
3824 4606 4070 4664 terram
4116 4621 4322 4683 quan-

2372 4687 2588 4770 doque
2632 4685 2854 4751 videre
2898 4685 3259 4750 mortalem.

2544 4772 2635 4837 Et
2675 4773 2810 4837 alia
2850 4771 3042 4837 huius
3083 4769 3287 4857 notae]
3335 4769 3658 4836 Eiusdem
3699 4773 3977 4855 generiS,
4023 4779 4091 4836 et
4127 4772 4324 4837 ratio-

2373 4860 2496 4938 nis,
2543 4858 2740 4924 ducta
2782 4859 3209 4923 translatione
3245 4877 3285 4920 8
3317 4857 3531 4924 forma
3574 4858 3851 4941 publica,
3899 4878 4026 4941 qua
4065 4859 4323 4923 nummi

2374 4945 2847 5028 percutiuntur.
2939 4944 3194 5010 Seneca
3223 4943 3500 5028 Epistol.
3546 4944 3713 5010 libro
3736 4944 3849 5009 V.:
3897 4965 4102 5026 quum
4124 4943 4328 5009 vellet

2374 5029 2829 5097 demonstrare
2882 5031 3056 5096 facta
3097 5051 3172 5095 80
3217 5030 3391 5096 dicta
3434 5032 3748 5114 sapientis
3794 5028 4082 5095 eiusdem
4127 5032 4326 5096 ratio-

2374 5119 2478 5182 nis
2520 5137 2691 5194 esse,
2749 5115 3247 5199 Respondeant,
3305 5116 3546 5200 inquit,
3606 5115 3755 5190 sibi,
3816 5125 3883 5181 et
3941 5135 4073 5181 una
4114 5118 4329 5184 forma

2512 5322 2571 5389 1)
2616 5321 2709 5377 Sic
2742 5323 3206 5391 emendatprima

3244 5321 3447 5377 Stoerii
3479 5322 3560 5375 cd.
3599 5320 3733 5373 1611
3771 5328 3821 5376 et
3855 5329 4146 5391 sequentes.
4211 5324 4326 5378 An-

2376 5400 2462 5449 tea
2496 5391 2635 5445 male
2670 5392 2973 5460 legebatur:
3010 5394 3226 5447 exitum.

3821 5476 3924 5531 10*
