5100 6061
2002 473 2009 482 ·
2071 442 2806 511 PROLEGOMENA.
4325 443 4456 508 LV

439 641 685 700 tardum
738 634 1007 711 saevire,
1063 635 1170 699 sed
1213 633 1292 697 ab
1348 633 1486 698 illis
1528 632 1715 699 etiam
1760 634 2004 698 animos
2058 635 2130 698 in
2185 633 2624 713 sempiternum
2676 635 2938 699 exitium
2982 632 3168 698 trahi.
3265 631 3607 697 Concilium
3663 651 3801 713 erqo
3845 632 3966 695 sibi
4017 630 4222 697 videri
4266 652 4457 713 quam

432 747 723 830 primum
780 765 910 810 esse
966 744 1419 809 convocandum
1438 796 1453 824 ,
1510 747 1765 826 eiusque
1818 745 2192 826 faciundum
2233 746 2493 808 initium
2533 744 2645 810 hoc
2689 765 2880 823 arma,
2924 766 3030 811 nec
3069 746 3143 809 in
3192 744 3570 809 Germaniae
3613 743 4000 807 conventibus
4045 745 4121 809 de
4160 726 4457 827 religione

441 856 837 924 tractandum
877 856 1142 938 aliquid,
1188 857 1296 920 sed
1330 857 1683 939 auyendum
1725 876 1854 920 esse
1890 858 2127 937 foedus,
2172 862 2241 920 at
2282 856 2377 921 vel
2420 855 2535 920 hac
2578 859 2818 921 ratione
2849 861 3262 937 protestantes
3307 856 3392 920 ad
3425 855 3811 919 concordiam
3851 856 4058 937 maqis
4089 857 4425 919 invitentur
4439 844 4480 920 .·’

432 990 657 1052 pacem
700 989 932 1050 quoq-ue
970 968 1327 1049 faciendam
1368 987 1508 1032 cum
1556 967 1809 1032 Galliae
1849 989 2007 1050 reye,
2052 973 2107 1032 et
2149 969 2400 1032 interim
2444 968 2842 1049 undecunque
2885 968 3223 1051 colliyenda
3266 966 3551 1031 subsidia
3599 971 3812 1030 eontra
3857 966 3984 1030 vim
4026 969 4341 1046 tarsicam,
4385 970 4456 1032 ut

444 1102 608 1147 anno
674 1080 946 1162 sequenti
1021 1081 1164 1144 totis
1228 1080 1472 1144 viribus
1525 1080 1596 1143 in
1668 1080 1853 1143 illum
1902 1081 2020 1161 fiat
2072 1081 2336 1161 impetus
2380 1130 2394 1143 .
2442 1130 2454 1143 .
2504 1129 2517 1143 .
2565 1129 2578 1142 .
2693 1079 2829 1145 Hoc
2889 1079 3191 1144 Fame-sii
3262 1078 3622 1155 consilium,
3681 1077 3790 1141 ubi
3856 1079 4172 1143 mensibus
4224 1079 4460 1161 aliquot

433 1198 581 1276 post
636 1195 1006 1271 emanasset,
1067 1187 1339 1256 Ioannes
1397 1189 1697 1256 Calvinus
1753 1211 2050 1256 excusum
2103 1193 2272 1273 typis
2326 1191 2820 1256 conmenta-riola
2873 1192 3147 1269 vestivit,
3205 1211 3280 1253 ne
3334 1192 3478 1271 quis
3529 1188 3696 1252 {clud
3748 1208 3924 1255 secus
3981 1212 4173 1273 qaam
4231 1194 4460 1272 oportet

440 1306 758 1385 acciperet.

748 1416 933 1480 Haec
989 1413 1357 1480 Sleidanus.
1461 1413 1665 1479 Cuius
1720 1414 1882 1479 satis
1939 1413 2267 1495 prolixam
2312 1406 2835 1496 ἀνακεφαλαίωσιν
2893 1413 2949 1479 si
2994 1434 3142 1478 cum
3200 1417 3509 1496 opusculo
3554 1418 3825 1484 Eusebii
3867 1416 4203 1501 Pamphili
4247 1415 4458 1480 nostri

440 1526 827 1604 contuleris,
876 1547 1008 1591 non
1052 1520 1298 1609 poteris
1341 1545 1475 1589 non
1520 1541 1874 1609 agnoscere
1919 1546 2069 1589 eum
2115 1524 2237 1591 hoc
2281 1526 2493 1607 ipsum
2537 1532 2690 1590 ante
2735 1525 2954 1590 oculos
2997 1525 3303 1589 habuisse
3344 1548 3546 1608 quum
3592 1550 3734 1605 eam
3781 1529 4246 1595 conscriberet:
4295 1525 4456 1591 adeo

439 1637 842 1722 pedetentim
870 1639 1009 1702 eius
1055 1644 1351 1701 tenorem
1374 1637 1713 1702 referendo
1746 1622 2181 1719 prosequitur,
2230 1636 2309 1701 de
2345 1638 2687 1702 sententiis
2730 1636 2898 1701 nihil
2933 1637 3262 1713 omittens,
3308 1638 3381 1701 in
3425 1638 3645 1704 verbis
3689 1663 3938 1724 quoque
3982 1640 4273 1723 pressius
4313 1659 4457 1703 car-

438 1749 680 1815 dinalis
713 1749 997 1832 vestigia
1036 1748 1282 1834 legens.
1350 1748 1543 1829 Quod
1586 1750 1643 1817 si
1687 1749 1832 1831 quis
1879 1748 2184 1814 obiecerit
2222 1750 2414 1814 illum
2456 1747 2535 1812 de
2579 1748 3055 1833 pseudonymia
3097 1747 3361 1813 Calvini
3404 1752 3650 1815 autoris
3695 1752 3864 1816 nihil
3907 1772 4285 1828 memorare,
4332 1749 4457 1813 hoc

437 1861 711 1926 dubium
768 1861 957 1926 facile
1001 1860 1305 1926 solvetur.
1395 1840 1749 1926 Sleidanus
1802 1860 2045 1943 optime
2099 1861 2266 1926 scire
2320 1861 2531 1943 potuit
2589 1868 2657 1924 et
2711 1860 2934 1926 debuit
2987 1855 3343 1927 Calvinum
3398 1862 3595 1927 talem
3655 1864 3943 1946 aliquam
3998 1863 4457 1927 refutationem

437 1974 798 2055 scripsisse,
843 1980 912 2036 et
954 1971 1143 2036 nulla
1184 1994 1381 2037 causa
1423 1943 1571 2036 erat
1608 1981 1873 2055 propter
1906 1994 2103 2055 quam
2148 1971 2464 2037 decennio
2498 1973 2754 2054 integro
2801 1972 3039 2054 elapSO,
3084 1993 3287 2054 quum
3331 1994 3518 2038 suam
3554 1974 3897 2039 historiam
3938 1974 4269 2050 scriberet,
4314 1980 4454 2037 tam

442 2084 697 2150 clarum
741 2104 982 2148 nomen
1027 2083 1285 2148 silentio
1331 2085 1650 2166 sepeliret.
1739 2084 1996 2148 Verum
2039 2084 2177 2166 ipse
2223 2084 2572 2161 Calvinus,
2619 2105 2696 2148 eo
2740 2091 3032 2166 tempore
3074 2106 3202 2167 quo
3258 2105 3452 2148 suum
3496 2086 3920 2168 Pamphilum
3968 2084 4172 2150 edidit
4210 2087 4455 2169 magis-

441 2204 657 2260 tratus
702 2197 1257 2279 argentoratensis
1304 2196 1558 2279 hospes,
1607 2197 1882 2260 fortasse
1925 2215 2155 2260 cavere
2199 2195 2498 2260 voluerat
2540 2218 2624 2260 ne
2668 2195 2775 2260 vel
2818 2196 2960 2274 sibi,
3008 2196 3113 2262 vel
3157 2198 3406 2262 civitati
3453 2219 3572 2262 sua
3616 2197 3695 2262 de
3740 2198 3936 2263 rebus
3978 2198 4050 2262 in
4096 2196 4457 2262 Germania

438 2308 738 2373 tractatis
781 2307 940 2371 satis
994 2306 1197 2372 libera
1241 2307 1595 2392 disputatio
1649 2306 1866 2372 fraudi
1909 2314 2098 2372 esset.
2188 2307 2387 2372 Certe
2430 2326 2624 2371 nemo
2669 2329 2959 2389 unquam
3006 2307 3207 2372 alium
3252 2308 4008 2374 commentariolum
4053 2307 4244 2387 vidit,
4301 2307 4454 2372 Gal—

439 2418 583 2483 vini
627 2419 893 2483 nomine
937 2418 1345 2502 insignitum,
1393 2438 1589 2501 quem
1628 2419 1844 2502 potius
1888 2439 2086 2500 quam
2133 2419 2308 2483 hunc
2350 2427 2655 2482 nostrum
2700 2417 3054 2485 Sleidanus
3097 2420 3394 2485 innuisse
3437 2420 3768 2503 putandus
3813 2421 3914 2485 sit.
4005 2419 4329 2486 Consulas
4375 2419 4455 2484 de

440 2528 735 2595 Consilio
790 2529 905 2594 illo
948 2530 1250 2595 Farnesii
1309 2528 1759 2595 Seckendorfii
1811 2528 2153 2594 historiam
2209 2529 2710 2595 Lutheranismi
2754 2530 2900 2595 Lib.
2951 2530 3076 2596 111.
3126 2529 3299 2597 Sect.
3347 2534 3447 2596 21.
3505 2553 3651 2616 pag.
3709 2536 3832 2595 272
3894 2553 4065 2614 seqq.
4123 2531 4221 2597 ed.
4269 2531 4452 2615 Lips.

446 2645 629 2706 1694.
673 2641 781 2705 fol.
1733 2676 1736 2680 ι
4365 2641 4378 2654 ’

753 2754 1005 2818 'I'extus
1040 2753 1274 2829 libelli,
1322 2753 1584 2835 qualem
1631 2751 1934 2816 Rihelius
1981 2752 2325 2835 expressit,
2369 2752 2746 2834 saepissime
2791 2752 3140 2819 mendosus
3178 2754 3364 2820 nobis
3408 2755 3592 2820 visus
3627 2762 3744 2835 est,
3791 2762 3857 2819 et
3888 2754 4455 2839 negligentissime

437 2884 483 2928 a
526 2873 891 2930 correctore
934 2871 1269 2929 tractatus.
1359 2864 1645 2928 Leviora
1699 2865 1908 2927 multa
1964 2864 2158 2926 tacite
2218 2861 2742 2943 emendavimus,
2801 2863 2995 2948 plura
3050 2865 3432 2946 reliquimus
3475 2867 3752 2944 intacta,
3810 2888 4016 2948 quum
4061 2867 4454 2930 coniecturis

437 2975 923 3059 indulgendum
969 2975 1157 3041 nobis
1200 2977 1447 3054 fuisset,
1494 2974 1605 3040 ubi
1649 2996 1863 3040 sermo
1910 2973 2174 3052 latinus,
2222 2986 2481 3058 praeter
2526 2976 2786 3043 Calvini
2830 2997 3111 3054 morem,
3157 2976 3517 3056 obscurior,
3561 2978 3694 3042 imo
3739 2977 3964 3042 naevis
4009 2977 4454 3061 grammaticis

437 3088 738 3154 foedatus
773 3087 1146 3171 apparebat.
1197 3087 1518 3169 Exemplo
1555 3088 1673 3153 tibi
1712 3088 1845 3153 sint
1880 3088 2055 3151 inter
2087 3087 2300 3151 multa
2335 3087 2466 3152 alia
2500 3109 2668 3170 quae
2703 3089 2882 3173 leges
2925 3089 3040 3154 col.
3089 3094 3212 3153 479
3256 3089 3562 3154 editionis
3601 3097 3860 3154 nostrae
3905 3109 3956 3153 c.
3994 3088 4196 3154 med:
4246 3140 4259 3152 .
4309 3140 4323 3153 .
4371 3140 4384 3154 .
4433 3139 4448 3154 .

438 3201 646 3265 utin
681 3199 1039 3283 singulis
1076 3199 1525 3282 provinciis
1563 3249 1576 3262 .
1626 3249 1702 3276 .,.
1750 3250 1763 3263 .
1808 3196 2179 3264 habenda
2223 3220 2395 3263 esse
2439 3200 2789 3265 concilia
2832 3209 3021 3267 caett.
3094 3201 3186 3265 Et
3227 3200 3424 3284 paulo
3459 3207 3634 3284 post:
3677 3200 3893 3281 Quid
3935 3202 4107 3283 ipso
4146 3200 4446 3265 facias?

436 3311 754 3377 Fortasse
798 3311 996 3377 etiam
1037 3308 1227 3389 illud,
1287 3329 1517 3375 versus
1560 3313 1760 3375 finem
1802 3309 2094 3374 eiusdem
2126 3310 2439 3393 paginae:
2496 3311 2812 3381 abiecta
2851 3313 3118 3379 omnis
3163 3312 3449 3397 (omni‘?)
3497 3313 3964 3378 honestatis
4008 3334 4198 3378 cura
4242 3363 4255 3376 .
4306 3364 4319 3377 .
4368 3364 4382 3376 .
4431 3364 4445 3379 .

439 3423 544 3487 'fu
596 3423 783 3501 nolis,
836 3442 1232 3505 quaesumus
1251 3472 1267 3500 ‚
1323 3422 1639 3487 benevole
1693 3423 1925 3498 lector,
1982 3421 2139 3485 talia
2194 3421 2301 3488 vel
2346 3429 2610 3488 nostrae
2667 3425 3048 3489 oscitantiae
3093 3423 3199 3490 vel
3245 3425 3445 3489 etiam
3488 3423 3865 3507 typothetae
3910 3426 4117 3490 nostri
4159 3426 4452 3526 incuriae

437 3533 789 3617 imputare.

2135 3931 2544 4016 CAPUT
2607 3933 2765 4016 XI.

1482 4128 1894 4225 ACTES
1949 4128 2134 4223 DE
2188 4126 3062 4224 RATISBONNE.
3146 4117 3434 4218 1541.

652 4315 657 4326 .
752 4330 1088 4396 Nonnulla
1132 4332 1316 4398 nobis
1362 4331 1467 4396 hic
1510 4330 1989 4413 praemittenda
2034 4329 2341 4397 videntur
2381 4330 2490 4396 vel
2534 4324 2754 4396 minus
2800 4331 3091 4415 cognita,
3150 4331 3255 4398 vel
3295 4332 3514 4394 minus
3557 4337 3856 4395 accurate
3894 4327 4134 4394 tradita
4177 4330 4256 4395 de
4300 4331 4452 4396 Cal-

436 4442 597 4509 vino
643 4444 1069 4530 Argentorati
1113 4442 1382 4507 docente
1426 4449 1491 4507 et
1533 4443 1603 4506 in
1648 4443 1925 4508 comitiis
1970 4442 2227 4525 imperii
2271 4453 2575 4506 versante
2622 4443 2700 4507 de
2747 4441 2940 4507 rebus
2984 4443 3433 4509 ecclesiasticis
3478 4443 3931 4507 tractantibus

749 4553 1029 4618 Geneva
1062 4555 1288 4636 pulsus
1324 4554 1657 4619 Basileam
1702 4556 1899 4633 venit,
1948 4554 2120 4618 unde
2164 4553 2678 4637 approbantibus
2724 4555 3125 4620 scholarchis
3172 4576 3209 4617 a
3246 4554 3566 4636 Capitone
3612 4561 3681 4618 et
3715 4553 3971 4618 Bucero
4016 4563 4282 4619 vocatus
4319 4557 4448 4618 Ar-

435 4671 857 4749 gentoratum
905 4665 1066 4729 adiit
1112 4688 1283 4730 anno
1337 4670 1498 4730 1538
1558 4687 1782 4730 mense
1838 4666 2220 4752 septembri,
2290 4686 2443 4728 mox
2498 4665 2974 4747 perhonorifice
3034 4668 3193 4731 civis
3254 4673 3553 4748 receptus
3611 4674 3712 4730 est
3767 4665 3870 4729 die
3918 4671 4015 4730 29.
4063 4665 4217 4730 Iulii
4265 4671 4476 4751 1539.-

434 4776 690 4858 Magna
743 4797 893 4841 cum
941 4777 1136 4841 laude
1180 4778 1564 4860 professoris
1619 4777 1984 4860 theologiae
2037 4787 2104 4841 et
2159 4777 2631 4842 concionatoris
2688 4777 2906 4861 gallici
2962 4798 3236 4841 munere
3290 4798 3408 4859 per
3462 4787 3596 4841 tres
3651 4779 3854 4842 ferme
3910 4798 4112 4841 annos
4157 4778 4447 4859 integros

434 4889 702 4952 functus
746 4896 861 4953 est.
951 4889 1081 4953 'Per
1123 4897 1238 4952 aut
1282 4899 1511 4971 quater
1552 4911 1672 4972 per
1712 4887 2185 4953 hebdomadem
2229 4888 2522 4972 singulos
2569 4890 2930 4971 scripturae
2969 4910 3190 4953 sacrae
3235 4889 3435 4953 libros
3481 4890 3876 4972 explanavit.
3967 4888 4445 4970 Disputationi-

434 4997 560 5063 bus
615 5001 685 5062 in
731 4999 1096 5084 Gymnasio
1155 4999 1493 5065 celebratis
1538 5009 1657 5065 aut
1707 5001 2004 5065 interfuit
2059 5001 2359 5066 omnibus
2405 5007 2519 5064 aut
2562 5001 2874 5082 praefuit,
2919 5021 3119 5082 quum
3165 5002 3302 5082 ipse
3349 5023 3466 5065 sua
3511 5002 3806 5065 themata
3850 4999 4241 5064 defenderet.
4330 5001 4444 5065 In—

435 5111 616 5195 genii
658 5110 984 5189 acumine,
1047 5109 1414 5176 eruditione
1455 5112 1723 5189 eximia‚
1780 5133 2039 5204 morum
2090 5113 2469 5195 integritate
2513 5113 2722 5194 magis
2779 5112 3119 5194 magisque
3165 5113 3592 5177 inclarescere
3637 5112 3876 5194 coepit,
3938 5109 4094 5175 adeo
4139 5127 4231 5189 ut,
4280 5121 4444 5177 teste

434 5221 686 5286 Ioanne
742 5219 1068 5300 Sturmio,
1139 5221 1497 5305 permultos
1560 5221 1948 5304 eosdemque
2007 5223 2440 5288 nobilissimos
2502 5222 3107 5305 literatissimosque
3167 5225 3342 5289 viros
3399 5246 3472 5288 ac
3531 5223 3853 5287 studiosos
3909 5221 4352 5288 adolescentes
4407 5247 4443 5288 e

436 5332 663 5399 Gallia
705 5336 1088 5416 praesertim
1135 5334 1454 5412 alliceret,
1511 5342 1577 5398 et
1632 5333 1886 5397 nullum
1930 5334 2062 5397 iam
2107 5336 2373 5419 gravius
2417 5334 2750 5417 negotium
2805 5333 3307 5430 ecclesiasticum
3357 5336 3462 5402 vel
3520 5335 3692 5398 domi
3746 5333 3851 5399 vel
3905 5334 4062 5398 foris
4118 5337 4258 5400 sine
4303 5337 4442 5400 eius
