5100 6061
753 457 876 519 299
1783 423 1786 426 “
2451 443 2917 512 EPISTOLA
2960 447 3050 511 11.
4634 449 4758 513 300

750 642 1102 717 audebunt,
1142 661 1303 723 quos
1339 638 1736 704 detestabilis
1771 635 2195 711 idololatriae,
2234 642 2300 697 et
2335 655 2470 697 non
2506 634 2701 698 unius
2751 659 2756 746 ἰ
2804 633 2968 697 forte
3012 633 3437 698 annuendum
3481 635 3541 699 ei
3586 635 3907 713 ducimus,
3952 634 4065 717 qui
4109 632 4417 698 damnata
4459 634 4756 716 pii-atim,

749 726 1074 811 sacrilegii
1096 734 1355 791 autores
1393 745 1535 790 esse
1571 722 1868 788 constat?
1931 722 2143 785 Taceo
2178 720 2504 802 reliquum
2542 719 2701 783 anni
2806 718 3275 801 archipiratam
3318 718 3559 784 laudet.
3654 719 3878 800 Quid?
3971 721 4077 784 An
4124 740 4284 796 non,
4329 740 4759 803 quaecunque

749 823 1025 895 tempus,
1071 834 1197 894 quo
1244 811 1469 895 procul
1505 832 1543 874 a
1579 811 1712 874 suis
1749 806 2034 872 ecclesiis
2071 803 2394 884 absentee,
2440 825 2562 886 per
2597 807 2698 868 vi-
2804 805 2875 868 in
2918 804 3178 869 foetidis
3218 805 3350 869 illis
3386 805 3739 870 fornicibus
3786 811 3933 884 [pag.
3961 811 4066 884 67]
4112 815 4518 889 peraguntur
4552 807 4759 871 sacri-

750 899 960 964 carios
1003 920 1171 977 suos,
1216 897 1656 961 furacissimos
1699 891 2058 974 praedones
2077 943 2093 970 ,
2139 892 2434 973 rapinas,
2482 890 2698 972 direp-
2802 890 2992 973 legia,
3042 891 3346 973 auspiciis
3383 889 3711 973 ductuque
3748 890 4061 955 abbatum
4098 892 4601 975 perpetrantur?
4670 893 4761 956 Et

751 986 982 1062 tiones,
1020 983 1488 1068 populationes,
1525 979 1866 1044 latrocinia
1899 999 2093 1042 omne
2127 998 2336 1060 genus
2370 986 2696 1055 exercent,
2803 977 2949 1058 quis
2993 977 3125 1040 iam
3170 977 3298 1040 illis
3344 976 3684 1058 displicere
3730 975 3979 1055 credet,
4038 999 4205 1058 quae
4248 977 4512 1041 nomine
4555 987 4759 1042 nutu-

751 1063 989 1152 quibus
1047 1065 1509 1134 enumerandis
1550 1066 1858 1130 volumen
1913 1085 2117 1128 unum
2174 1084 2305 1127 non
2351 1063 2697 1128 sufficeret.
2804 1083 2926 1144 que
2963 1081 3191 1126 eorum
3226 1062 3589 1145 geruntur?
3649 1059 3816 1144 Quis
3839 1064 4166 1145 specimen
4192 1071 4541 1146 exspectet,
4580 1063 4760 1128 unde

749 1156 843 1220 Et
897 1164 1050 1220 sunt
1107 1160 1250 1232 [pag.
1304 1159 1411 1230 66]
1469 1151 1630 1214 adeo
1686 1149 2058 1234 prodigiosa
2112 1150 2404 1226 nomina,
2465 1148 2699 1231 quibus
2804 1146 2926 1211 sibi
2970 1148 3324 1229 improbari
3368 1148 3729 1226 declarent,
3788 1168 3953 1229 quae
4015 1156 4259 1231 quanta
4315 1159 4588 1231 possunt
4642 1171 4758 1232 ap-

752 1241 1184 1323 expilationes
1227 1238 1373 1302 illas
1420 1258 1568 1302 suas
1626 1241 2053 1318 praetexunt,
2111 1244 2186 1299 ut
2239 1256 2374 1298 non
2428 1235 2558 1299 nisi
2617 1234 2696 1298 ab
2802 1231 3179 1315 probatione
3226 1233 3664 1297 confirmant?
3755 1233 3899 1297 Iam
3942 1234 4114 1316 quod
4159 1235 4432 1299 otiosam
4477 1235 4631 1311 sibi,
4694 1245 4761 1300 et

749 1326 879 1390 illis
943 1325 1289 1408 paucisque
1356 1323 1662 1405 captiosis
1735 1322 2157 1404 pragmaticis
2220 1319 2692 1403 intelligantur.
2746 1365 2753 1430 l
2803 1319 2946 1383 sine
3003 1339 3199 1383 onere
3245 1318 3635 1403 dignitatem
3688 1319 4000 1402 obtigisse
4057 1327 4318 1401 putant,
4375 1321 4447 1383 in
4490 1341 4567 1385 eo
4612 1321 4759 1403 qui-

750 1414 967 1493 Atque
1011 1420 1085 1474 ut
1130 1411 1336 1474 viscos
1382 1409 1559 1485 illos,
1607 1415 1669 1472 et
1714 1417 1816 1470 tot
1860 1406 2126 1470 furandi
2170 1414 2345 1470 artes
2390 1405 2696 1470 dissimu-
2747 1435 2752 1462 ι
2802 1403 2953 1468 dem
2997 1405 3302 1487 opinione
3346 1405 3682 1469 falluntur.
3773 1404 3943 1485 Quis
3987 1407 4164 1470 enim
4211 1404 4479 1483 dubitet,
4526 1426 4759 1471 eorum

750 1498 986 1573 lemus,
1035 1516 1161 1578 quo
1203 1505 1422 1559 tamen
1469 1495 1610 1557 iure
1653 1494 1867 1575 praeri
1917 1493 2089 1570 iunt,
2146 1491 2317 1574 quod
2360 1501 2698 1573 pastorum
2802 1512 3331 1573 unumquemque
3364 1501 3693 1572 pastorem
3730 1492 3799 1554 in
3835 1512 3952 1555 suo
3988 1490 4259 1574 collegio
4294 1489 4528 1557 debere
4565 1513 4759 1575 prae-

752 1582 1080 1647 alimentis
1123 1581 1524 1645 destinatum
1570 1578 1754 1643 erat?
1847 1515 2071 1658 (Suum
2130 1579 2306 1641 enim
2364 1575 2698 1640 reddenda
2747 1547 2751 1660 Ι
2801 1585 3007 1651 stare,
3071 1577 3176 1641 cui
3233 1574 3520 1658 regendo
3580 1577 3779 1641 abbas
3837 1587 3938 1640 est
3995 1577 4435 1642 constitutus?
4523 1577 4721 1660 Nequ

2802 1662 2979 1725 enim
3024 1662 3153 1726 alia
3194 1661 3568 1727 conditione
3613 1671 4002 1745 cooptantur
4043 1664 4115 1725 in
4155 1684 4304 1727 eum
4341 1663 4577 1741 locum,
4625 1664 4757 1729 nisi

2802 1755 2877 1811 ut
2920 1748 3259 1829 pastoritia
3303 1747 3739 1812 sollicitudine
3784 1747 4253 1832 defungantur:
4301 1756 4368 1811 et
4410 1748 4538 1827 illi,
4598 1749 4758 1813 dum

2800 1854 3041 1897 munus
3109 1834 3370 1911 ineunt,
3447 1832 3514 1896 id
3580 1835 3795 1915 ipsum
3863 1840 4269 1899 sacramento
4345 1835 4755 1900 confirmant.

2802 1916 2880 1983 Si
2921 1940 2957 1983 e
2999 1918 3200 2002 vulgo
3245 1919 3571 2001 quispiam
3616 1919 3696 1983 de
3741 1919 3994 1984 abbatis
4039 1920 4252 1983 officio
4288 1919 4754 2004 interrogetur,

2802 2005 3131 2086 extemplo
3177 2004 3612 2086 respondebit,
3659 2004 3999 2070 monachis
4042 2026 4182 2070 esse
4225 2005 4416 2070 illum
4450 2005 4757 2071 modera-

2800 2098 3007 2154 torem
3053 2091 3371 2172 positum:
3430 2092 3539 2172 qui
3584 2111 3749 2172 pura
3802 2089 4100 2156 doctrina
4142 2092 4510 2174 sanctisque
4556 2094 4757 2156 mori-

750 2179 1060 2247 trandum
1103 2179 1348 2263 ignavi,
1396 2180 1814 2243 saturitatem
1855 2186 2077 2242 tamen
2121 2179 2442 2243 nesciunt.
2802 2176 2922 2240 bus
2966 2176 3083 2239 toti
3127 2176 3400 2259 collegio
3444 2186 3741 2258 praeeat,
3798 2175 3995 2240 rudes
4050 2176 4490 2242 instituendos
4514 2233 4521 2242 .
4546 2187 4756 2257 curet,

919 2267 1281 2329 Enimvero
1315 2265 1527 2329 maius
1567 2263 1727 2328 mihi
1765 2273 2098 2329 certamen
2136 2285 2286 2328 cum
2319 2264 2572 2347 reliqua
2594 2275 2701 2328 sa-‘
2801 2261 3255 2344 delinquentes
3279 2262 3574 2345 castiget,
3606 2273 3901 2326 errantes
3932 2263 4004 2325 in
4026 2263 4205 2328 viam
4228 2261 4512 2328 reducat.
4566 2263 4757 2328 ch

748 2351 1085 2417 cerdotum
1151 2351 1367 2426 turba,
1435 2358 1632 2431 atque
1698 2351 1804 2424 (ut
1868 2351 2025 2432 ipsis
2087 2347 2346 2432 quidem
2404 2350 2694 2430 videtur)
2746 2319 2752 2408 i
2800 2368 3003 2429 quum
3045 2348 3116 2410 in
3162 2348 3374 2413 triviis
3430 2359 3565 2411 tam
3624 2347 3865 2412 diserte
3909 2346 3989 2412 de
4033 2370 4257 2412 eorum
4300 2369 4577 2413 munere
4621 2349 4757 2414 dis-

747 2438 956 2501 multo
993 2435 1319 2501 difficilius
1354 2443 1575 2500 restat.
1643 2436 1815 2500 Nam
1852 2456 2132 2518 quorum
2167 2434 2528 2500 sacerdotia
2563 2456 2697 2499 non
2801 2442 3123 2512 serantur,
3171 2454 3364 2516 quam
3409 2433 3640 2498 frivole
3683 2434 4112 2513 mentiuntur,
4159 2434 4327 2498 nihil
4370 2434 4453 2498 ad
4499 2455 4571 2499 se
4604 2457 4757 2517 per-

748 2543 828 2588 ea
880 2533 1035 2587 sunt
1095 2520 1487 2597 conditione,
1558 2530 1631 2586 ut
1685 2521 1977 2587 ecclesiis
2034 2531 2372 2603 pastorum
2427 2522 2696 2585 nomine
2760 2516 3029 2595 ‘tinere,
3068 2519 3280 2601 qualis
3316 2520 3403 2583 sit
3434 2520 3906 2584 monachorum
3942 2519 4119 2584 vita?
4161 2541 4372 2603 neque
4413 2541 4531 2584 sua
4565 2521 4757 2602 quid-

746 2609 877 2690 ipsi
909 2607 1323 2690 praesideant
1366 2609 1525 2691 (quo
1562 2628 1598 2671 e
1634 2628 1873 2691 genere
1909 2616 2065 2672 sunt
2098 2605 2397 2692 prodigia
2429 2607 2544 2672 illa
2580 2628 2696 2671 no·
2800 2625 2998 2686 quam
3053 2605 3324 2683 referre,
3382 2626 3580 2687 quam
3636 2606 3724 2669 sit
3779 2613 3893 2670 aut
3944 2605 4143 2687 probe
4189 2607 4576 2688 composita,
4638 2617 4758 2671 aut

747 2695 1002 2758 minum
1048 2693 1365 2773 abbatiae,
1411 2693 1756 2775 prioratus,
1803 2692 2229 2776 praebendae,
2275 2692 2694 2776 capellaniae,
2800 2689 3051 2773 perdite
3096 2689 3460 2756 effrenata?
3521 2690 3617 2756 Ut
3657 2699 3877 2755 autem
3922 2691 3989 2755 id
4033 2700 4245 2756 totum
4282 2691 4362 2755 de
4407 2691 4757 2757 hominum

751 2779 1106 2844 decanatus
1148 2781 1336 2857 item,
1391 2781 1907 2862 praepositurae,
1967 2778 2414 2843 thesaurariae
2460 2780 2697 2862 aliique
2800 2774 3039 2842 iudicio
3085 2775 3390 2840 eludant:
3446 2777 3603 2858 quia
3658 2785 3878 2841 tamen
3932 2776 4098 2842 fidos
4151 2797 4221 2842 se
4263 2778 4402 2841 fore
4455 2786 4756 2860 pastores

749 2866 1006 2944 infiniti,
1055 2875 1126 2928 ut
1171 2874 1423 2942 vocant,
1469 2867 1879 2947 personatus)
1930 2864 2112 2928 nulla
2147 2867 2398 2929 ratione
2433 2866 2561 2930 sibi
2598 2866 2696 2929 vi-
2746 2887 2752 2990 !
2800 2862 3175 2926 solennibus
3220 2863 3439 2926 verbis
3484 2861 3892 2940 deierarunt,
3940 2885 4057 2927 sua
4099 2871 4276 2929 certe
4320 2864 4755 2945 promissione

749 2950 987 3015 dentur
1028 2949 1346 3034 impediri,
1393 2953 1738 3033 quominus
1784 2961 1850 3015 et
1897 2959 2162 3015 teneant
2203 2951 2317 3014 illa
2361 2959 2428 3014 et
2471 2972 2699 3015 corum
2801 2947 3317 3032 obstringuntur.
3408 2949 3658 3012 Eorum
3702 2969 3857 3032 ergo
3900 2969 4128 3012 curam
4162 2947 4357 3034 longe
4403 2971 4442 3013 a
4485 2970 4555 3013 se
4598 2952 4754 3014 reii-

747 3046 1091 3120 proventu‚
1122 3040 1169 3121 ¹)
1207 3058 1323 3101 ceu
1359 3038 1528 3102 iusto
1561 3038 1974 3120 patrimoniO,
2012 3036 2084 3100 in
2120 3058 2282 3119 quos
2306 3039 2519 3102 visum
2554 3039 2698 3102 fue-
2802 3035 2991 3111 cient,
3038 3055 3198 3117 quos
3242 3035 3311 3098 in
3357 3034 3556 3098 fidem
3600 3034 4089 3117 custodiamque
4133 3057 4339 3114 suam,
4386 3036 4609 3100 Deum
4654 3046 4754 3101 at—

744 3125 834 3187 rit
866 3131 1164 3205 sumptus
1199 3124 1571 3187 abutantur.
1644 3122 1778 3189 Sed
1814 3123 1894 3187 de
1929 3130 2254 3205 proventu
2288 3143 2478 3186 mox:
2519 3144 2698 3187 nunc
2802 3141 2926 3203 que
2971 3121 3266 3185 homines
3311 3122 3493 3203 prius
3539 3122 3859 3197 attestati,
3906 3121 4379 3204 susceperunt?
4471 3121 4603 3187 Ubi
4650 3144 4753 3187 re-

747 3218 1008 3274 tantum
1051 3209 1372 3274 eiusmodi
1418 3209 1663 3291 pedicis
1707 3231 1791 3274 an
1839 3208 1969 3273 illis
2012 3229 2082 3272 se
2113 3208 2450 3290 implicare
2485 3209 2696 3288 liceat,
2802 3207 3126 3284 verentia,
3188 3227 3316 3288 qua
3369 3226 3609 3269 nomen
3666 3227 3861 3270 suum
3904 3207 4209 3289 usurpari
4251 3205 4581 3272 Dominus
4626 3208 4754 3271 im-

747 3293 1253 3360 consideremus.
1343 3293 1561 3359 Audio
1615 3294 1771 3376 quid
1825 3316 1942 3377 pro
2000 3314 2069 3357 se
2124 3292 2344 3358 dicant
2411 3294 2695 3373 abbates,
2800 3290 3098 3374 peravit‘?
3190 3291 3321 3357 Ubi
3363 3291 3790 3357 iurisiurandi
3833 3290 4077 3376 religio,
4130 3292 4298 3357 nulli
4339 3314 4472 3357 non
4514 3293 4753 3359 barba-

747 3382 807 3444 si
849 3380 962 3462 qui
1020 3387 1176 3444 sunt
1219 3380 1330 3463 qui
1388 3402 1427 3444 a
1469 3380 1668 3444 verbo
1713 3380 1842 3444 Dei
1895 3400 2028 3443 non
2082 3379 2280 3443 alieni
2326 3379 2535 3445 videri
2582 3402 2695 3444 ve-
2801 3379 2936 3442 riae
2971 3378 3427 3443 sacrosancta?
3487 3378 3620 3442 Ubi
3654 3379 4124 3460 promissorum
4147 3378 4410 3457 veritae,
4448 3399 4601 3461 pars
4625 3379 4754 3446 hu-

744 3465 900 3529 lint:
939 3474 1351 3547 praesentem
1374 3486 1596 3529 rerum
1631 3472 1878 3530 statum
1899 3463 2021 3530 sibi
2057 3486 2189 3530 non
2226 3468 2459 3545 minus,
2497 3486 2695 3548 quam
2800 3464 3134 3528 manitatis
3189 3462 3565 3546 potissima?
3644 3464 3886 3529 Porcos
3942 3464 4067 3529 sibi
4095 3465 4496 3557 ‘commissos
4540 3465 4751 3543 aiunt,

747 3551 992 3633 optimo
1050 3550 1284 3633 cuique
1338 3552 1720 3633 improbari,
1776 3559 1971 3633 atque
2015 3562 2090 3616 ut
2132 3559 2337 3615 totam
2379 3552 2694 3617 monasti·
2743 3562 2751 4025 ε
2800 3569 3078 3632 quorum
3122 3548 3429 3631 explendi
3467 3559 3624 3614 sunt
3645 3559 3929 3628 ventres,
3976 3571 4113 3615 non
4146 3550 4349 3614 animi
4383 3550 4749 3616 excolendi.

752 1669 877 1732 erit
909 1667 1188 1749 principi
1224 1674 1565 1749 pastorum
1604 1665 1789 1740 ratio,
1835 1663 2155 1745 quomodo
2192 1685 2553 1745 expensum
2589 1663 2698 1727 ille

751 1754 1082 1819 sceleratis
1119 1753 1483 1816 latronibus
1519 1751 1701 1826 feret,
1774 1749 1901 1813 uod
1934 1749 2153 1831 probis
2189 1750 2559 1830 sanctisque
2584 1770 2697 1831 pa-

750 1839 1034 1904 storibus
1090 1839 1160 1902 in
1216 1837 1459 1902 laboris
1505 1771 1901 1917 stipendium
1944 1833 2172 1901 cedere
2216 1834 2460 1900 voluit?
2554 1833 2697 1900 Sci-

747 1926 903 1990 licet
947 1946 1080 1989 non
1124 1924 1445 2005 cogitant,
1501 1923 1633 1984 iam
1677 1921 1834 1984 olim
1877 1922 1957 1985 ab
2002 1922 2143 2003 ipso
2187 1942 2265 1985 ea
2308 1920 2388 1985 de
2429 1942 2501 1986 re
2546 1941 2697 2003 pro-

749 2011 1138 2076 nunciatum
1174 2030 1314 2073 esse
1351 2007 1504 2092 (Ies.
1546 2013 1646 2085 56,
1695 2011 1825 2088 10):
1872 2007 1985 2070 ubi
2022 2026 2217 2071 canes
2253 2006 2697 2071 somnolentos

749 2107 887 2161 tam
931 2116 1157 2161 severe
1202 2094 1521 2177 obiurgat,
1569 2093 1681 2175 qui
1715 2113 1919 2175 quum
1965 2093 2130 2156 muti
2176 2092 2329 2170 sint,
2378 2100 2444 2156 et
2478 2092 2561 2157 ad
2603 2093 2697 2155 la-

746 3657 885 3714 cen,
933 3657 1133 3717 quam
1177 3644 1425 3701 scatere
1462 3639 1639 3701 omni
1674 3638 2011 3719 impietate
2048 3646 2311 3714 norunt,
2358 3638 2693 3702 abomina-
2800 3633 2935 3700 Sed
2980 3636 3277 3700 homines
3320 3636 3503 3700 Deus
3561 3636 3833 3713 creavit,
3890 3656 4050 3718 quos
4104 3642 4359 3718 oportet
4400 3658 4439 3700 a
4483 3636 4754 3702 beluina

743 3721 910 3785 tioni
945 3720 1220 3801 habent,
1257 3722 1351 3786 ita
1385 3743 1531 3786 eam
1566 3745 1636 3788 se
1670 3723 1941 3788 minime
1975 3722 2212 3786 fovere.
2272 3724 2499 3806 Neque
2535 3744 2692 3788 vero
2797 3721 2943 3799 illa,
3000 3722 3070 3784 in
3116 3741 3314 3803 quam
3357 3720 3869 3804 degenerarunt,
3928 3721 4217 3800 feritate,
4261 3718 4346 3786 ad
4384 3723 4754 3787 humanam

2797 3806 3392 3885 mansuetudinem,
3436 3807 3684 3889 optima
3728 3806 4073 3890 disciplina
4116 3808 4428 3875 revocari.
4495 3810 4592 3872 At
4629 3808 4754 3874 du·-

744 3828 863 3889 per
906 3828 976 3872 se
1020 3817 1213 3885 stare,
1261 3828 1390 3889 quo
1435 3809 1657 3873 minus
1699 3817 1925 3892 pereat
1964 3829 2040 3873 ac
2079 3807 2446 3873 deiiciatur:
2493 3811 2552 3875 si
2588 3830 2694 3874 res

2799 3894 2933 3971 rior
2975 3902 3078 3958 est
3116 3892 3465 3971 barbarieS,
3513 3914 3712 3975 quam
3748 3913 3916 3975 quae
3952 3892 4252 3959 doctrina
4290 3893 4755 3959 emolliendam

743 3894 816 3957 in
862 3912 981 3957 sua
1021 3900 1343 3975 potestate
1389 3896 1514 3960 sita
1556 3895 1752 3973 foret,
1809 3895 1950 3959 eius
1996 3895 2199 3958 animi
2245 3895 2579 3978 specimen
2623 3915 2694 3959 se

745 3977 1049 4042 edituros.
1121 3977 1315 4059 Quod
1349 3988 1569 4045 autem
1612 3981 1863 4045 fructus
1903 4002 1940 4044 e
1982 3979 2331 4063 paludibus
2374 3981 2505 4045 illis
2540 4002 2692 4063 pro-

745 4064 1084 4128 venientes
1142 4064 1488 4148 colh‘gunt,
1550 4088 1680 4130 non
1739 4073 1963 4131 tamen
2017 4065 2161 4130 ideo
2205 4087 2275 4131 se
2318 4067 2386 4130 in
2430 4067 2695 4131 illarum

745 4168 946 4214 coeno
988 4150 1374 4232 provolvere
1390 4205 1405 4231 ,
1465 4152 1580 4217 sed
1636 4151 1922 4217 oblatam
1977 4174 2016 4216 a
2060 4152 2345 4216 Domino
2390 4151 2692 4218 benedic-

746 4235 989 4300 tionem
1032 4256 1168 4299 non
1208 4257 1545 4318 spernere:
1592 4238 1715 4303 hac
1758 4237 2026 4301 interim
2069 4238 2467 4303 conscientia
2510 4259 2696 4304 secu-
2746 4274 2752 4317 ρ

744 4340 873 4399 ros,
918 4322 1092 4403 quod
1135 4321 1385 4388 nullius
1427 4325 1658 4408 flagitii
1705 4324 1813 4390 vel
1873 4331 2134 4387 autores
2178 4331 2362 4402 sunt,
2405 4324 2510 4389 vel
2554 4325 2695 4388 fau-

745 4414 936 4471 tores.
1005 4406 1191 4471 Haec
1234 4408 1290 4472 si
1335 4410 1502 4474 serio
1536 4408 2007 4492 praedicarent,
2053 4430 2138 4473 an
2175 4408 2315 4473 eius
2350 4431 2548 4492 quam
2585 4409 2696 4475 de·

2801 4000 2872 4044 se
2925 3978 3250 4061 praebeat.
3341 3978 3479 4042 Cur
3535 3998 3691 4062 ergo
3741 3978 4080 4061 provincia
4135 4000 4267 4044 non
4322 4000 4393 4044 se
4446 3980 4756 4063 protinus

2801 4065 3123 4143 abdicant,
3168 4064 3275 4129 cui
3315 4084 3385 4130 se
3416 4065 3715 4146 impares
3759 4084 3901 4129 esse
3946 4064 4358 4147 agnoscunt?

2972 4151 3314 4215 Hactenus
3329 4201 3345 4229 ,
3403 4171 3569 4232 quae
3611 4152 3879 4234 propria
3921 4149 4395 4233 quodammodo
4438 4150 4759 4216 abbatum

2801 4245 3006 4314 erant,
3046 4237 3430 4319 persequuti
3465 4255 3718 4301 sumus:
3757 4258 3933 4302 nunc
3971 4257 4137 4318 quae
4171 4236 4420 4300 habent
4453 4256 4756 4302 commu-

2801 4325 2911 4387 nia
2952 4344 3102 4387 cum
3137 4321 3389 4405 reliqua
3432 4322 3562 4400 illa,
3610 4343 3807 4404 quam
3853 4342 4063 4403 nuper
4104 4323 4570 4402 recensuimus,
4619 4322 4755 4387 col-

2799 4409 2996 4486 luvie,
3019 4428 3169 4485 une,
3196 4416 3270 4470 ut
3291 4407 3546 4485 dicitur,
3571 4408 3744 4472 fasce
3767 4408 3961 4473 simul
3985 4408 4506 4490 complectamur.
4567 4406 4756 4489 Quo-

746 4492 977 4557 testari
1013 4513 1083 4556 se
1119 4492 1324 4570 aiunt,
1369 4496 1726 4577 impietatis
1766 4496 2094 4577 principes
2131 4494 2357 4560 haberi
2391 4504 2695 4579 pateren-
2799 4497 2977 4560 niam
3036 4501 3257 4558 autem
3316 4493 3612 4576 singulas
3656 4494 4054 4577 flagitiorum
4097 4495 4375 4576 species,
4421 4515 4592 4576 quae
4637 4515 4757 4559 ne-

747 4577 897 4641 tur?
965 4578 1065 4643 Ac
1111 4599 1242 4641 non
1283 4582 1496 4664 magis
1539 4603 1686 4646 eam
1729 4582 1821 4647 sic
1864 4587 1999 4646 toto
2045 4580 2265 4645 animo
2310 4602 2695 4648 aversaren-
2800 4579 3012 4645 fandis
3064 4580 3207 4643 istis
3251 4578 3552 4643 omnibus
3596 4578 3973 4646 sacerdotiis
4015 4586 4330 4662 perpetuo
4375 4578 4755 4657 cohaerent,

748 4671 873 4742 tur,
920 4671 997 4727 ut
1038 4686 1079 4728 a
1120 4663 1395 4730 minima
1430 4668 1626 4731 etiam
1663 4666 2160 4751 participatione
2193 4668 2457 4749 penitus
2492 4689 2563 4733 se
2597 4667 2697 4732 di·
2801 4686 3093 4732 seorsum
3121 4673 3445 4744 excutere,
3482 4674 3548 4729 et
3582 4663 3812 4730 ordine
3848 4665 4196 4747 explicare,
4233 4686 4433 4749 prope
4469 4666 4755 4732 immen-

745 4748 1131 4815 moverent?
1223 4750 1399 4831 Quid
1444 4761 1666 4817 autem
1710 4760 1811 4819 est
1854 4752 2083 4832 abbas,
2129 4753 2256 4817 nisi
2299 4753 2697 4818 monasticae
2801 4774 2948 4817 sum
2990 4751 3220 4815 fuerit:
3269 4751 3431 4815 mihi
3478 4752 3635 4816 satis
3680 4751 3807 4815 erit
3843 4751 4220 4831 ostendisse,
4258 4751 4519 4816 nullum
4564 4754 4758 4835 peni·

745 4835 1227 4917 superstitionis
1273 4857 1536 4920 praeses
1580 4845 1774 4923 atque
1815 4838 2141 4903 assertor?
2232 4838 2521 4903 Proinde
2562 4860 2697 4903 non
2801 4845 2908 4902 tus
2944 4859 3027 4902 ex
3061 4837 3368 4902 universo
3403 4857 3678 4903 numero
3713 4838 3923 4901 teneri
3965 4857 4176 4921 posse,
4219 4835 4389 4921 quod
4422 4859 4558 4903 non
4598 4838 4758 4904 abo-

747 4921 956 5001 video,
1018 4942 1135 4986 cur
1180 4923 1537 5007 vituperari
1580 4924 2071 4992 monachismus
2115 4923 2347 4995 debeat
2349 4977 2374 5015 λ
2430 4933 2506 4999 ut
2560 4946 2696 4989 non
2801 4924 3130 4989 minandis
3166 4922 3415 4988 duobus
3460 4923 3817 5007 sacrilegiis
3853 4931 4131 4989 constet:
4168 4945 4296 5006 quo
4338 4925 4556 5006 pretio
4601 4925 4757 4989 nul-

746 5005 966 5087 prima·
1002 5028 1160 5073 voce
1212 5010 1565 5093 impetatur
1615 5011 1727 5075 ille
1740 5062 1756 5089 ,
1814 5010 1924 5092 qui
1979 5012 2361 5075 monasterii
2396 5010 2697 5076 ‘admini-
2801 5011 2935 5074 lam
2973 5010 3237 5075 omnino
3270 5008 3647 5075 felicitatem
3683 5009 4004 5074 redimere
4036 5019 4266 5093 pectus
4308 5010 4759 5076 christianum

748 5092 1132 5157 strationem
1186 5116 1320 5160 non
1375 5118 1560 5162 secus
1603 5118 1678 5163 ac
1722 5116 1865 5159 rem
1908 5102 2203 5161 sanctam
2248 5097 2510 5181 recipit:
2569 5098 2697 5162 nisi
2803 5102 2950 5175 [pag.
3000 5099 3106 5172 68]
3164 5096 3503 5159 sustineat.
3572 5095 3865 5180 Vulgare
3919 5095 4090 5160 inter
4145 5117 4254 5161 eos
4320 5097 4758 5178 proverbium

2801 5189 2918 5260 est,
2966 5192 3231 5265 propter
3272 5182 3558 5247 officium
3601 5181 3909 5248 beneficio
3953 5204 4023 5259 se
4057 5183 4202 5261 frui,
4247 5188 4314 5246 et
4356 5181 4592 5247 honori
4629 5203 4756 5248 suo

2800 5289 3058 5352 semper
3094 5289 3232 5333 esse
3270 5267 3603 5333 adnexum
3639 5288 3822 5333 onus.
3891 5266 4287 5351 Quanquam
4330 5275 4556 5333 autem
4590 5288 4754 5333 one·

891 5364 951 5431 1)
991 5364 1126 5419 1576
1159 5383 1328 5439 παρη·
1361 5377 1673 5438 proventus.
2801 5355 2892 5418 ris
2948 5355 3134 5419 varia
3188 5362 3345 5422 sunt
3401 5374 3673 5438 genera,
3719 5353 3844 5419 hoc
3887 5360 4112 5418 tamen
4166 5352 4465 5419 omnibus
4510 5375 4754 5438 perpe-

2747 4554 2752 4591 b
