5100 6061
701 417 777 478 15

691 622 819 684 qua
872 600 1049 665 nulla
1106 601 1175 663 in
1230 599 1471 664 homine
1524 601 1768 665 tardior
1810 607 1944 665 est.-
1998 600 2304 665 securitas
2347 600 2507 676 alta,
2550 599 2648 679 af-

687 687 916 767 fluens,
973 687 1078 769 ius
1133 706 1334 769 supra
1390 705 1627 750 omnem
1668 687 1982 751 iniuriam
2029 687 2326 767 positum.
2426 684 2648 749 olmera-

2339 412 2467 477 DE
2515 409 3060 476 CLEMENTIA

4631 418 4706 477 16

2756 600 3058 681 spiciunt.
3162 614 3239 663 16
3298 621 3492 682 (111316
3549 600 3945 665 sententiam
3990 602 4400 685 accipiendus
4459 612 4561 669 est
4602 604 4708 668 hic

2755 684 2953 755 100116.
3047 685 3446 751 Aristotelici
3490 686 3667 750 ultra
3716 686 4246 771 progrediuntur.
4336 689 4486 752 Non
4532 690 4703 754 enim

692 778 874 838 satur
917 773 1116 837 oculis
1160 772 1509 837 laetis-siena
1546 773 1752 853 forma
1795 772 2167 852 reipublicae
2209 773 2315 837 cui
2358 771 2444 835 ad
2477 790 2648 835 sum-
2751 771 2953 835 finem
3019 771 3090 833 in
3152 772 3393 835 virtute
3408 790 3450 849 ,·
3491 771 3604 836 66(1
3662 773 3734 836 16
3779 773 4047 837 virtutis
4102 795 4227 839 11611
4278 777 4703 840 constituunt.

694 880 865 923 mam
932 857 1275 923 libertatem
1340 857 1503 921 nihil
1556 857 1748 933 deest,
1818 859 1951 922 nisi
1999 858 2306 937 pereundi
2375 856 2645 921 licentia.
2754 856 2925 921 Vide
2993 856 3412 921 Aristotelem
3485 856 3606 922 lib>
3641 858 3694 922 Ι.
3756 857 4166 922 Ethicorum.
4269 858 4548 926 Sensus
4573 871 4703 927 est:

698 944 1050 1024 Praecipue
1102 949 1303 1008 tamen
1356 943 1640 1024 aequal-is
1697 944 1781 1006 ad
1822 946 2136 1008 maximos
2187 945 2464 1037 imosque
2496 961 2644 1023 per-
2754 939 3079 1022 Quamvis
3122 944 3192 1006 in
3238 940 3609 1009 Stoicorum
3657 944 3914 1008 decreto
3958 945 4124 1008 nihil
4162 946 4706 1013 considerandum

693 1032 863 1095 venit
906 1031 1259 1096 clementiae
1315 1034 1459 1094 tuae
1501 1029 1853 1093 admiratio.
1952 1029 2205 1094 Caetera
2265 1030 2432 1092 enim
2490 1028 2648 1092 bona

684 1117 1084 1198 proportione
1123 1117 1411 1198 fortunae
1452 1136 1604 1185 suae
1659 1115 1921 1195 quisque
1962 1116 2149 1179 sent-it
2192 1119 2302 1178 aut
2342 1118 2650 1195 exspectat

693 1202 945 1267 maiora
981 1204 1375 1282 minoraque:
1428 1221 1505 1265 ex
1550 1201 1862 1265 clementia
1910 1220 2116 1265 ornnes
2160 1196 2322 1265 idem
2372 1204 2644 1280 sperant.

699 1287 831 1352 Nec
873 1292 962 1353 est
1013 1290 1346 1370 quisquam
1394 1287 1499 1351 cui
1555 1292 1688 1351 tam
1730 1285 1909 1350 valde
1955 1287 2307 1351 innocentia
2349 1306 2470 1350 sua
2504 1285 2647 1367 pla-

694 1380 854 1452 ceat,
907 1380 975 1438 ut
1028 1395 1153 1439 non
1202 1378 1367 1438 stare
1420 1374 1493 1436 in
1545 1378 1859 1453 conspecta
1916 1373 2301 1437 elementiam
2339 1377 2645 1454 paratam

693 1460 988 1525 humanis
1029 1460 1345 1525 erroribus
1378 1458 1663 1541 qaudeat.
1984 1462 1989 1465 ’

865 1580 1016 1662 Νο6
1060 1606 1309 1662 temere
1355 1618 1394 1659 a
1436 1596 1800 1660 Plutarcho
1846 1595 2164 1677 scriptum
2205 1603 2333 1671 est,
2382 1594 2644 1660 difficile

693 1705 834 1749 esse
888 1682 1232 1749 consilium
1288 1681 1443 1746 dare
1499 1682 1580 1745 iis
1646 1681 1759 1763 (1111
1814 1682 1885 1745 16
1929 1682 2204 1762 imperio
2228 1688 2421 1745 sunt.
2512 1681 2643 1744 Mi-

693 1770 872 1837 nime
915 1770 1103 1867 enim·
1136 1768 1392 1852 regium
1435 1774 1689 1863 putant,
1736 1766 1819 1831 ad
1855 1767 2328 1850 praescriptum
2370 1766 2644 1832 rationis

693 1856 949 1930 vivere,
997 1878 1109 1938 (1111
1156 1874 1377 1921 veram
1424 1875 1598 1936 regis
1633 1853 2052 1933 ,maiestatem
2095 1852 2506 1917 constituunt
2548 1852 2642 1916 ef·
2725 1914 2738 1926 ,

690 1942 1056 2006 fraenatam
1109 1939 1458 2005 licentiam.
1550 1937 1815 2003 Servile.
1847 1939 2255 2015 existimant,
2312 1937 2525 2003 alieno
2563 1960 2642 2004 se

692 2027 964 2093 arbitrio
1040 2026 1436 2108 permittere.
1549 2025 1779 2108 Itaque
1858 2026 1992 2090 suis
2057 2023 2312 2107 legibus
2378 2044 2452 2089 ac
2520 2045 2640 2107 suo

690 2134 874 2178 more
918 2112 1186 2188 vivunt,
1233 2131 1349 2175 seu
1392 2112 1609 2193 potius
1651 2131 1771 2175 sua
1811 2110 2099 2176 libidine.
2191 2107 2385 2190 Quod
2430 2112 2491 2180 si
2529 2110 2640 2193 qui

691 2208 849 2264 sunt
890 2197 1085 2280 paulo
1130 2194 1627 2273 moderatiores,
1672 2219 1755 2261 ne
1798 2198 1843 2260 ii
1889 2195 2150 2279 quidem
2195 2196 2640 2278 interpellato·

691 2305 835 2348 rem
890 2304 1092 2365 aequo
1149 2283 1366 2347 animo
1424 2282 1595 2347 ferre
1648 2290 1948 2366 possunt:
2018 2281 2177 2346 adeo
2245 2282 2507 2366 regibus
2565 2305 2639 2348 ac

691 2369 1097 2453 principibus
1133 2369 1333 2434 insita
1358 2377 1456 2433 est
1480 2369 1666 2451 quasi
1696 2378 2085 2452 perpetuum
2114 2387 2189 2432 ac
2215 2367 2643 2434 vernaculum

690 2454 941 2520 malum
983 2455 1376 2539 arrogantia.
1437 2452 1630 2535 Quod
1664 2456 1831 2519 bene
1867 2464 2061 2537 atque
2096 2476 2177 2518 ex
2215 2454 2426 2518 officio
2466 2475 2639 2518 rem·

692 2540 1021 2624 publicam
1064 2540 1557 2615 administrant,
1613 2540 1681 2604 id
1726 2548 1937 2606 totum
1983 2540 2106 2605 sibi
2153 2547 2491 2622 acceptum
2535 2562 2638 2605 re-

693 2627 852 2691 ferri
916 2626 1175 2691 volunt:
1257 2634 1604 2691 extraneos
1672 2628 2075 2691 consultores
2141 2629 2210 2689 in
2261 2627 2640 2691 societatem

692 2711 906 2778 laudis
973 2710 1315 2777 admittere
1385 2711 1841 2795 dedignantur.
1954 2712 2148 2778 Unde
2213 2713 2408 2776 etiam
2472 2710 2639 2775 illud

690 2800 854 2864 exiit
870 2850 884 2876 ,
941 2800 1187 2881 Magno
1231 2806 1528 2863 constare
1580 2819 1813 2882 regum
1858 2800 2084 2863 amicis
2138 2799 2308 2863 bona
2349 2798 2634 2863 consilia.

690 2884 1062 2949 Artificiose
1118 2884 1321 2968 igitur
1367 2883 1620 2978 Seneca
1671 2887 1768 2983 610
1813 2906 1880 2949 66
1937 2885 2338 2967 scripturum
2382 2882 2464 2947 de
2508 2883 2650 2947 cle-.

688 2972 937 3036 mentia
978 2972 1299 3054 proponit,
1338 2981 1414 3034 ut
1449 2971 1621 3035 Nero
1667 2972 2019 3054 imaginem
2058 2992 2214 3036 suae
2250 2970 2638 3037 clementiae

688 3059 760 3121 in
813 3056 1248 3139 descriptione
1313 3058 1451 3122 eius
1521 3057 1787 3123 virtutis
1846 3068 2171 3141 agnoscat.
2284 3055 2397 3122 Sic
2462 3057 2636 3120 enim

690 3144 811 3208 sub
867 3144 1080 3226 specie
1144 3142 1355 3208 laudis
1398 3144 1690 3208 favorem
1734 3143 2036 3210 conciliat
2078 3143 2355 3207 orationi
2408 3162 2637 3225 parae-

689 3231 960 3294 neticae.
1068 3229 1249 3294 Dicit
1314 3229 1515 3312 igitur
1533 3280 1546 3306 ,
1621 3251 1756 3294 non
1824 3238 1961 3294 tam
2026 3229 2148 3293 sibi
2234 3229 2640 3311 propositum

689 3337 862 3392 6666,

689 3420 887 3483 (111316
941 3400 1037 3464 1111
1106 3399 1414 3465 exhibere
1484 3401 1821 3483 speculum
1875 3402 1945 3464 in·
2002 3401 2293 3484 imagine
2350 3400 2636 3477 virtutiS,

687 3487 761 3550 in
815 3507 941 3567 (1110
997 3508 1068 3551 66
1121 3487 1328 3567 possit
1395 3489 1745 3569 agnoscere
1804 3507 1879 3552 ac
1946 3509 2067 3552 sua
2121 3488 2291 3551 bona
2344 3495 2638 3550 contem-

688 3571 877 3655 plari.
976 3571 1074 3637 Ut
1131 3572 1303 3636 enim
1362 3572 1610 3636 homini
1655 3593 1843 3638 suam
1886 3574 2117 3639 faciem
2158 3573 2498 3656 speculum
2535 3593 2638 3637 re-

689 3666 1070 3741 praesentat
1084 3710 1099 3736 ,
1178 3660 1272 3723 ita
1335 3658 1405 3721 in
1468 3658 1902 3743 descriptione
1966 3658 2366 3724 fortitudinis
2431 3659 2635 3735 fortis,

685 3743 1075 3827 prudentiae
1139 3743 1454 3827 prudens,
1521 3745 1806 3809 iustitiae
1858 3747 2097 3825 iustus,
2168 3745 2464 3829 agnoscit
2519 3745 2637 3808 ali-
2688 3737 2693 3840 i

688 3827 844 3912 quid
890 3850 1104 3896 61111111.
1193 3830 1376 3895 Η360
1422 3839 1523 3896 661
1565 3831 1826 3913 obliqua
1864 3832 2002 3909 via,
2058 3853 2190 3914 qua
2232 3852 2302 3895 66
2344 3831 2640 3894 insinuat
2688 3869 2692 3916 ,

687 3915 758 3980 in
813 3915 1334 3988 benevolentiam
1397 3916 1693 3981 Neronis.
1807 3915 2127 4002 Superest
2202 3925 2295 3981 ut·
2340 3917 2450 3999 qui
2514 3916 2638 3981 sibi
2688 3921 2694 3999 ἦ

929 3316 1294 3399 praeceptis
1357 3316 1686 3379 instruere
1744 3336 1819 3381 ac
1880 3316 2225 3381 instituere
2283 3314 2635 3392 Neronem,
2674 3375 2680 3382 .

2754 1028 2842 1092 sit
2882 1028 2954 1092 in
2991 1030 3236 1092 virtute
3272 1038 3533 1112 praeter
3567 1029 3776 1113 ipsam
3813 1030 4150 1110 virtutem,
4196 1053 4409 1114 neque
4445 1032 4708 1099 aliunde

2753 1114 3036 1197 pendeat
3084 1114 3340 1179 virtutis
3386 1115 3750 1180 aestimatio
3770 1167 3784 1192 ,
3851 1115 3965 1181 sed
4009 1117 4077 1181 in
4124 1139 4194 1181 se
4238 1118 4383 1200 ipsa
4427 1121 4555 1184 sita
4602 1121 4705 1208 sit,

2751 1201 2937 1265 iuvat
3009 1210 3237 1265 ‘tamen
3332 1201 3652 1283 inspicere
3729 1201 3966 1266 bonam
4055 1204 4522 1284 conscientiam
4587 1214 4702 1271 etc.

2750 1286 2944 1350 Hanc
2985 1287 3375 1351 sententiam
3419 1287 3758 1371 eleganter
3793 1286 4024 1352 Cicero
4066 1289 4446 1372 complexus
4492 1300 4593 1355 est
4634 1293 4704 1355 in

2752 1370 3022 1436 Somnio
3076 1370 3430 1455 Scipionis:
3500 1372 3565 1437 N
3566 1394 3639 1439 ec
3684 1375 3752 1437 in
3807 1375 4112 1456 praemiis
4170 1375 4479 1441 humanis
4524 1398 4706 1460 spem

2750 1461 3047 1540 posueris
3114 1480 3336 1523 rerum
3403 1466 3697 1523 tuarum:
3765 1461 3902 1524 suis
3972 1469 4037 1524 te
4101 1460 4427 1527 illecebris
4484 1464 4698 1528 virtus

2752 1543 2975 1607 trahat
3029 1554 3281 1625 oportet
3335 1543 3418 1608 ad
3472 1567 3702 1609 verum
3761 1546 3975 1610 decus.
4083 1548 4175 1610 Et
4230 1549 4299 1611 in
4343 1549 4705 1613 Miloniana

2751 1629 2934 1694 addit
2979 1631 3166 1709 11360,
3210 1650 3376 1713 (11136
3421 1640 3596 1697 certe
3642 1653 3801 1696 vera
3844 1639 4002 1696 sunt
4016 1683 4031 1710 ,
4090 1633 4291 1698 fortes
4334 1642 4403 1699 et
4445 1636 4702 1717 sapien-

2748 1721 2847 1779 tes
2902 1717 3077 1780 viros
3128 1737 3260 1780 non
3313 1725 3450 1780 tam
3518 1720 3808 1798 praemia
3863 1727 4035 1782 recte
4091 1721 4441 1799 factorum,
4499 1742 4694 1802 quam

2742 1801 2890 1888 ipsa
2931 1810 3109 1867 recte
3154 1802 3326 1868 facta
3369 1806 3550 1885 sequi
3596 1804 3823 1868 solere.

2927 1906 3054 1971 Nee
3095 1906 3301 1970 ullum
3335 1908 3634 1971 viriatum
3657 1905 3964 1993 metium]
4014 1905 4223 1986 Quasi
4261 1906 4523 1984 diceret,
4572 1930 4702 1973 non

2748 1991 2922 2073 quod
2968 1991 3144 2058 ultra
3179 1993 3497 2056 virtutem
3532 1991 3699 2057 alius
3736 1993 3824 2056 sit
3860 2012 4111 2075 scopus,
4152 1993 4700 2076 quemadmodum
4733 2008 4736 2015 ⁴

2747 2077 3108 2142 Periander
3166 2079 3419 2142 censuit
3475 2080 3789 2142 virtutem
3845 2078 3929 2142 ad
3987 2079 4251 2144 honoris
4313 2082 4510 2144 finem
4558 2090 4699 2145 ten-

2747 2163 2919 2239 dere,
2965 2173 3034 2227 et
3079 2164 3479 2239 Aristotelici
3521 2164 3604 2228 ad
3650 2166 3917 2230 virtutis
3963 2187 4183 2230 usum:
4227 2164 4345 2230 sed
4389 2174 4489 2230 est
4524 2188 4701 2231 sum-

2747 2271 2930 2313 mum
2972 2251 3234 2328 bonum,
3283 2258 3348 2313 et
3382 2250 3825 2333 appetendum
3858 2262 4131 2335 propter
4166 2254 4252 2316 se.
4320 2252 4516 2317 Hanc
4552 2274 4701 2317 666-

2747 2337 3023 2401 16611361
3066 2356 3272 2419 paene
3317 2336 3549 2402 iisdem
3597 2335 3811 2400 verbis
3857 2338 4182 2420 expressit
4216 2336 4655 2429 Claudianus:

2984 2438 3010 2491 1
3051 2455 3110 2492 sa
3148 2439 3360 2506 quidem
3397 2441 3566 2492 virtus
3601 2439 3833 2507 pretium
3869 2440 3983 2505 sibi,
4021 2441 4141 2494 sola
4179 2456 4244 2493 116
4281 2440 4389 2494 1316

2987 2515 3262 2641 Εξὲἰιὲἓξε
3301 2523 3491 2561 secura
3527 2508 3678 2573 nitet,
3716 2524 3815 2560 nec
3850 2508 4087 2562 fascibus
4125 2510 4247 2562 ulis

2666 2636 2695 2783 ἶ
2746 2680 2835 2742 Ε1
2881 2681 3130 2743 Seneca
3192 2677 3297 2741 lib.
3346 2678 3465 2742 IV.
3527 2678 3606 2742 de
3651 2680 4028 2746 Beneficiis:
4090 2681 4341 2745 Rerum
4395 2681 4702 2746 honesta-

2746 2786 2894 2828 rum
2940 2766 3228 2848 pretium
3274 2766 3340 2828 in
3385 2766 3543 2847 ipsis
3589 2778 3705 2829 est.

2919 2868 3107 2931 Iuvat
3141 2872 3345 2932 tamen
3381 2867 3712 2955 inspicere]
3757 2870 3939 2932 Rene
3979 2870 4237 2933 Plinius
4275 2869 4381 2933 lib.
4423 2870 4473 2933 Ι.
4514 2873 4696 2951 epist.

2744 2953 2827 3018 ad
2873 2952 3342 3019 Saturninum:
3398 2955 3824 3018 Meminimus
3879 2966 4125 3038 quanto
4178 2956 4425 3020 maiore
4482 2956 4700 3020 animo

2744 3039 3107 3105 honestatis
3149 3041 3402 3106 frucms
3457 3040 3529 3104 in
3573 3042 3967 3106 conscientia
4010 3064 4206 3125 quam
4261 3044 4334 3106 in
4377 3043 4553 3107 fama
4594 3064 4700 3107 re-

2745 3134 3042 3210 ponatur.
3134 3127 3224 3191 Et
3259 3126 3632 3193 Macrobius
3669 3128 3779 3192 lib.
3816 3127 3902 3191 II.
3951 3129 4020 3192 in
4057 3127 4410 3194 Somnium
4445 3127 4700 3213 Scipio-

2744 3213 2877 3277 nis:
2942 3213 3231 3276 Virtutis
3289 3214 3573 3278 fructum
3619 3214 3879 3296 sapiens
3926 3215 3996 3277 in
4041 3215 4438 3281 conscientia
4492 3217 4696 3296 ponit,

2745 3299 2962 3363 minus
3007 3300 3331 3381 perfectus
3376 3300 3443 3362 in
3489 3298 3713 3382 gloria.
4375 3354 4383 3362 .

2918 3400 3398 3468 Multitudinem
3460 3402 3820 3468 seditiosam
3834 3453 3848 3481 ,
3916 3403 4260 3468 discordem
4315 3401 4447 3490 eta]
4521 3402 4701 3469 Sunt

2746 3488 2909 3554 11360
2953 3486 3246 3571 6111111613
3298 3495 3618 3572 perpetua
3657 3487 4130 3568 multitudinis,
4176 3489 4511 3565 seditiosa,
4567 3489 4698 3554 dis-

2746 3594 2906 3652 cors,
2953 3575 3276 3663 impotens
3287 3599 3304 3654 ;
3350 3595 3475 3640 1160
3514 3575 3657 3640 61116
3701 3575 3953 3639 ratione
3995 3576 4317 3658 imposita.

2922 3675 3325 3764 seditiosam]
3374 3677 3709 3763 Vergilius
3752 3677 4104 3743 Aeneidos.
4123 3679 4207 3742 I.:

2884 3781 2962 3834 Ac
2999 3781 3163 3834 veluti
3199 3797 3392 3849 magno
3428 3784 3483 3834 in
3519 3781 3724 3850 populo
3763 3797 3925 3849 quum
3962 3796 4128 3849 saepe
4167 3789 4356 3836 coorta
4393 3791 4478 3835 est

2887 3849 3106 3916 Seditio,
3146 3851 3423 3917 saevitque
3461 3850 3649 3903 animis
3684 3850 3916 3917 ignobile
3953 3850 4163 3918 vulgus,

2882 3919 3100 3986 Iamque
3137 3918 3286 3971 faces
3324 3923 3380 3971 et
3417 3936 3550 3972 saxa
3587 3919 3788 3982 volant,
3826 3919 3980 3971 furor
4017 3935 4165 3972 arma
4201 3921 4482 3974 ministrat.

686 4000 854 4065 bene
893 4003 1189 4067 conscius
1225 4010 1341 4079 08¹³,
1388 4003 1644 4067 fruatur
1684 4003 1853 4067 bono
1899 4004 2346 4069 conscientiae.
2396 4004 2639 4084 Atque
2689 4009 2694 4078 Ι
2745 4022 2893 4086 Etsi
2930 4021 3168 4104 ubique
3205 4021 3441 4103 vulgus
3477 4041 3738 4105 semper
3773 4020 3856 4085 ad
3892 4043 3998 4086 res
4034 4043 4236 4088 novas
4272 4023 4696 4098 levissimum,

687 4085 757 4151 id
802 4097 901 4152 661
953 4087 1127 4170 quod
1171 4088 1494 4170 sequitur,
1553 4109 1756 4171 quum
1798 4090 2083 4154 affirmat
2124 4090 2315 4154 illum
2359 4109 2638 4171 perven-

687 4179 916 4237 turum
958 4173 1042 4237 ad
1085 4175 1490 4256 voluptatem
1536 4176 1829 4239 omnium
1874 4176 2249 4255 maximam.

2747 4118 2971 4172 tamen
3037 4128 3310 4171 romana
3372 4106 3557 4190 plebs
3624 4109 3691 4170 in
3763 4109 4024 4190 primis,
4093 4129 4258 4190 quae
4313 4128 4397 4172 ex
4461 4128 4700 4191 magna

2749 4194 3058 4275 variaque
3110 4193 3610 4276 peregrinorum
3676 4194 4102 4258 multitudine
4157 4202 4446 4272 constat,
4506 4193 4725 4277 longe·

868 4293 1171 4373 Quamvis
1224 4295 1389 4357 enim
1442 4299 1599 4361 recte
1646 4289 1984 4381 factorum]
2055 4296 2485 4378 Disputatum
2541 4304 2642 4360 est
2689 4351 2694 4372 ¹
2747 4279 3018 4344 caeteris
3062 4279 3363 4343 mobilior
3405 4287 3520 4344 est.
3610 4280 4071 4362 Proponamus
4126 4281 4312 4345 nobis
4371 4281 4695 4356 historias,

688 4363 804 4441 diu
850 4386 917 4440 et
959 4381 1154 4443 anxie
1197 4380 1369 4445 inter
1424 4380 1846 4464 philosophos
1891 4381 1971 4446 de
2026 4381 2333 4447 felicitate
2388 4381 2638 4460 ultima,

690 4463 775 4527 ad
841 4464 1021 4528 cuius
1096 4467 1299 4529 finem
1359 4466 1580 4531 omnia
1647 4467 1987 4532 referenda
2047 4475 2250 4533 61161.Δ

2338 4465 2643 4531 Sedecim
2691 4513 2694 4530 .

2746 4376 3023 4448 quantos
3069 4369 3217 4444 [pag.
3260 4369 3322 4442 5]
3371 4365 3694 4430 tumultus
3738 4368 4109 4431 excita-runt
4144 4364 4319 4449 apud
4364 4367 4697 4430 Romanos

2744 4450 2951 4534 plebis
3006 4450 3385 4515 seditiones:
3457 4452 3708 4533 quoties
3774 4451 4169 4535 reipublicae
4235 4472 4564 4517 summam
4626 4453 4698 4514 in

687 4558 904 4615 3001:ae
948 4551 1153 4616 variis
1197 4550 1611 4635 opinionibus
1671 4558 1819 4634 [pag.
1852 4558 1925 4632 ¹4]
1984 4555 2158 4618 inter
2202 4574 2273 4618 ΒΘ
2319 4563 2639 4637 pugnant,
2690 4537 2695 4604 Ι
2747 4537 3098 4618 discrimen
3140 4535 3585 4601 adduxerunt:
3642 4547 3714 4601 ut
3767 4538 3900 4602 iam
3958 4538 4120 4602 illud
4166 4541 4233 4602 in
4278 4539 4695 4620 proverbium

598 4691 605 4714 ,
687 4656 894 4785 guum
939 4637 1010 4699 in
1052 4636 1392 4719 voluptate
1435 4659 1554 4702 sua
1597 4659 1855 4723 semper
1898 4639 2253 4722 acquiescit
2290 4639 2640 4722 Epicurus,

748 4742 976 4787 roesus
1055 4721 1317 4787 divitias
1385 4745 1536 4788 suas
1602 4727 1898 4808 respicit,
1979 4725 2093 4790 alii
2160 4725 2437 4806 denique
2503 4726 2641 4789 suis

687 4807 1029 4872 affectibus
1071 4829 1189 4891 pro
1234 4830 1305 4873 se
1346 4810 1620 4893 quisque
1665 4812 1980 4878 serviunt.
2066 4812 2256 4876 Duae
2300 4817 2457 4875 sunt
2499 4831 2640 4874 ma-

688 4893 790 4975 gis
833 4895 1096 4958 veritati
1141 4904 1631 4960 consentaneae.
1690 4897 1904 4976 Prior,
1927 4898 2229 4976 Zenonis,
2277 4895 2638 4975 Cleanthis,

686 4977 1040 5058 Posidonii,
1078 4979 1453 5059 Hecatonis
1492 4980 1810 5066 Diogenis
1834 4982 2241 5067 Babylonioi,
2279 4992 2345 5047 et
2379 4980 2640 5056 Stoicae

689 5063 978 5129 scholae:
1026 5069 1327 5148 quamvis
1371 5069 1511 5132 61116
1548 5067 1871 5151 dogmatis
1909 5077 2204 5135 autorem
2238 5068 2463 5133 laudet
2495 5069 2639 5132 An-

686 5149 1042 5214 tisthenem
1088 5154 1503 5238 Augustinus
1545 5152 1652 5217 lib.
1694 5153 1887 5218 VIII.
1934 5152 2014 5219 de
2059 5154 2255 5220 Oivit.
2301 5154 2456 5219 Dei:
2505 5155 2640 5219 vir-

688 5241 897 5299 tutem
965 5238 1211 5303 scilicet
1283 5262 1424 5305 esse
1492 5237 1797 5303 ultimum
1859 5243 2090 5318 finem,
2162 5262 2355 5325 quem
2409 5261 2639 5305 omnes

688 5328 902 5398 actus,
962 5325 1179 5388 omnia
1237 5328 1413 5391 vitae
1469 5324 1796 5391 humanae
1831 5339 2051 5408 'opera
2105 5335 2171 5392 et
2211 5326 2482 5394 consilia
2534 5349 2639 5391 re-

2746 4624 3022 4700 venerit,
3069 4621 3292 4687 'I'urba
3337 4623 3728 4688 turbulenta.

2917 4722 3313 4811 Discordem]
3377 4725 3520 4791 Hoc
3577 4728 3863 4809 pertinet
3916 4727 3998 4790 ad
4055 4728 4527 4802 sententiarum
4585 4749 4699 4792 va-

2746 4813 3064 4877 rietatem.
3166 4812 3290 4876 ‘rot
3335 4831 3598 4890 sensus,
3657 4823 3815 4895 quot
3859 4813 4100 4896 capita;
4155 4813 4545 4896 praesertim
4591 4811 4700 4876 ubi

2745 4919 2878 4963 non
2921 4906 3168 4962 certam
3203 4899 3525 4962 rationem
3567 4898 3814 4963 habent
3856 4920 4015 4982 prae
4050 4899 4270 4978 oculis,
4311 4898 4429 4964 sed
4473 4901 4700 4963 16006-

2746 4984 2921 5049 sulta
2963 4984 3330 5049 temeritate
3375 4985 3701 5067 arripiunt
3753 4983 4071 5068 quidquid
4116 4987 4336 5051 animo
4376 4985 4549 5050 male
4594 5005 4734 5048 60-.

2746 5070 2886 5135 brio
2934 5090 3001 5133 se
3046 5068 3369 5134 obtulerit.
3440 5070 3588 5135 Non
3635 5072 3812 5136 enim
3857 5081 3959 5135 est
3994 5072 4338 5137 consilium
4373 5072 4697 5155 111-1111180,

2743 5157 2958 5239 inquit
3019 5154 3249 5220 Cicero
3304 5177 3422 5239 pro
3463 5157 3769 5235 Plancio,
3830 5179 3961 5222 non
4018 5159 4216 5237 ratio,
4277 5178 4414 5221 non
4469 5158 4700 5221 discri-

2743 5263 2914 5306 men.
3017 5241 3207 5306 Unde
3291 5241 3483 5307 belua
3547 5244 3903 5308 multorum
3963 5245 4255 5326 capitum
4311 5242 4569 5308 Platoni
4631 5252 4700 5306 et

2745 5328 3037 5392 Horatio.
3125 5328 3203 5391 Id
3249 5329 3464 5404 etiam,
3492 5330 3779 5395 ostendit
3822 5329 4004 5396 verbi
4050 5337 4348 5414 etymon:
4395 5329 4698 5411 quamvis
