5100 6061
370 427 493 488 189

364 612 590 678 hostes
631 612 991 691 domestici,
1039 635 1266 679 eorum
1318 634 1546 697 pacem
1588 615 1906 679 infestant
1991 614 2322 677 exuerint:

366 706 528 763 tunc
575 718 737 765 vero
783 699 1053 764 demum
1096 701 1537 783 acquiescunt,
1576 707 1643 765 et
1686 698 1860 782 apud
1973 719 2121 763 eum
2166 699 2329 762 resi-

365 785 540 850 dent.
633 784 747 850 Sic
793 786 970 851 enim
1012 786 1303 869 loquitur
1347 785 1663 870 propheta
1707 786 1861 869 (Ies.
1892 789 1992 860 57,
2023 784 2117 868 l):
2180 784 2325 849 Ius-

366 879 478 936 tus
522 872 724 953 perit,
773 879 838 935 et
881 892 1015 936 non
1059 880 1159 937 est
1193 874 1302 954 qui
1347 872 1662 956 recogitet
1710 872 1783 935 in
1819 871 2012 936 corde
2056 892 2200 935 suo:
2260 878 2326 934 et

364 957 496 1023 viri
537 957 1024 1022 misericordiae
1061 958 1484 1041 colliguntur:
1525 979 1565 1021 a
1610 958 1772 1022 facie
1816 958 1994 1021 enim
2036 957 2326 1021 malitiae

366 1043 675 1109 collectus
712 1051 813 1108 est
846 1046 1078 1109 iustus.
1140 1045 1389 1110 Veniat
1420 1066 1584 1127 pax:
1622 1044 1991 1126 requiescat
2025 1043 2095 1107 in
2131 1041 2327 1108 cubili

366 1150 513 1205 8110,
572 1130 686 1211 qui
744 1129 1108 1195 ambulavit
1160 1131 1229 1194 in
1287 1128 1641 1195 directione
1694 1151 1831 1194 sua.
1924 1130 2163 1193 Annon
2215 1150 2325 1194 eos

368 1213 451 1280 ad
493 1236 724 1298 pacem
761 1224 968 1295 vocat,
1009 1216 1246 1298 quibus
1281 1237 1417 1298 pax
1448 1216 1663 1281 fuerat
1702 1213 2098 1279 domestica?
2151 1209 2166 1226 ‘
2189 1213 2325 1280 Sed

368 1301 521 1383 quia
559 1301 694 1366 illis
729 1323 862 1385 pax
884 1302 1102 1366 fuerat
1135 1300 1311 1385 apud
1333 1301 1572 1378 Deum,
1602 1321 1827 1384 pugna
1861 1320 2010 1364 cum
2045 1299 2322 1365 mundo:

366 1408 478 1451 eos
507 1387 692 1451 ducit
724 1388 795 1451 in
832 1387 1130 1453 altiorem
1154 1387 1435 1472 gradum
1468 1388 1666 1469 pacis.
1720 1386 1878 1450 ideo
1901 1386 2209 1451 Ezechiel
2233 1387 2322 1468 (1,

369 1473 485 1558 28)
513 1481 583 1538 et
607 1474 891 1538 Ioannes
929 1475 1164 1557 (Apoc.
1204 1479 1264 1552 4,
1306 1477 1393 1555 3),
1438 1495 1640 1558 quum
1685 1472 1936 1539 vellent
1959 1472 2324 1537 describere

366 1558 686 1623 thronum
733 1559 978 1643 gloriae
1022 1560 1182 1639 Dei,
1230 1560 1641 1633 circumdant
1683 1579 1837 1623 eum
1880 1557 2081 1637 iride,
2128 1579 2321 1640 quam

368 1646 616 1712 scimus
676 1667 819 1711 esse
876 1647 1139 1729 signum
1172 1645 1454 1711 foederis
1490 1647 1664 1710 inter
1687 1643 1906 1709 Deum
1936 1652 2003 1708 et
2025 1643 2323 1708 homines

400 1730 574 1797 Gen.
625 1738 683 1809 9,
728 1734 853 1811 13).
946 1731 1143 1812 Quod
1180 1732 1307 1796 alio
1354 1732 1494 1798 loco
1529 1731 1770 1795 clarius
1818 1729 1995 1793 idem
2037 1729 2323 1795 Ioannes

414 1818 621 1882 ocuit:
668 1819 877 1897 Beati,
922 1819 1139 1900 inquit
1183 1820 1415 1901 (Apoc.
1470 1822 1566 1896 14,
1619 1816 1747 1899 13),
1794 1817 2052 1893 mortui,
2100 1816 2323 1898 quirin

367 1903 656 1968 Domino
699 1906 1087 1968 moriuntur.
1181 1906 1244 1968 A
1282 1903 1476 1967 modo
1522 1904 1653 1967 iam
1692 1901 1847 1967 dicit
1883 1902 2171 1984 spiritus,
2221 1922 2323 1965 re-

367 1990 713 2071 quiescant
738 1991 785 2073 ¹)
845 2011 883 2053 a
938 1989 1269 2054 laboribus
1324 1990 1489 2068 suis,
1547 1996 1666 2054 eto.
1757 1988 1887 2053 Hic
1940 1988 2144 2071 igitur
2185 1988 2325 2069 ipse

370 2083 470 2140 est
528 2076 711 2141 sinus
755 2075 1079 2140 Abrahae.
1170 2075 1323 2157 Ipse
1376 2075 1554 2139 enim
1616 2084 1718 2139 est
1769 2074 1883 2155 qui
1936 2074 2324 2154 promissam

369 2161 492 2225 sibi
528 2162 601 2225 in
642 2181 760 2226 8110
787 2162 1035 2226 semine
1059 2160 1599 2238 benedictionem,
1638 2161 1731 2224 ita
1762 2167 2067 2243 prompto
2104 2158 2324 2223 animo

370 2245 754 2330 complexus
799 2255 928 2326 est,
986 2254 1063 2311 ut
1118 2247 1287 2311 nihil
1346 2245 1774 2323 dubitaverit,
1830 2246 1990 2327 quin
2046 2244 2325 2310 verbum

367 2332 499 2398 Dei
534 2333 746 2399 virt'us
770 2342 942 2398 esset
963 2353 1038 2398 ac
1072 2333 1336 2398 veritas.
1404 2334 1496 2397 Et
1529 2332 1714 2414 quasi
1735 2331 1869 2396 iam
1909 2352 2103 2414 opere
2140 2330 2323 2395 Deus

370 2418 782 2502 implevisset
836 2419 1009 2502 quod
1063 2420 1478 2501 promiserat,
1534 2440 1758 2483 semen
1812 2416 1975 2481 illud
2018 2416 2324 2481 benedic-

369 2512 536 2583 tum,
583 2527 717 2570 non
760 2506 979 2571 minus
1013 2512 1192 2569 certa
1215 2505 1344 2570 fide
1379 2505 1803 2588 exspectavit,
1850 2525 2047 2586 quam
2085 2504 2142 2566 si
2183 2524 2324 2567 ma-

369 2590 569 2656 nibus
614 2599 1112 2669 contrectasset,
1178 2612 1254 2656 ac
1307 2592 1607 2656 omnibus
1658 2591 1859 2654 animi
1914 2590 2325 2671 corporisque

370 2676 673 2742 sensibus
714 2679 1129 2760 percepisset.
1219 2677 1451 2760 Itaque
1486 2677 1931 2741 testimonium
1974 2673 2192 2740 reddit
2225 2674 2323 2738 illi

367 2760 698 2828 Dominus
741 2770 993 2843 noster,
1039 2763 1211 2847 quod
1269 2763 1508 2829 viderit
1564 2762 1738 2826 diem
1784 2782 1980 2827 suum
2025 2767 2092 2825 et
2135 2761 2319 2844 gavi-

368 2871 483 2914 sus
527 2848 614 2913 sit
658 2849 908 2927 (Ioann.
957 2854 1026 2927 8,
1076 2854 1206 2934 56).
1295 2850 1403 2914 En
1447 2869 1576 2931 pax
1618 2848 1945 2925 Abrahae,
1992 2869 2074 2911 en
2119 2847 2320 2929 quies,

368 2957 453 3000 en
501 2955 799 3000 somnus:
838 2935 1030 3000 modo
1073 2957 1205 2999 non
1249 2935 1583 3018 polluatur
1626 2934 1812 2999 foedo
1855 2934 2129 2997 istorum
2172 2931 2322 2996 dor-

368 3022 751 3086 mitantium
807 3044 918 3087 ore
974 3022 1325 3087 honestum
1379 3043 1637 3086 nomen.
1730 3018 1907 3101 Quid
1952 3020 2128 3084 enim
2174 3040 2321 3083 8110-

366 3109 521 3172 vius
545 3116 764 3191 potest
784 3107 1023 3173 habere
1053 3108 1453 3174 conscientia
1479 3108 1550 3171 111
1596 3128 1723 3191 quo
1769 3127 1995 3172 secure
2031 3106 2323 3188 acquies-

369 3204 501 3273 cat,
561 3194 684 3259 hac
743 3212 931 3277 pace:
978 3216 1144 3276 quae
1197 3195 1297 3258 illi
1345 3193 1640 3259 coelestis
1684 3194 1932 3277 gratiae
1978 3192 2323 3256 thesauros

367 3280 599 3362 aperit,
626 3300 793 3362 quae
820 3279 1162 3345 dulcedine
1189 3280 1408 3346 calicis
1431 3278 1705 3343 Domini
1727 3277 2051 3344 inebriat?
2123 3275 2318 3358 Quid,

368 3386 412 3430 0
434 3365 940 3445 dormitabundi,
967 3388 1171 3448 quum
1206 3366 1445 3431 auditis
1483 3365 1883 3443 ebrietatem,
1927 3384 2145 3428 annon
2177 3384 2322 3427 ver-

367 3453 644 3535 tiginem
689 3452 947 3534 capitis,
1009 3451 1464 3536 gravedinem,
1519 3471 1813 3517 crassum
1865 3449 2321 3531 carnalemque

368 3558 673 3606 somnum
714 3545 1012 3603 vestrum
1046 3537 1390 3622 cogitatis?
1480 3538 1667 3602 Haec
1712 3537 1888 3600 enim
1934 3535 2320 3599 ebrietatem

366 3632 735 3708 sequuntur
777 3623 1202 3689 incommoda.
1279 3624 1464 3688 Haec
1515 3644 1631 3689 vos
1719 3621 1970 3698 uidem,
2007 3640 2128 3703 pro
2172 3640 2319 3684 ves-

365 3719 472 3776 tra
512 3711 839 3776 crassitie:
896 3719 967 3773 at
1011 3710 1393 3795 intelligunt
1444 3708 1667 3774 theodi
1714 3709 1838 3773 acti
1857 3760 1870 3786 ,
1940 3706 2168 3771 eodem
2222 3705 2319 3769 di-

366 3796 555 3863 cendi
598 3817 727 3860 usu
771 3817 1077 3861 somnum
1121 3797 1358 3874 vocari,
1398 3794 1947 3878 tranquillitatem
1984 3794 2345 3858 conscien-'

364 3884 523 3961 tiae,
570 3903 770 3964 quam
813 3882 1146 3948 Dominus
1205 3883 1339 3948 suis
1398 3881 1680 3965 largitur
1735 3880 1807 3943 in
1863 3879 2054 3943 domo
2107 3879 2317 3961 pacis:

362 3989 491 4052 quo
539 3974 659 4048 [fol.
704 3972 808 4046 12]
847 3968 1130 4034 ebrietas
1152 3968 1492 4033 affluentia
1537 3966 1793 4042 dicitur,
1842 3986 1970 4048 qua
1990 3964 2331 4028 Dominus

363 4076 516 4120 81108
552 4054 752 4119 satiat
786 4054 857 4117 in
893 4053 1083 4119 domo
1119 4055 1508 4137 opulentiae.
1600 4050 1675 4118 Si
1716 4050 2056 4124 Abraham
2092 4071 2321 4132 pacem

361 4140 532 4206 hanc
574 4139 884 4224 possedit,
920 4139 1178 4205 medius
1213 4140 1428 4204 adhuc
1462 4141 1635 4203 inter
1667 4138 1960 4208 hostium
1994 4137 2317 4214 incursus,

360 4226 643 4308 labores,
684 4223 1082 4305 discrimina,
1128 4227 1262 4290 imo
1302 4226 1521 4290 ferens
1566 4245 1786 4289 secum
1823 4244 2010 4288 suam
2033 4242 2315 4299 carnem,

360 4313 622 4378 hostem
657 4311 1085 4376 domesticum
1119 4332 1246 4394 quo
1280 4311 1451 4375 nihil
1485 4319 1586 4376 est
1623 4309 2075 4393 perniciosius:
2113 4328 2318 4390 quan-

361 4407 501 4463 tam
541 4405 856 4482 putamus
900 4398 1039 4463 eius
1093 4419 1320 4480 pacem
1337 4449 1351 4475 ,
1398 4397 1508 4462 ubi
1561 4405 1754 4461 extra
1797 4395 2082 4460 hostium
2126 4394 2316 4472 ictus,

360 4484 776 4566 telorumque
822 4484 1029 4549 iactus
1085 4482 1417 4550 evolavit?
1507 4483 1794 4547 Miretur
1838 4502 2017 4545 nunc
2062 4480 2315 4562 aliquis,

360 4591 483 4637 cur
524 4571 934 4653 requiescere
971 4570 1044 4634 in
1079 4570 1229 4634 sinu
1255 4570 1563 4635 Abrahae
1607 4568 1912 4634 dicantur
1953 4565 2144 4632 electi
2168 4566 2315 4645 Dei,

358 4657 475 4741 qui
518 4677 603 4721 ex
640 4656 765 4720 hac
799 4657 939 4721 vita
983 4654 1067 4720 ad
1104 4657 1326 4734 Deum
1362 4677 1554 4721 suum
1590 4656 2022 4720 transierunt:
2061 4674 2316 4735 nempe,

356 4742 537 4825 quod
579 4743 652 4807 in
699 4741 854 4806 sede
896 4744 1073 4824 pacis
1115 4742 1523 4825 recipiuntur
1557 4763 1703 4806 cum
1748 4738 2089 4805 Abraham
2130 4746 2317 4821 patre

356 4827 676 4907 fidelium,
723 4827 835 4893 ubi
888 4829 1032 4893 Deo
1073 4828 1390 4892 fruuntur
1431 4827 1515 4893 ad
1547 4828 1935 4903 satietatem,
1980 4824 2148 4889 citra
2188 4825 2316 4889 sas—

357 4913 619 4979 tidium.
712 4911 1183 4994 Quamobrem,
1241 4935 1375 4978 non
1419 4913 1533 4979 abs
1589 4935 1662 4977 re
1707 4912 2120 4997 Augustinus
2152 4929 2315 4991 quo-

358 4999 514 5064 dam
548 4999 723 5065 loco:
745 5000 803 5084 2)
842 4998 1429 5081 Quemadmodum,
1470 5001 1705 5082 inquit,
1740 5001 1938 5064 finem
1976 4996 2315 5060 beatorum

357 5086 772 5170 appellamus
803 5087 1010 5153 vitam
1042 5093 1395 5165 aeternam,
1433 5087 1524 5149 ita
1556 5106 1904 5169 possumus
1942 5103 2174 5148 vocare
2197 5102 2314 5164 pa-

505 5361 566 5427 1)
604 5367 666 5413 ut
700 5361 1058 5429 requiescant,
1096 5358 1232 5414 1552
1255 5373 1395 5428 seqq.
1534 5357 1596 5423 2)
1631 5356 1714 5410 De
1752 5358 1890 5411 civit.
1912 5356 2016 5412 Dei
2052 5356 2142 5411 lib.
2166 5355 2312 5411 xlx,

1894 422 2848 493 PSYOHOPANNYOHIA.

4258 437 4380 499 190

2428 635 2591 680 cem.
2679 616 2871 680 Nihil
2914 618 3091 682 enim
3134 619 3371 684 melius
3414 619 3572 685 dare
3616 629 3859 703 potest,
3906 622 4015 703 qui
4055 621 4223 685 nihil
4266 628 4382 686 aut

2427 701 2642 766 maius
2687 709 2804 765 aut
2839 703 3076 769 melius
3122 725 3192 769 se
3235 706 3380 786 ipso
3425 706 3582 770 dare
3626 713 3855 789 potest,
3900 708 4011 789 qui
4052 708 4237 773 Deus
4280 714 4383 772 est

2430 786 2625 867 pacis.
2717 787 3002 855 Posthac
3046 811 3219 874 erg0,
3259 812 3461 873 quum
3510 792 3588 856 de
3625 793 3776 857 sinu
3816 792 4122 858 Abrahae
4166 814 4380 859 sermo

2427 872 2564 949 fiet,
2620 894 2752 937 non
2797 876 3058 957 rapiant
3101 876 3185 941 ad
3225 886 3423 941 'suum
3467 884 3797 942 som'num:
3826 878 3876 962 ¹)
3920 878 4227 961 quoniam
4270 899 4378 943 eo-
4433 874 4443 886 '

2430 978 2583 1021 rum
2621 959 2984 1024 vanitatem
3028 962 3250 1046 arguit
3303 983 3377 1028 ac
3432 965 3764 1030 convincit
3805 964 4164 1047 scripturae
4206 966 4379 1029 veri-

2430 1050 2552 1108 tas.
2641 1044 2784 1122 Est,
2830 1046 3126 1129 inquam,
3170 1049 3426 1131 requies
3470 1048 3613 1127 illa,
3660 1049 3954 1114 coelestis
3997 1050 4378 1129 Ierusalem,

2432 1129 2556 1195 hoc
2598 1137 2700 1193 est
2732 1131 2900 1196 visio
2943 1133 3152 1214 pacis:
3196 1135 3265 1197 in
3299 1156 3428 1217 qua
3460 1135 3645 1200 Deus
3676 1136 3853 1217 pacis
3890 1136 4004 1199 dat
4045 1158 4114 1201 se
4147 1135 4379 1201 viden-

2431 1214 2591 1279 dum
2626 1216 2763 1280 suis
2795 1219 3103 1298 pacificia
3148 1219 3336 1284 iuxta
3369 1218 3622 1285 Christi
3667 1222 4060 1303 promissum
4104 1221 4375 1304 (Matth.

2432 1306 2500 1379 5,
2552 1306 2590 1365 8
2639 1303 2775 1380 88.).
2867 1300 3143 1382 Quoties
3198 1312 3416 1369 autem
3474 1306 3673 1371 huius
3729 1308 3907 1389 pacis
3963 1307 4265 1371 meminit
4306 1308 4379 1372 in

2431 1388 2634 1452 sacris
2690 1387 2901 1452 literis
2958 1390 3259 1472 spiritus,
3318 1391 3479 1455 adeo
3524 1392 3931 1456 familiariter
3961 1393 4185 1466 ,utitur
4229 1393 4378 1457 dor-

2429 1472 2677 1537 miendi
2721 1482 2789 1538 et
2832 1475 3206 1557 quiescendi
3248 1484 3487 1559 trop0,·
3519 1485 3597 1540 ut
3648 1478 3815 1542 nihil
3869 1479 3957 1543 sit
4011 1479 4219 1563 magis
4265 1479 4377 1543 ob·

2427 1559 2628 1624 vium.
2729 1560 3214 1638 Exsultabunt,
3276 1562 3493 1644 inquit
3542 1562 3763 1630 David
3822 1563 4026 1644 (Psal.
4091 1569 4228 1644 149,
4287 1563 4376 1648 5),

2429 1646 2642 1709 sancti
2686 1646 2805 1723 tui,
2847 1645 3273 1712 laetabuntur
3315 1648 3387 1711 in
3430 1646 3746 1713 cubilibus
3782 1650 3932 1713 suis.
3998 1649 4190 1713 Alter
4221 1671 4378 1716 vero

2428 1731 2584 1812 (Ies.
2636 1735 2735 1810 26,
2783 1736 2857 1794 19
2896 1732 3042 1816 88.);
3102 1732 3356 1798 Vivent
3411 1735 3655 1798 mortui
3711 1735 3836 1812 tui,
3895 1735 4221 1799 interfecti
4276 1736 4375 1800 tui

2431 1823 2794 1900 resurgent.
2895 1819 3485 1902 Expergiscimini,
3547 1827 3615 1884 et
3665 1819 3927 1885 laudate
3979 1820 4379 1886 habitatores

2430 1900 2747 1984 pulveris:
2793 1905 2946 1985 quia
2989 1925 3097 1970 ros
3139 1914 3474 1987 pratorum
3521 1927 3626 1971 ros
3669 1913 3842 1983 tuus,
3889 1913 3955 1969 et
3988 1914 4234 1971 terram
4278 1909 4378 1991 gi-

2431 1995 2708 2071 gantum
2745 1989 3051 2055 detrahes
3097 1991 3166 2054 in
3209 1991 3489 2056 ruinam.
3555 1991 3742 2055 Vade
3775 1991 4012 2075 popule
4048 1992 4158 2071 mi,
4202 1994 4379 2058 intra

2431 2074 2499 2137 in
2543 2075 2961 2140 tabernacula
3003 2084 3138 2155 tua,
3185 2076 3418 2141 claude
3462 2078 3627 2141 ostia
3682 2083 3796 2141 tua
3848 2098 4048 2160 super
4091 2084 4174 2157 te,
4230 2077 4375 2143 abs-

2431 2159 2710 2225 condere
2756 2161 2840 2224 ad
2884 2162 3244 2239 modicum,
3294 2161 3498 2227 donec
3538 2166 3953 2245 pertranseat
3994 2162 4374 2246 indignatio.

2430 2244 2612 2326 Quin
2667 2246 2974 2319 hebraica
3031 2248 3261 2333 lingua
3317 2248 3439 2313 hoc
3481 2248 3756 2314 verbum
3799 2255 4080 2332 usurpat
4121 2247 4203 2312 ad
4247 2250 4379 2332 sig-

2428 2332 2869 2397 nificationem
2911 2334 3202 2400 cuiusvis
3239 2336 3609 2400 securitatis
3653 2356 3728 2400 00
3769 2334 4068 2400 fiduciae.
4157 2333 4377 2400 David

2429 2438 2721 2483 rursum:
2781 2419 2863 2483 In
2916 2441 3076 2502 pace
3129 2421 3202 2484 111
3245 2419 3313 2484 1(1
3356 2421 3577 2504 ipsum
3621 2418 3943 2485 dormiam
3986 2427 4052 2484 et
4090 2420 4380 2503 requies-

2430 2524 2572 2568 cam
2618 2504 2822 2587 (Psal.
2861 2511 2920 2584 4,
2961 2506 3049 2591 9).
3151 2507 3244 2571 Et
3289 2506 3608 2589 propheta
3658 2504 3862 2588 (Osee
3898 2511 3966 2583 2,
4008 2506 4148 2589 20):
4214 2506 4380 2571 Per-

2428 2589 2670 2653 cutiam
2723 2588 2950 2657 foedus
3006 2593 3079 2656 in
3131 2592 3237 2657 die
3291 2592 3408 2657 illa
3461 2614 3609 2658 cum
3666 2592 3874 2657 bestia
3926 2592 4068 2675 agri
4121 2598 4187 2656 et
4229 2612 4381 2667 cum

2428 2674 2692 2741 volucre
2735 2677 2923 2756 coeli,
2972 2685 3039 2742 et
3081 2700 3232 2743 cum
3275 2678 3494 2761 reptili
3538 2685 3780 2742 terrae:
3828 2698 4081 2756 arcum,
4127 2687 4194 2742 et
4237 2678 4377 2762 glaff

2427 2760 2630 2841 dium,
2678 2769 2746 2825 et
2787 2761 3033 2827 bellum
3076 2770 3409 2828 conteram
3454 2763 3534 2828 de
3578 2771 3782 2828 terra:
3831 2772 3898 2827 et
3940 2763 4222 2828 dormire
4268 2784 4377 2829 008

2426 2846 2661 2912 faciam
2718 2847 2959 2930 absque
3013 2856 3279 2914 terrore.
3371 2850 3590 2914 Moses
3636 2871 3790 2915 vero
3847 2849 4092 2933 (Levit.
4133 2852 4234 2926 26,
4276 2850 4374 2929 6):

2426 2933 2617 2997 Dabo
2660 2954 2884 3015 pacem
2928 2934 2999 2998 in
3041 2933 3282 2999 finibus
3327 2935 3596 3013 vestris,
3656 2943 3723 2997 et
3766 2956 3897 2999 non
3942 2936 4068 2998 erit
4110 2936 4220 3017 qui
4261 2956 4375 2998 ex-

2428 3025 2688 3084 terreat.
2756 3020 2842 3084 In
2873 3019 3039 3086 libro
3071 3043 3226 3087 vero
3258 3021 3402 3087 Iob:
3450 3022 3542 3086 Et
3575 3020 3848 3086 habebis
3885 3019 4192 3085 fiduciam
4227 3041 4377 3103 pro-

2424 3107 2637 3187 posita
2694 3106 2813 3171 tibi
2866 3128 3014 3188 spe,
3073 3115 3141 3172 et
3194 3107 3485 3174 defossus
3537 3127 3802 3172 securus
3846 3106 4148 3171 dormies.
4238 3106 4374 3170 Re-

2425 3192 2745 3274 quiesces,
2793 3201 2858 3257 et
2899 3213 3036 3257 non
3079 3193 3205 3257 erit
3245 3194 3358 3276 qui
3403 3200 3759 3271 exterreat,
3814 3198 3882 3257 et
3927 3192 4373 3275 deprecabun-

2425 3284 2534 3342 tur
2584 3278 2820 3344 faciem
2874 3286 3058 3344 tuam
3111 3279 3379 3362 plurimi
3465 3278 3600 3343 Iob.
3651 3284 3743 3358 ll,
3789 3278 3914 3361 18).
4006 3278 4214 3344 0111118
4272 3278 4368 3343 rei

2423 3385 2544 3428 nos
2587 3363 2867 3429 latinum
2907 3386 3163 3448 quoque
3205 3386 3442 3448 prover
3486 3366 3624 3429 ium
3668 3364 4005 3430 admonet:
4059 3364 4371 3429 Dormire

2424 3450 2495 3512 in
2537 3457 2889 3534 utramque
2942 3472 3197 3530 aurem,
3257 3472 3375 3534 pro
3434 3471 3660 3517 secure
3716 3471 3930 3550 agere.
4016 3451 4373 3515 Dormiunt

2424 3535 2629 3618 igitur
2652 3544 2720 3600 et
2747 3557 2978 3618 pacem
3011 3537 3260 3602 habent
3280 3537 3645 3603 viventium
3678 3558 3954 3616 ammae,
3989 3557 4152 3619 quae
4173 3535 4374 3601 verbo

2424 3620 2696 3685 Domini
2746 3623 3188 3704 acquiescunt,
3246 3643 3368 3686 nec
3423 3623 3680 3706 praeire
3722 3623 3852 3688 Dei
3906 3623 4007 3687 sui
4048 3621 4375 3689 voluntati

2425 3706 2725 3788 cupiunt:
2776 3706 2888 3771 sed
2933 3728 3060 3789 quo
3102 3707 3215 3772 1110
3258 3709 3621 3787 vocaverit,
3674 3710 3859 3791 sequi
3899 3715 4195 3791 paratae,
4254 3706 4375 3771 sub

2426 3793 2569 3857 eius
2605 3812 2804 3857 manu
2848 3813 2918 3857 se
2964 3794 3319 3857 continent.
3387 3792 3583 3874 Quod
3616 3794 3748 3859 illis
3784 3800 4205 3877 praeceptum
4242 3800 4370 3857 est:

2426 3877 2503 3942 Si
2544 3899 2801 3942 moram
2843 3878 3071 3944 fecerit
3105 3880 3244 3944 eius
3281 3880 3523 3950 veritas
3542 3931 3558 3958 ,
3597 3888 3904 3962 exspecta
3946 3879 4127 3942 illam
4167 3878 4368 3960 (Hah.

2426 3968 2483 4041 2,
2523 3965 2613 4048 3).
2700 3964 2892 4043 Item,
2938 3965 3023 4029 In
3064 3986 3178 4047 spe
3224 3972 3290 4028 et
3331 3965 3592 4031 silentio
3637 3967 3763 4029 erit
3803 3962 4116 4030 fortitudo
4149 3971 4373 4029 vestra

2425 4049 2581 4133 (Ies.
2623 4053 2721 4129 30,
2766 4050 2892 4136 15).
2951 4048 3173 4131 Quum
3218 4058 3438 4115 autem
3489 4057 3871 4133 exspectent
3914 4048 4159 4131 aliquid
4201 4048 4374 4131 quod

2423 4157 2558 4201 non
2594 4135 2835 4215 vident,
2883 4144 2952 4200 et
2994 4135 3366 4202 desiderent
3399 4135 3571 4220 quod
3614 4157 3749 4200 non
3795 4136 4070 4201 habent:
4117 4141 4374 4200 constat

2422 4241 2652 4305 pacem
2676 4243 2902 4287 eorum
2925 4244 3067 4288 esse
3102 4223 3564 4306 imperfectam.
3621 4223 3933 4300 Rursum,
3971 4241 4173 4303 quum
4195 4228 4372 4286 certo

2425 4313 2543 4386 [fol.
2588 4313 2692 4387 13]
2739 4328 2857 4373 exs
2978 4316 3121 4373 tent
3163 4307 3334 4392 quod
3377 4315 3788 4391 exspectant,
3836 4314 3904 4370 et
3943 4305 4072 4370 fide
4116 4306 4370 4372 deside-

2423 4401 2575 4457 rent
2616 4394 2787 4476 quod
2833 4329 3233 4461 &dcx-ant:
3276 4394 3525 4459 clarum
3567 4398 3684 4472 est,
3733 4394 4027 4475 quietum
4070 4413 4212 4457 esse
4257 4391 4368 4456 de-

2422 4479 2754 4558 siderium.
2818 4481 3013 4546 Hanc
3051 4502 3277 4564 pacem
3321 4486 3518 4563 auget
3560 4486 3626 4543 et
3667 4480 3739 4543 in
3782 4478 4021 4543 melius
4066 4477 4372 4562 provehit

2421 4586 2630 4644 mors,
2687 4588 2855 4650 quae
2910 4568 3107 4632 huius
3160 4566 3392 4631 mundi
3439 4565 3674 4630 militia
3729 4564 4007 4642 solutos,
4065 4571 4131 4628 et
4185 4563 4369 4646 quasi

2421 4659 2858 4732 exautoratos,
2896 4653 3074 4718 ducit
3090 4651 3397 4717 inlocum
3417 4653 3626 4734 pacis:
3663 4651 3778 4716 ubi
3799 4649 3956 4715 dum
3991 4651 4115 4715 toti
4150 4650 4368 4713 animo

2421 4746 2488 4803 et
2525 4747 2790 4821 aspectu
2831 4739 2901 4803 in
2935 4740 3080 4804 Deo
3128 4736 3425 4817 haerent,
3467 4738 3636 4802 nihil
3668 4736 3918 4802 habent
3950 4735 4204 4815 melius,
4241 4755 4367 4818 quo

2421 4833 2726 4890 avertant
2778 4824 2995 4889 0011108
3011 4876 3027 4903 ,
3085 4831 3202 4889 aut
3256 4821 3652 4889 desiderium
3708 4822 4068 4888 retrahant.
4157 4820 4366 4886 Deest

2420 4919 2645 4976 tamen
2689 4909 2901 4976 adhuc
2943 4909 3269 4993 quiddam,
3357 4908 3485 4975 uod
3528 4910 3753 4976 videre
3795 4909 4088 4992 cupiant:
4132 4927 4368 4990 nempe

2419 5016 2679 5061 summa
2712 5004 2780 5060 et
2810 4997 3098 5078 perfecta
3130 4996 3256 5061 Dei
3289 5017 3334 5080 g
3358 4997 3514 5075 oria,
3553 4996 3637 5061 ad
3669 5015 3864 5078 quam
3901 5013 4161 5076 semper
4193 4994 4366 5077 aspi—

2417 5092 2589 5148 rant.
2680 5082 2775 5148 Ut
2824 5081 3009 5148 nulla
3066 5083 3153 5146 sit
3207 5081 3340 5148 illis
3381 5082 3795 5165 impatientia
3839 5078 4158 5158 desiderii,
4203 5101 4365 5144 non-

2421 5251 2636 5256 W7-7.-..-
2651 5250 2796 5257 0-—

2557 5356 2617 5421 1)
2655 5357 2933 5426 somnium,
2967 5356 3219 5411 mendose
3255 5353 3389 5409 1576
3426 5370 3564 5423 seqq.
