5100 6061
775 397 887 456 171
2301 390 3255 458 PSYOHOPANNYOHLA.
3801 384 3808 391 ‘
4607 424 4617 435 ·
4653 399 4754 460 172

763 603 919 665 pore
977 605 1109 648 una
1153 583 1382 658 emori,
1450 581 1518 646 in
1565 581 1669 646 die
1712 580 1932 647 iudicii
1991 563 2346 664 utrumque
2405 601 2763 663 resurgere.
2794 580 2843 663 ¹)
2933 582 3024 645 Et
3065 582 3397 665 aliquanto
3453 591 3599 666 post
3652 590 3976 667 tempore,
4038 582 4355 647 Ioannem
4400 583 4753 667 episcopum

766 706 1129 765 romanum,
1177 707 1371 769 quem
1415 685 1640 752 schola
1682 684 2059 766 parisiensis
2104 683 2186 748 ad
2229 683 2628 766 palinodiam
2672 683 2981 767 adegerit.
3003 686 3061 766 ²)
3126 685 3383 749 Verum
3428 686 3704 752 saeculis
3732 688 3992 769 ‘aliquot
4035 685 4355 768 sopitum,
4402 705 4613 767 nuper
4653 710 4757 770 per

741 789 1014 871 'aliquot
1056 812 1139 854 ex
1186 788 1770 871 Anabaptistarum
1815 789 1995 852 faece
2030 788 2388 853 excitatum
2408 839 2422 864 ‚
2482 787 2799 852 scintillas
2845 786 3081 851 emisit.
3170 787 3319 852 Hae
3362 808 3521 852 vero
3562 788 3757 873 longe
3798 790 4056 871 lateque
4096 796 4525 872 pervagatae,
4571 790 4755 858 iustas

764 892 937 957 faces
980 891 1443 958 accenderunt:
1483 910 1647 973 quae
1682 890 1937 954 utinam
1990 889 2215 972 pluvia
2257 889 2372 953 illa
2415 889 2817 968 voluntaria,
2863 910 3061 972 quam
3102 888 3426 955 Dominus
3453 891 3866 966 haereditati
3911 912 4068 957 suae
4111 892 4517 976 segregavit,
4566 895 4756 974 primo
4869 923 4875 931 ·

764 1014 1016 1077 quoque
1061 994 1165 1059 die
1208 995 1733 1077 exstinguantur.
1822 993 2038 1076 Agam
2082 1001 2302 1057 autem
2347 993 2511 1057 citra
2556 992 2754 1056 ullius
2800 992 3050 1070 odium,
3107 995 3272 1059 citra
3314 993 3644 1075 privatam
3688 995 4074 1077 cuiusquam
4118 984 4614 1075 contumeliam,
4659 998 4756 1062 de-

766 1099 964 1180 nique
1015 1100 1181 1163 citra
1225 1094 1630 1162 conviciandi
1687 1096 2173 1177 procacitatem,
2232 1102 2307 1158 ut
2345 1095 2487 1158 iure
2531 1094 2754 1159 nullus
2799 1098 2982 1177 queri
3041 1095 3272 1161 debeat
3320 1118 3390 1161 se
3442 1096 3695 1162 laesum
3755 1106 3868 1162 aut
3927 1099 4161 1162 leviter
4205 1099 4407 1163 etiam
4451 1099 4756 1164 offensum

764 1219 922 1264 esse.
1015 1199 1413 1282 Quanquam
1451 1211 1744 1281 spectare
1788 1198 1978 1262 hodie
2022 1198 2273 1280 aliquos
2314 1198 2495 1275 licet,
2558 1199 2790 1262 insana
2845 1199 3183 1281 carpendi,
3230 1198 3599 1278 mordendi,
3658 1200 4011 1284 sugillandi
4066 1201 4336 1266 libidine
4381 1209 4754 1283 aestuantes,

764 1323 923 1384 quos
967 1303 1022 1367 si
1067 1323 1321 1366 summo
1367 1301 1571 1386 digito
1615 1303 1934 1385 0113111800,
1990 1300 2294 1366 flebiliter
2338 1298 2680 1382 deplorant
2735 1301 2944 1366 scindi
2988 1302 3334 1399 unitatem
3363 1304 3704 1379 ecclesiae,
3769 1303 4001 1368 violari
4046 1304 4407 1370 caritatem.
4499 1305 4624 1370 His
4666 1328 4755 1371 10-

765 1425 1076 1486 sponsum
1119 1406 1221 1482 sit,
1267 1406 1575 1487 primum,
1632 1404 1881 1467 nullam
1927 1424 2048 1467 nos
2095 1422 2445 1485 agnoscere
2489 1404 2841 1480 unitatem,
2890 1405 3017 1468 nisi
3059 1404 3131 1467 in
3161 1382 3502 1469 (1111101οῩ
3533 1407 3788 1471 1111110111
3833 1407 4190 1487 caritatem,
4238 1409 4363 1474 nisi
4407 1408 4593 1473 cuius
4632 1408 4756 1492 ipse

764 1508 850 1572 sit
907 1507 1256 1573 vinculum.
1347 1508 1515 1572 Esse
1569 1528 1724 1589 ergo
1780 1508 1904 1572 hoc
1958 1513 2156 1588 caput
2205 1506 2693 1572 conservandae
2736 1508 3060 1584 caritatis,
3108 1515 3183 1570 ut
3224 1507 3386 1574 fides
3431 1511 3619 1576 nobis
3666 1517 3895 1574 sancta
3942 1517 4136 1591 atque
4179 1511 4444 1595 integra
4492 1521 4754 1577 maneat

761 1610 1049 1690 Deinde,
1108 1611 1290 1676 nulla
1342 1611 1635 1675 caritatis
1687 1611 2041 1675 offensione
2102 1609 2268 1673 110110
2313 1608 2818 1691 disputationem
2865 1610 3145 1694 transigi
3187 1631 3404 1693 posse:
3466 1613 3655 1678 modo
3700 1613 3865 1677 tales
3910 1633 4103 1678 aures
4150 1614 4458 1693 afferant,
4512 1617 4757 1699 qualem

762 1733 883 1796 ego
926 1714 1224 1798 linguam
1269 1714 1503 1778 afferre
1550 1714 1767 1777 statui.
1861 1712 2009 1777 'ribi
2054 1720 2291 1793 autem,
2339 1712 2751 1777 ornatissime
2794 1712 2913 1789 vir,
2960 1712 3129 1778 hanc
3173 1713 3811 1781 lucubratiunculam
3855 1737 4256 1799 nuncupare,
4300 1739 4502 1799 quum
4549 1718 4756 1784 multis

741 1813 1135 1882 ⁴nominibus
1188 1818 1407 1882 visum
1450 1826 1575 1881 est:
1644 1824 1785 1880 tum
1832 1817 1952 1881 hoc
1992 1816 2379 1898 praesertim
2421 1835 2585 1894 un0,
2652 1814 2827 1897 quod
2868 1814 3044 1880 inter
3095 1816 3256 1881 istos
3299 1837 3624 1883 vanarum
3676 1820 4054 1901 opinionum
4113 1820 4480 1899 tumultus,
4539 1823 4756 1904 quibus

760 1921 1031 2002 spiritus
1078 1919 1423 2002 vertiginis
1479 1919 1786 1984 ecclesiae
1830 1920 2113 2024 quietem
2160 1919 2531 2003 exagitant,
2594 1920 2862 1982 firmum
2906 1928 2970 1983 te
3014 1939 3088 1983 ac
3134 1919 3464 2004 integrum
3511 1942 3768 1987 summa
3810 1920 4164 2003 prudentia
4207 1943 4281 1988 ac
4325 1923 4756 1990 moderatione

759 2024 1110 2087 consistere
1154 2023 1488 2104 perspicio.

1067 2125 1407 2203 Aureliae,
1483 2125 1577 2190 M.
1603 2123 1688 2189 D.
1712 2124 2046 2191 XXXIV.

772 2302 803 2305 —
818 2300 1515 2307 —--*7„grjff-J-ffl4—--0-—-j
1530 2301 1577 2307 ᾐ-

1066 2415 1122 2480 1)
1172 2416 1372 2470 Euseb.
1415 2415 1563 2471 Eccl.
1609 2417 1731 2471 hist.
1780 2417 1814 2470 l.
1862 2415 1912 2470 6.
1959 2434 2002 2471 0.
2052 2414 2137 2471 26.
2187 2415 2327 2481 (37).
2408 2418 2545 2486 Aug.
2591 2417 2682 2471 lib.
2731 2416 2798 2470 (10
2846 2417 3073 2472 Haeres.
3123 2433 3168 2471 c.
3203 2415 3287 2470 83.
3585 2416 3644 2481 2)
3705 2419 3887 2472 Ioann.
3933 2417 4008 2472 11<
4049 2420 4114 2475 (10
4160 2437 4266 2489 quo
4316 2421 4524 2476 Gerson
4577 2423 4630 2475 in
4663 2438 4759 2477 ser·

759 2517 916 2555 mone
954 2502 1139 2571 pasch.
1174 2503 1369 2570 priore.
