5100 6061
320 373 433 434 241

1507 368 1634 433 DE
1678 365 2194 434 FUGIENDIS
2240 367 2724 435 IMPIORUM
2767 366 3118 437 SAORJS.

4202 380 4326 443 242

320 557 556 623 bebant
598 559 667 622 in
713 558 930 622 animo
949 608 963 634 ,
1019 577 1240 622 secum
1295 555 1686 639 reputabant
1740 577 1882 621 rem
1938 577 2081 621 esse
2136 578 2268 621 non
2374 555 2645 622 deflexis
2688 578 2728 621 a
2771 559 2970 624 verbo
3006 559 3137 623 Dei
3180 559 3399 638 oculis,
3447 561 3611 626 nihil
3649 581 3688 626 a
3722 584 3792 628 se
3836 564 3986 648 plus
4029 567 4329 650 exigunt,

318 645 541 727 magni
584 644 917 720 momenti,
963 642 1020 708 81
1064 644 1135 707 111
1178 641 1406 727 populi
1448 643 1730 726 gratiam
1769 641 2042 725 paulum
2086 642 2269 724 inep-

320 731 547 794 tirent:
608 750 735 812 qua
788 737 1007 793 tamen
1065 729 1320 794 ratione
1377 749 1614 811 graves
1659 728 2050 793 offensiones
2094 726 2269 792 redi-

318 837 496 880 mere
517 822 895 899 promptum
929 823 1117 879 esset.
1175 816 1406 897 Itaque
1428 815 1647 898 impiis
1671 814 2095 879 caeremoniis
2120 835 2269 896 pro-

319 902 566 967 miscue
611 922 764 967 cum
807 900 952 965 aliis
998 900 1539 984 defungebantur.
1628 898 1891 965 Deinde
1934 921 2141 983 quum
2182 919 2269 964 ne

319 988 409 1054 sic
443 987 711 1070 quidem
750 986 1088 1051 hominum
1125 988 1565 1071 suspicionem
1602 986 1988 1069 effugerent,
2036 983 2269 1068 pedem

320 1072 533 1139 adhuc
583 1073 861 1137 alterum
905 1072 1515 1156 progrediebantur:
1563 1072 1721 1137 satis
1765 1093 1925 1150 esse,
1967 1072 2025 1135 si
2069 1069 2271 1136 bonos

320 1160 497 1225 viros
541 1159 692 1224 fidei
739 1178 894 1223 suae
938 1160 1231 1224 conscios
1291 1157 1638 1222 haberent:
1695 1157 1974 1222 aliorum
2019 1158 2268 1239 opinio-

320 1267 470 1310 nem
527 1246 756 1328 quavis
812 1253 952 1309 arte
996 1244 1168 1323 falli,
1230 1244 1398 1308 nihil
1455 1264 1709 1309 nocere.
1799 1243 1957 1319 Hic,
2017 1244 2072 1307 si
2116 1241 2272 1325 quid

320 1332 397 1396 ab
440 1330 839 1397 adversariis
884 1329 1133 1395 Christi
1178 1330 1251 1394 in
1296 1350 1523 1394 veram
1567 1328 1933 1395 doctrinam
1978 1327 2270 1393 deblate-

321 1425 541 1482 ratum
583 1424 743 1495 erat,
788 1416 995 1494 vultu,
1038 1425 1222 1494 nutu,
1266 1417 1466 1480 totius
1507 1415 1797 1498 corporis
1841 1423 2031 1498 gestu
2049 1465 2064 1492 ,
2109 1435 2269 1479 voce

322 1502 603 1586 denique
636 1500 1179 1568 assentiebantur.
1228 1500 1455 1582 Quum
1477 1521 1688 1582 neque
1712 1499 1888 1566 1111110
1910 1499 2035 1565 81111
2057 1509 2270 1564 88111111

321 1590 476 1655 88118
514 1611 598 1654 ex
633 1589 960 1653 sententia
1004 1587 1351 1653 succedere
1398 1586 1859 1669 intelligerent,
1907 1593 2157 1651 secreta
2190 1586 2270 1649 ab

320 1676 499 1740 omni
546 1674 888 1739 hominum
932 1671 1218 1738 arbitrie
1237 1672 1632 1739 conscientia
1667 1671 1958 1737 contenti
1994 1692 2136 1737 esse
2171 1673 2271 1735 in-

321 1762 680 1844 cipiebant:
739 1759 912 1843 quod
958 1769 1035 1824 ut
1078 1760 1479 1836 obtinerent,
1537 1757 1888 1841 diligenter
1929 1757 2267 1836 cavebant,

321 1869 401 1913 ne
425 1868 625 1930 quam
649 1846 882 1912 darent
904 1846 1245 1911 christiani
1266 1845 1547 1928 pectoris
1570 1844 2129 1926 significationem.
2188 1843 2272 1907 In

321 1933 500 1998 hunc
536 1932 801 1998 modum
839 1953 1043 2014 quum
1078 1953 1117 1996 a
1150 1938 1329 1996 recta
1365 1931 1558 1995 officii
1597 1934 1743 2010 [pag.
1773 1935 1837 2009 5]
1873 1929 2067 2006 linea,
2114 1948 2272 2011 qua-

324 2019 474 2085 dam
522 2021 626 2101 (ut
661 2018 784 2083 sibi
823 2017 1243 2096 videbantur)
1292 2023 1653 2099 temperata
1695 2016 1993 2081 cautione
2037 2013 2272 2080 deflec-

324 2113 542 2170 terent
580 2103 927 2186 paulatim,
991 2124 1066 2168 ac
1125 2101 1610 2180 delaberentur,
1668 2101 1936 2166 tandem
1980 2101 2154 2166 caeci
2197 2121 2273 2165 80

324 2191 531 2257 veluti
587 2192 689 2255 sui
741 2189 952 2267 obliti,
1011 2211 1152 2254 sese
1208 2190 1277 2252 in
1333 2188 1608 2253 exitium
1651 2187 2036 2270 praecipites
2081 2185 2275 2250 dede-

324 2284 497 2342 runt.
590 2276 948 2341 Manifesta
991 2295 1147 2340 sane
1192 2274 1320 2339 Dei
1356 2273 1673 2339 vindicta:
1721 2293 1851 2356 qua
1894 2293 2002 2337 eos
2046 2292 2276 2337 sensus

325 2364 421 2430 sui
466 2364 762 2428 vanitate
806 2361 994 2427 deiici
1040 2382 1321 2443 aequum
1364 2359 1508 2436 fuit,
1553 2359 1664 2442 qui
1710 2379 1865 2442 prae
1950 2365 2125 2423 stera
2161 2378 2279 2422 sua

368 2447 680 2514 rudentia
701 2447 917 2512 Deum
954 2446 1180 2512 fallere
1216 2453 1283 2510 et
1318 2445 1618 2510 homines
1655 2446 1870 2529 cogita
1912 2452 2043 2507 ant.
2104 2443 2278 2508 Nam

373 2537 435 2599 ic
467 2544 839 2619 postremus
873 2533 1131 2598 fabulae
1165 2541 1347 2597 actus
1379 2531 1510 2595 illis
1544 2531 1696 2595 fuit:
1733 2551 1869 2594 non
1900 2527 2092 2594 modo
2128 2529 2276 2593 nul-

327 2621 455 2685 lius
500 2639 695 2685 aures
742 2627 935 2701 atque
978 2618 1224 2696 0011108,
1285 2615 1499 2682 001(118
1543 2617 1645 2681 8111
1690 2624 1889 2681 108108
1907 2666 1922 2694 ,
1983 2625 2057 2679 111
2098 2616 2280 2697 prius

328 2707 654 2783 solebant,
699 2703 1069 2769 admittere:
1125 2704 1240 2770 sed
1283 2710 1604 2786 quantum
1646 2703 1717 2767 in
1759 2723 1829 2767 se
1874 2710 2042 2780 erat,
2100 2701 2280 2765 omni

329 2793 545 2858 studio
591 2790 1002 2868 contendere,
1049 2801 1127 2854 ut
1166 2810 1395 2854 omnes
1441 2787 1759 2853 haberent
1794 2808 2022 2852 earum
2058 2807 2280 2852 rerum

327 2886 546 2956 testea,
589 2897 757 2961 quae
802 2897 999 2959 quam
1042 2876 1150 2940 lon
1205 2877 1422 2941 'ssime
1478 2875 1557 2939 ab
1604 2873 1869 2938 homine
1924 2871 2279 2938 christiano

328 2966 558 3030 abesse
602 2962 867 3029 debent:
911 2972 978 3028 et
1011 2983 1136 3045 quo
1224 2970 1419 3026 antea
1455 2959 1784 3025 occultum
1828 2957 2060 3023 saltem
2106 2957 2280 3042 apud

330 3073 395 3118 se
438 3051 833 3128 retinebant,
881 3050 1170 3115 aversari
1214 3049 1430 3131 palam
1474 3068 1549 3113 ac
1594 3046 1919 3112 detestari.
2010 3044 2280 3110 Talibus

330 3137 575 3204 scilicet
617 3136 1023 3201 documentis
1067 3135 1401 3200 admoneri
1458 3154 1579 3197 nos
1640 3133 1856 3211 decet,
1914 3139 1990 3195 ut
2040 3132 2281 3197 omissa

331 3225 543 3289 nostri
584 3223 849 3300 ratione,
893 3221 1149 3286 solliciti
1193 3218 1599 3284 ambulemus
1642 3220 1710 3282 in
1758 3228 2107 3300 conspectu
2152 3219 2281 3283 Dei

327 3311 566 3388 nostri,
612 3307 1159 3390 quemadmodum
1203 3306 1542 3389 Propheta
1586 3304 1818 3384 (Mich.
1862 3315 1918 3383 b‘,
1958 3304 2028 3386 ὃ)
2071 3303 2279 3386 loqui-

330 3405 463 3461 tur:
516 3416 618 3473 ne,
665 3393 1045 3457 lasciviente
1082 3391 1365 3475 quadam
1407 3389 1692 3467 audacia,
1739 3390 1819 3454 iis
1863 3411 1983 3454 nos
2026 3390 2281 3472 legibus

330 3483 696 3558 solvamus,
755 3477 990 3561 quibus
1051 3499 1167 3543 nos
1209 3476 1532 3541 Dominus
1587 3475 1914 3559 alligavit:
1976 3497 2052 3540 ac
2109 3474 2283 3557 quod

327 3567 432 3633 ille
495 3566 835 3649 astringit,
896 3565 1297 3630 relaxemus:
1360 3575 1499 3627 tum
1556 3582 1711 3626 vero
1769 3562 1968 3625 etiam
2029 3563 2279 3640 terreri,

331 3675 410 3718 110
454 3655 516 3717 81
561 3651 890 3735 sapientes
926 3651 1131 3716 simus
1167 3646 1339 3732 apud
1376 3670 1494 3713 nos
1529 3649 1723 3730 ipsos,
1771 3645 2285 3728 comprehendat

328 3739 436 3806 ille
483 3739 814 3820 sapientes
860 3739 927 3801 in
972 3736 1215 3801 astutia
1259 3755 1394 3812 sua,
1443 3743 1511 3797 et
1553 3732 1980 3817 prudentium
2017 3733 2285 3798 consilia

332 3826 675 3891 subvertat
727 3823 892 3907 (Iob.
936 3829 992 3900 5,
1038 3827 1144 3898 133
1194 3827 1215 3883 l
1263 3821 1410 3886 Gor.
1453 3825 1509 3898 3,
1559 3822 1680 3902 19).
1773 3817 1908 3883 Sed
1965 3826 2065 3882 est
2118 3816 2285 3882 illud

333 3911 613 3988 scilicet,
671 3909 843 3991 quod
897 3909 1219 3992 principio
1264 3927 1407 3972 sum
1452 3915 1718 3987 questus
1738 3955 1751 3982 ,
1807 3905 2031 3969 verius
2088 3925 2284 3987 quam

332 3996 605 4072 vellem,
664 3996 899 4060 bonam
957 3995 1298 4058 hominum
1350 4001 1608 4075 partem
1660 3990 1827 4054 nihil
1884 3989 1989 4055 hic
2042 3989 2285 4072 liquide

332 4083 720 4166 perspicere,
757 4080 927 4145 nihil
961 4090 1137 4145 recto
1171 4078 1477 4155 iudicare,
1514 4077 1678 4141 nihil
1715 4077 1965 4141 sincere
1999 4084 2286 4141 statuere

332 4189 555 4250 posse:
614 4166 785 4248 quod
842 4166 999 4230 dnm
1055 4167 1135 4231 ab
1179 4167 1438 4247 integra
1481 4183 1770 4245 puraque
1817 4162 2078 4227 divinae
2121 4162 2286 4245 legis

334 4254 790 4319 observatione
835 4252 1016 4317 videt
1057 4252 1405 4315 imminere
1456 4249 1778 4332 pericula,
1834 4269 2062 4313 eorum
2106 4257 2287 4313 metu

334 4339 654 4423 perplexa
688 4346 754 4402 et
789 4345 1203 4403 consternata
1234 4338 1746 4418 circumspectat,
1783 4333 2102 4417 quomodo
2138 4354 2289 4398 011111

336 4426 462 4491 Dei
512 4425 708 4489 venia
755 4425 1038 4489 retinere
1096 4425 1301 4505 possit
1355 4422 1695 4487 hominum
1750 4421 2046 4503 gratiam.
2137 4418 2290 4500 Qua

337 4511 408 4574 in
452 4511 928 4576 consultatione
973 4510 1138 4574 nihil
1173 4510 1297 4574 nisi
1334 4531 1420 4573 ex
1453 4528 1572 4572 sua
1606 4507 1935 4572 anxietate
1971 4527 2290 4588 caecaque

334 4598 829 4679 perturbatione
907 4595 1216 4661 consulit:
1302 4614 1608 4677 perverse
1687 4594 1953 4658 omnino
2029 4592 2291 4675 quidem

337 4694 719 4765 utrumque,
765 4693 831 4746 et
873 4689 1306 4764 praepostere.
1396 4680 1569 4744 Nam
1624 4689 1691 4743 et
1746 4678 1918 4760 quod
1966 4678 2091 4743 Dei
2134 4699 2291 4744 voce

340 4768 680 4834 decretum
726 4768 927 4833 semel
980 4769 1426 4849 sancitumque
1471 4771 1598 4843 est,
1646 4763 2096 4829 deliberationi
2141 4785 2292 4830 nos-

336 4863 486 4920 trae
531 4854 714 4920 nefas
755 4863 857 4918 est
908 4853 1162 4918 subiici:
1211 4873 1418 4936 neque
1476 4873 1742 4916 rursum
1784 4848 2135 4932 quidquam
2180 4849 2292 4914 bo-

340 4963 468 5006 nae
514 4942 652 5024 spei
697 4940 1022 5022 reliquum
1066 4938 1191 5003 sibi
1233 4939 1414 5016 facit,
1473 4938 1585 5019 qui
1637 4936 1716 5002 de
1771 4937 1937 5000 tanti
1977 4937 2294 5000 momenti

340 5029 561 5106 rebus,
594 5026 1012 5091 timiditatem
1052 5024 1779 5108 pusillanimitatomque
1812 5043 2002 5087 suam
2035 5023 2109 5086 111
2140 5041 2292 5086 0011-

344 5113 573 5177 811111111
616 5114 844 5178 mittit:
894 5134 977 5177 ex
1019 5133 1144 5194 quo
1191 5111 1430 5176 affectu
1474 5117 1698 5191 turpes
1742 5129 2002 5192 semper
2047 5109 2152 5193 (ut
2184 5106 2293 5171 ille

340 5198 592 5284 inquit)
646 5199 767 5262 filii
806 5205 1187 5263 nascuntur.
1273 5196 1504 5277 Itaque
1558 5202 1623 5258 et
1676 5195 1850 5260 hanc
1894 5194 2294 5260 deliberandi

242 5347 243 5354 ,
344 5285 850 5367 perversitatem
901 5284 1112 5350 simile
1169 5281 1509 5348 consilium
1554 5282 1864 5362 sequitur.
1955 5279 2294 5364 Siquidem

566 5383 786 5441 Calvisi
812 5402 994 5456 opera.
1079 5387 1190 5442 Vol.
1240 5387 1299 5441 V.

2372 663 2568 724 quam
2610 643 2783 725 quod
2826 644 3144 710 incolumi
3190 645 3420 712 salutis
3465 668 3620 713 suae
3663 671 4010 733 rerumque
4055 672 4328 720 suarum

2374 736 2548 793 statu
2585 729 2906 811 praestari
2941 739 3165 812 queat:
3204 730 3519 816 quidquid
3559 733 3934 801 discrimine
3969 737 4189 820 aliquo
4224 737 4328 802 ni-

2366 814 2635 896 miaque
2679 813 3062 881 difficultate
3101 817 3468 885 involutum
3516 827 3635 898 est,
3681 819 3750 885 id
3795 831 3870 886 ut
3911 824 4184 888 missum
4228 824 4325 888 fa-

2374 900 2571 975 ciant,
2618 900 2743 964 sibi
2785 900 2972 966 facile
3015 905 3430 984 permittunt,
3471 925 3592 971 1100
3635 908 3901 971 1111011111
3945 909 4330 988 exaudiunt,

2373 1005 2571 1067 quam
2617 983 2946 1051 horribilis
2986 986 3198 1055 edicta
3241 989 3326 1055 sit
3369 991 3442 1054 in
3486 1011 3594 1056 eos
3639 991 3960 1072 vindicta,
4019 996 4128 1077 qui
4173 1015 4335 1061 con--

2375 1070 2640 1152 temptis
2684 1072 2812 1136 Dei
2855 1073 3226 1155 praesidiis,
3275 1096 3403 1156 quo
3447 1077 3716 1142 meliora
3761 1078 3886 1144 sibi
3929 1089 4327 1164 comparent,

2373 1177 2562 1221 suam
2602 1158 2948 1223 stationem
2995 1158 3322 1224 deserunt.
3394 1160 3508 1228 Sic
3554 1164 3732 1227 enim
3775 1185 3893 1245 per
3938 1166 4330 1249 prophetam

2375 1242 2652 1307 Iudaeos
2696 1243 3023 1309 Dominus
3069 1245 3402 1328 obiurgat,
3460 1246 3631 1330 quod
3687 1253 4136 1330 praesentibus
4190 1253 4330 1335 opi-

2375 1329 2530 1405 bus,
2591 1326 2825 1410 quibus
2882 1350 2991 1393 eos
3048 1332 3454 1414 acquiescere
3511 1334 3650 1416 ipse
3704 1335 4013 1415 iusserat,
4074 1343 4222 1417 [pag.
4262 1342 4328 1417 6]

2376 1413 2605 1512 diffisi,
2661 1413 3013 1513 interdieta
3058 1417 3346 1501 Aegypti
3390 1419 3680 1485 subsidia
3724 1421 3846 1486 sibi
3891 1432 4328 1489 accerserent:

2376 1500 2549 1577 Vae,
2589 1500 2991 1581 111(11111(Ιο8.
3031 1505 3131 1577 30,
3177 1508 3203 1564 l
3246 1510 3393 1585 ss.),
3451 1505 3571 1568 filii
3621 1505 4012 1587 desertores,
4068 1517 4143 1574 ut
4189 1509 4329 1593 agi-

2376 1585 2608 1650 taretis
2653 1585 3026 1665 consilium,
3074 1597 3141 1651 et
3184 1608 3318 1652 non
3362 1610 3446 1653 ex
3487 1611 3623 1655 me:
3683 1601 3760 1655 ut
3803 1593 4183 1659 ordiremini
4229 1604 4329 1660 te·

2375 1670 2527 1750 lam,
2573 1678 2639 1735 et
2682 1693 2814 1736 non
2858 1694 2975 1755 per
3026 1674 3333 1755 spiritum
3381 1695 3629 1739 meum:
3688 1686 3762 1741 ut
3807 1677 4132 1746 adderetis
4177 1701 4326 1763 pec-

2378 1767 2595 1821 catum
2640 1766 2935 1840 peccato:
2982 1760 3092 1841 qui
3137 1781 3254 1825 vos
3299 1760 3655 1845 accingitiS,
3700 1771 3778 1826 ut
3812 1763 4220 1832 descendatis
4254 1766 4329 1831 in

2378 1844 2777 1927 Aegyptum,
2822 1851 2890 1908 et
2923 1864 2995 1909 os
3031 1866 3254 1910 meum
3288 1866 3425 1910 non
3460 1847 3942 1932 interrogastis:
3989 1861 4330 1935 sperantes

2379 1928 2699 1993 auxilium
2743 1931 2812 1993 in
2856 1930 3242 1995 fortitudine
3282 1931 3680 2009 Pharaonis,
3747 1941 3814 1997 et
3864 1936 4171 2003 fiduciam
4216 1959 4330 2019 po-

2380 2022 2611 2079 nentes
2655 2016 2725 2079 111
2784 2016 3017 2081 umbra
3060 2018 3370 2102 Aegypti.
3459 2019 3552 2082 Et
3610 2020 3736 2091 erit
3778 2020 3964 2086 vobis
4016 2022 4330 2089 fortitudo

2376 2100 2749 2166 Pharaonis
2806 2100 2876 2165 in
2932 2101 3408 2181 confusionem,
3470 2113 3537 2168 et
3590 2104 3831 2170 fiducia
3887 2106 4155 2173 umbrae
4198 2109 4330 2175 Ae-

2380 2188 2570 2271 gypti
2607 2188 2675 2250 in
2720 2186 3166 2270 ignominiam.
3258 2187 3485 2269 Quum
3527 2210 3685 2256 vero
3729 2199 3916 2256 tanta
3959 2195 4031 2257 in
4074 2216 4182 2260 eos
4228 2216 4331 2260 88-

2379 2272 2659 2354 peritate
2703 2273 2970 2352 feratur,
3016 2272 3175 2356 quid
3217 2273 3671 2359 indulgentius
3715 2278 4022 2344 mitiusve
4067 2302 4333 2363 exspec-

2381 2366 2525 2422 tent
2558 2358 2687 2435 isti,
2735 2360 2847 2441 qui
2882 2357 3150 2443 indigne
3184 2361 3489 2438 ferentes,
3525 2361 4009 2447 frementesque
4043 2367 4337 2431 omnium

2383 2464 2525 2509 sese
2580 2443 2780 2523 odiis,
2839 2446 3265 2528 omnibusque
3315 2447 3623 2528 periculis
3668 2447 3796 2512 Dei
3841 2449 4179 2517 voluntate
4223 2453 4335 2518 ob-

2383 2530 2638 2608 iectari,
2699 2550 2776 2594 ea
2819 2530 3038 2597 valere
3081 2533 3284 2609 iussa,
3343 2553 3546 2597 novas
3590 2534 3712 2599 sibi
3755 2534 4145 2619 illicitasque
4184 2559 4337 2604 cau-

2384 2616 2595 2681 tiones
2650 2636 2768 2681 suo
2822 2627 3031 2681 marte
3088 2617 3514 2701 confingunt?
3605 2619 3833 2701 Neque
3877 2643 4031 2686 vero
4086 2624 4336 2707 ignoro,

2385 2709 2633 2784 quanto
2678 2703 2946 2768 suavius
2991 2704 3206 2768 carnis
3252 2711 3514 2769 nostrae
3558 2704 3954 2770 mollitudini
3993 2707 4337 2775 blandian-

2384 2796 2495 2852 tur
2539 2788 2841 2869 suffugia,
2886 2808 3051 2869 quae
3092 2788 3456 2871 periculum
3503 2790 3763 2871 aliquod
3807 2791 4194 2859 submovere
4239 2796 4338 2861 vi·

2385 2872 2690 2938 deantur:
2730 2894 2928 2956 quam
2963 2874 3241 2956 simplex
3278 2875 3480 2942 istaec
3518 2896 3676 2960 erga
3709 2876 3838 2941 Dei
3874 2878 4151 2943 verbum
4186 2879 4337 2944 obe-

2385 2958 2651 3039 dientia,
2690 2959 2799 3024 cui
2834 2968 3091 3023 tantum
3129 2960 3581 3026 discriminum
3619 2963 3705 3027 sit
3735 2964 4162 3046 propositum.
4200 2965 4337 3029 Ve-

2385 3067 2537 3111 rum
2583 3045 2764 3110 nulla
2802 3053 2904 3111 est
2945 3053 3133 3112 tanta
3167 3047 3538 3127 difficultas,
3584 3068 3780 3130 quam
3823 3070 3954 3114 non
3996 3050 4336 3131 eluctetur,

2384 3132 2497 3215 qui
2543 3132 2668 3197 hac
2714 3153 2784 3197 se
2827 3132 3216 3216 cogitatione
3260 3134 3718 3199 offirmaverit:
3776 3157 3906 3200 non
3951 3155 4142 3218 posse
4187 3158 4338 3221 gra-

2386 3219 2532 3285 vius
2576 3217 2937 3300 quidquam
2992 3219 3234 3283 minari
3287 3220 3670 3294 universum
3724 3220 4063 3286 hominum
4107 3244 4338 3306 genus,

2386 3325 2583 3386 quam
2626 3303 2798 3386 quod
2843 3313 3205 3369 castrorum
3248 3327 3519 3370 suorum
3576 3307 4046 3384 desertoribus,
4102 3309 4174 3372 in
4228 3307 4341 3372 illa

2384 3411 2582 3473 quam
2617 3390 2960 3455 retulimus
2993 3391 3357 3474 prophetia,
3387 3392 3713 3458 Dominus
3749 3390 4115 3459 denunciat.
4180 3393 4243 3459 Ν
4248 3415 4337 3459 011

2387 3476 2735 3540 minimum
2791 3496 3025 3558 operae
3079 3479 3365 3560 pretium
3420 3478 3622 3543 fuerit
3674 3479 3782 3545 hic
3837 3480 4025 3545 nobis
4081 3500 4344 3546 81100111-

2387 3582 2565 3639 rere,
2611 3560 2784 3642 quod
2829 3558 2909 3625 de
2953 3561 3290 3645 Cypriano
3332 3563 3612 3645 quodam
3665 3564 3805 3630 loco
3850 3573 4079 3631 narrat
4111 3569 4345 3650 Augu·

2387 3647 2618 3712 stinus.
2647 3648 2698 3729 ¹)
2784 3647 3144 3729 Postquam
3190 3649 3398 3731 capite
3444 3649 3790 3716 damnatus
3829 3652 4075 3727 fuisset,
4122 3653 4344 3717 datam

2387 3732 2483 3796 illi
2537 3732 2865 3814 optionem
2918 3732 3341 3798 redimendae
3397 3734 3603 3814 vitae,
3662 3736 3719 3801 si
3764 3738 3961 3803 verbo
4021 3738 4345 3802 duntaxat

2389 3818 2745 3900 abnegaret
2789 3838 2934 3882 eam
2980 3818 3383 3902 religionem,
3431 3820 3620 3886 cuius
3656 3843 3852 3887 causa
3887 3833 4168 3887 mortem
4204 3822 4343 3887 obi-

2389 3905 2530 3969 bat:
2578 3924 2698 3968 1100
2741 3902 2836 3967 1111
2879 3904 3118 3970 faotam
3163 3905 3352 3970 modo
3396 3914 3813 3988 potestatem,
3874 3907 3986 3971 sed
4044 3908 4152 3972 ubi
4207 3909 4342 3973 iam

2390 3991 2460 4053 in
2505 3988 2808 4072 supplicii
2851 3987 3068 4055 locum
3105 4001 3380 4057 ventum
3424 3999 3615 4069 esset,
3663 3993 4003 4058 ambitiose
4039 4001 4343 4077 rogatum

2392 4097 2432 4140 a
2474 4075 2847 4158 provinciae
2889 4075 3214 4158 praeside,
3262 4087 3338 4141 ut
3380 4076 3796 4155 deliberaret,
3857 4100 3941 4142 an
3986 4100 4121 4143 non
4164 4080 4344 4145 vitae

2393 4181 2552 4226 suae
2588 4161 2927 4243 (quoniam
2962 4162 3057 4226 ita
3089 4161 3328 4229 licebat
3361 4184 3478 4245 per
3499 4162 3860 4228 Caesarum
3896 4164 4343 4249 clementiam)

2393 4247 2765 4312 consultum
2807 4247 3054 4326 mallet,
3100 4270 3295 4331 quam
3341 4267 3618 4330 poenam
3660 4248 3843 4314 luere
3886 4248 4151 4332 ineptae
4194 4273 4344 4334 per-

2394 4334 2691 4398 vicaciae.
2781 4333 2985 4398 Dium
3034 4343 3262 4400 contra
3317 4332 3605 4399 breviter
3663 4334 3748 4399 ad
3802 4337 4022 4400 omnia
4075 4358 4343 4421 respon-

2395 4419 2597 4484 disse:
2653 4419 2735 4483 In
2789 4440 2862 4483 re
2919 4432 3054 4484 tam
3114 4427 3339 4486 sancta
3391 4419 3648 4485 nullum
3703 4441 3845 4486 esse
3890 4422 4346 4487 deliberationi

2393 4507 2630 4571 locum.
2700 4503 2778 4571 Si
2821 4507 2965 4588 quis
3008 4514 3310 4572 sanctum
3344 4507 3580 4585 virum,
3627 4528 3833 4590 quum
3876 4508 3948 4573 in
3993 4516 4347 4592 conspectu

2396 4600 2616 4656 essent
2657 4598 3132 4656 tormentorum
3178 4600 3530 4674 apparatus
3544 4644 3560 4670 ,
3621 4594 3902 4659 inst-aret
3957 4596 4159 4659 atroci
4204 4603 4352 4659 tru-

2396 4676 2786 4759 culentoque
2819 4677 3010 4742 vultu
3054 4679 3363 4756 carnifex,
3410 4680 3776 4744 cervicibus
3819 4680 4085 4746 iamiam
4129 4681 4348 4744 immi-

2398 4770 2587 4827 neret
2637 4765 2807 4828 ictus
2848 4762 3081 4846 gladii,
3140 4763 3320 4828 dirae
3362 4764 3650 4848 undique
3693 4767 4080 4831 insanientis
4123 4765 4353 4849 populi

2396 4850 2642 4913 mixtae
2686 4850 2939 4931 probris
2981 4850 3479 4931 imprecationes
3534 4851 4012 4935 obstreperent,
4070 4853 4352 4918 terricu-

2396 4934 2701 4999 lamentis
2746 4934 2876 4999 illis
2921 4936 3224 5002 omnibus
3269 4958 3405 5001 non
3447 4938 3646 5004 fuisse
3687 4936 4011 5002 deiectum
4048 4938 4353 5017 miratur,

2539 5227 2598 5288 1)
2648 5225 2857 5281 VideA

2409 5294 2529 5365 opp
2593 5295 2643 5349 T
2701 5297 2826 5352 VII
2934 5227 3112 5282 antini
3130 5227 3435 5283 Sermonem
3461 5226 3713 5283 OGGIX.
3749 5230 3810 5282 in
3839 5227 4032 5284 Natal.
4064 5228 4357 5301 Cypriani.

2926 5339 2938 5351 .
2974 5295 3024 5352 2.
3057 5314 3112 5366 p.
3152 5296 3286 5352 1249
3323 5297 3484 5352 Base.
3877 5382 3944 5436 16
