5100 6061
725 398 851 460 495

903 584 1120 665 Neque
1173 584 1291 649 erit
1332 582 1592 666 difficile
1634 585 1742 650 hoc
1783 585 2105 648 concilium
2146 582 2469 661 celebrare,
2514 583 2679 663 quod

724 691 933 734 omnes
964 670 1071 750 pii
1134 671 1409 735 homines
1463 673 1772 735 continuis
1800 669 2094 749 precibus
2148 674 2204 733 et
2256 669 2414 732 votis
2456 690 2497 732 a
2542 668 2678 734 Deo

720 756 815 820 vel
835 775 1077 821 summo
1094 757 1380 837 pontifice
1414 756 1777 839 efflayitant,
1813 761 1881 819 ut
1908 758 2070 820 inter
2104 755 2265 818 alios
2297 754 2443 835 fecit
2481 755 2677 835 paulo

722 847 861 907 ante
904 863 1017 907 rex
1070 841 1364 906 Poloniae
1398 862 1519 923 per
1552 843 1890 923 proprium
1934 842 2217 924 leyatum.

896 963 1122 1037 Recte,
1169 961 1351 1025 nulla
1406 962 1583 1025 enim
1629 982 1919 1042 unquam
1965 960 2343 1026 celebrandi
2388 962 2476 1043 pii
2522 982 2676 1027 con-

724 1048 855 1113 cilii
899 1047 1249 1113 difficultas
1298 1047 1540 1111 sanctis
1598 1047 1751 1121 fuit,
1806 1069 1927 1113 nec
1980 1045 2172 1111 hodie
2214 1048 2408 1122 foret,
2467 1047 2596 1112 uisi
2640 1067 2681 1110 a

721 1135 1030 1217 pontifice
1074 1153 1344 1197 romano
1374 1133 1655 1214 ‘eiusque
1697 1134 2044 1210 creaturis,
2107 1132 2344 1215 quibus
2388 1132 2471 1197 ad
2515 1133 2679 1216 legi-

722 1222 950 1284 timam
1007 1219 1292 1299 aliquam
1349 1219 1787 1300 cognitionem
1832 1217 2223 1284 descendere
2266 1218 2678 1284 intolerabile

723 1313 839 1382 est,
884 1303 1371 1386 impedirentur.
1444 1304 1620 1369 Vere
1663 1305 1837 1369 enim
1875 1303 2128 1387 pridem
2165 1324 2395 1370 omnes
2433 1307 2524 1387 pii
2560 1304 2678 1368 ho-

720 1392 934 1454 mines
976 1390 1304 1455 continuis
1347 1389 1417 1453 id
1460 1391 1758 1472 precibus
1801 1401 1868 1455 et
1911 1391 2081 1455 votis
2123 1390 2527 1473 flagitarunt,
2564 1390 2679 1455 sed

721 1486 800 1540 ut
852 1476 1167 1541 hactenus
1224 1475 1471 1539 frustra
1527 1476 1595 1539 id
1639 1476 1881 1541 factum
1926 1477 2069 1553 fuit,
2115 1476 2209 1540 ita
2249 1476 2415 1540 nihil
2459 1477 2529 1540 in
2576 1478 2677 1541 fu-

720 1570 949 1626 turum
1005 1561 1240 1626 melius
1294 1562 1722 1645 sperandum,
1778 1563 1904 1625 nisi
1960 1563 2288 1645 principes
2336 1564 2459 1645 ipsi
2513 1562 2677 1627 illud

719 1648 927 1713 invito
964 1648 1273 1729 pontifice
1316 1648 1612 1712 indicant
1656 1657 1718 1711 et
1756 1648 2105 1713 celebrent.

893 1819 1326 1900 Inprimisque
1382 1820 1510 1898 ipsi
1564 1818 1975 1900 confoederati
2026 1821 2294 1900 foederis
2338 1822 2470 1884 sive
2512 1820 2677 1901 liyae

717 1906 1051 1971 catholicae
1081 1925 1205 1985 per
1246 1926 1427 1986 quoS,
1481 1911 1550 1969 ut
1590 1925 1793 1984 supra
1836 1905 2085 1982 didam,
2132 1908 2203 1969 in
2245 1927 2370 1971 uno
2414 1906 2677 1971 articulo

717 1993 1113 2057 constitutum
1155 1996 1243 2052 est
1286 1996 1341 2054 et
1385 1993 1683 2068 iuratum,
1728 1997 1797 2054 ut
1838 1990 2025 2055 velint
2065 1993 2208 2056 totis
2251 1991 2494 2056 viribus
2536 1993 2680 2056 suis

709 2097 1058 2160 procurare
1092 2076 1417 2140 concilium
1452 2078 1612 2157 quod
1645 2077 1713 2139 in
1748 2077 1957 2142 diaeta
1991 2079 2431 2157 ratisponensi,
2472 2083 2541 2142 ut
2576 2098 2679 2142 su-

707 2185 841 2246 pra
895 2163 1130 2228 dictum
1195 2168 1308 2239 est,
1374 2163 1508 2226 sine
1564 2164 1895 2227 autoritate
1949 2184 2274 2228 caesareae
2329 2165 2681 2228 maiestatis

715 2249 843 2331 fuit
883 2248 1247 2312 conclusum.

892 2367 1169 2432 Utinam
1214 2364 1333 2432 hoc
1377 2366 1602 2432 foedus
1660 2391 1789 2432 non
1845 2370 2056 2453 magis
2109 2368 2192 2432 ad
2252 2368 2679 2433 deterrendos

720 2475 760 2518 a
794 2452 1010 2518 studio
1046 2452 1520 2517 reformationis
1555 2452 1761 2519 bonos
1797 2456 1884 2519 sit
1917 2455 2316 2532 institutum,
2362 2475 2560 2536 quam
2595 2453 2680 2519 ad

720 2538 1106 2623 corrigenda
1156 2560 1274 2620 per
1318 2537 1670 2604 concilium
1715 2540 1881 2605 vitia
1926 2540 2378 2608 ecclesiastica.
2469 2540 2682 2605 Geor-

720 2626 866 2709 gius
911 2623 1170 2707 quidem
1218 2622 1545 2689 Saxoniae
1591 2625 1744 2704 dux,
1790 2637 1866 2690 ut
1906 2627 2014 2691 hic
2048 2626 2363 2692 articulus
2398 2627 2479 2691 de
2522 2649 2676 2692 con-
2725 2599 2733 2676 Ι
2832 2704 2845 2716 ⁰

2725 2687 2733 2759 l
2782 2725 2976 2788 gione
3020 2705 3263 2769 solutos
3307 2705 3610 2778 credant.
3669 2710 3777 2774 ubi
3824 2710 3893 2774 in
3937 2721 4078 2774 tam
4120 2709 4381 2774 fidelem
4417 2710 4742 2775 vicarium

2726 2763 2733 2842 Ι
2782 2810 2852 2854 se
2897 2793 3416 2856 exoneraverint.
3507 2793 3690 2857 Nihil
3727 2795 3904 2859 enim
3949 2793 4222 2860 dubium
4266 2804 4395 2872 est,
4442 2796 4607 2878 quin
4647 2798 4749 2862 sic

720 2709 868 2776 cilio
903 2712 1319 2786 insereretur,
1359 2719 1547 2775 autor
1582 2712 1722 2785 fuit,
1769 2712 1883 2777 sed
1904 2734 2030 2795 quo
2067 2712 2284 2776 animo
2309 2733 2459 2777 eum
2493 2734 2677 2778 crea-

720 2806 908 2860 turae
952 2797 1279 2878 pontificis
1321 2805 1465 2859 tum
1506 2796 1919 2875 admiserint,
1975 2799 2173 2862 etiam
2218 2799 2274 2862 si
2314 2799 2439 2881 ipsi
2485 2799 2677 2863 dissi-

719 2882 1112 2956 mulassem,
1170 2882 1335 2964 quod
1384 2903 1516 2945 non
1557 2884 1870 2960 fecerunt,
1918 2895 2140 2948 tamen
2184 2905 2290 2948 res
2334 2883 2477 2966 ipsa
2516 2887 2676 2949 satis

716 2975 1092 3033 testaretur.
1184 2966 1471 3034 solenne
1513 2969 1692 3034 enim
1729 2969 1851 3036 hoc
1896 2970 2144 3037 habent
2178 2972 2429 3054 quoties
2471 2972 2676 3035 refor-

717 3057 1003 3119 matione
1049 3065 1397 3139 urgentur,
1444 3054 1613 3138 quod
1661 3056 1989 3141 Georgius
2033 3056 2338 3137 faciebat,
2383 3058 2674 3139 polliceri

716 3141 1063 3207 concilium
1122 3141 1293 3223 quod
1363 3162 1432 3205 se
1488 3162 1746 3224 semper
1793 3164 1912 3225 pro
1963 3143 2157 3208 libitu
2224 3163 2413 3224 posse
2470 3144 2674 3226 impe-

721 3227 861 3291 dire
901 3249 1037 3291 non
1083 3227 1400 3291 dubitant.

899 3400 1170 3480 Tempus
1206 3400 1371 3462 enim
1395 3405 1805 3480 opportunum
1841 3406 1944 3477 est,
1983 3420 2134 3464 nam
2157 3421 2348 3480 quum
2382 3421 2677 3465 caesarea

720 3486 1021 3548 maiestas
1056 3490 1111 3547 et
1152 3484 1718 3549 christianissimus
1759 3507 1871 3550 rex
1912 3486 2244 3550 Gallorum
2276 3492 2424 3551 sunt
2468 3487 2535 3549 in
2570 3487 2679 3551 hoc

719 3575 986 3635 tractatu
1018 3571 1236 3650 pacis,
1290 3571 1471 3634 cuius
1514 3573 1762 3652 sperari
1793 3577 1995 3652 potest
2057 3571 2220 3653 (Deo
2264 3572 2479 3656 dante)
2520 3573 2677 3654 tini-s

718 3657 1021 3737 optimus,
1068 3656 1331 3736 dumque
1373 3661 1548 3720 tanta
1591 3658 1751 3721 inter
1788 3660 2141 3723 maiestates
2181 3678 2337 3722 suas
2374 3658 2547 3739 faeta
2591 3662 2680 3722 est

722 3742 1071 3806 coniunctio
1113 3743 1498 3819 animorum,
1552 3749 1608 3805 et
1650 3749 1731 3808 tot
1772 3745 1954 3826 siqua
1998 3743 2441 3809 benevolentiae
2483 3744 2677 3810 omni-

721 3827 838 3891 bus
904 3834 1174 3903 ostensa,
1241 3831 1518 3892 omnium
1549 3831 2028 3908 provinciarum
2088 3851 2352 3894 suarum
2396 3832 2677 3913 praelati

723 3916 842 3989 [fol.
892 3919 994 3990 36]
1043 3919 1167 3977 tuto
1210 3919 1263 3976 et
1306 3916 1608 3979 commode
1649 3918 1859 3980 venire
1891 3922 2196 3998 poterunt.

894 4031 1080 4097 Sicut
1141 4034 1490 4099 concilium
1535 4037 1847 4118 pontificii
1892 4037 2078 4118 pium
2120 4046 2190 4101 et
2233 4058 2460 4102 verum
2506 4037 2674 4102 cele-

718 4119 897 4184 brari
930 4120 1221 4200 cupiunt,
1262 4121 1353 4183 ita
1397 4121 1683 4197 student,
1720 4133 1796 4186 ut
1831 4123 2206 4188 monarchis
2241 4124 2416 4186 inter
2454 4145 2524 4187 se
2561 4145 2678 4206 per

716 4205 942 4273 omnia
982 4207 1343 4269 conveniat.
1435 4209 1639 4289 Atqui
1695 4208 1750 4272 si
1804 4208 2059 4273 concilii
2101 4208 2472 4274 celebrandi
2516 4218 2677 4276 tunc

716 4290 968 4373 optima
1007 4303 1106 4354 est
1140 4294 1615 4374 opportunitas,
1662 4293 1819 4359 dum
1854 4295 1900 4357 ii
1936 4293 2065 4358 duo
2099 4294 2508 4374 monarchae,
2556 4296 2677 4359 im-

716 4386 979 4458 perator
1012 4387 1079 4440 et
1100 4400 1217 4441 rex
1246 4377 1607 4455 Gallorum,
1635 4380 1810 4444 inter
1846 4402 1915 4444 sc
1949 4389 2107 4444 sunt
2139 4380 2517 4447 concordes:
2566 4383 2676 4464 qui

715 4463 967 4527 factum
1002 4472 1119 4538 est,
1159 4474 1233 4525 ut
1256 4485 1459 4545 quum
1494 4479 1929 4530 mantuanum
1964 4489 2157 4531 suum
2192 4467 2538 4532 concilium
2575 4470 2679 4532 in·
2727 4478 2732 4513 ²

718 4547 995 4613 dixisset
1036 4548 1287 4613 Paulus
1331 4550 1594 4628 tertius,
1656 4572 1785 4633 quo
1833 4560 2127 4634 tempore
2170 4552 2299 4617 duo
2339 4553 2450 4616 isti
2493 4556 2678 4636 prin·
2727 4536 2732 4593 ἶ
2787 4509 3015 4592 religio
3076 4510 3250 4593 apu‘i
3306 4513 3606 4578 homines
3659 4515 3974 4597 oonapsa’
4035 4514 4115 4579 ad
4175 4522 4542 4579 gammam
4586 4538 4755 4598 quo-

716 4635 894 4716 cipes
935 4635 1321 4717 gravissime
1361 4635 1534 4700 inter
1570 4657 1640 4701 se
1684 4638 2140 4721 confligebant,
2183 4647 2251 4702 et
2284 4639 2356 4702 in
2394 4641 2677 4722 speciem

719 4721 921 4784 etiam
964 4720 1293 4786 celebrare
1315 4722 1694 4803 coepissent,
1741 4725 1962 4788 statim
1996 4731 2191 4807 atque
2225 4724 2528 4790 induciae
2565 4725 2678 4791 de-

718 4806 1023 4871 cennales
1056 4808 1230 4872 inter
1265 4829 1373 4872 eos
1408 4810 1803 4891 compositae
1847 4818 2018 4887 suut,
2070 4813 2478 4875 revocaverit
2512 4832 2675 4894 quos

719 4891 1087 4969 Mantuam,
1133 4904 1210 4958 ut
1250 4894 1439 4961 fucus
1483 4895 1856 4960 nationibus
1900 4897 2116 4974 fieret,
2176 4897 2473 4974 miserat,
2522 4919 2675 4961 con-

719 4976 1068 5060 ciliumque
1113 4980 1204 5044 sic
1249 4978 1605 5057 distulerit,
1649 4989 1725 5044 ut
1768 5003 2030 5046 omnem
2076 4983 2215 5046 eius
2261 5003 2442 5064 spem
2491 4986 2676 5065 peni·
2729 5016 2732 5037 ι

722 5069 830 5146 tus
873 5065 1323 5130 abscinderet?

893 5218 1147 5284 Accedit
1187 5222 1445 5303 insuper
1484 5221 1786 5285 securitas
1820 5206 2336 5287 maeatarum
2377 5224 2681 5304 inprimis

630 5338 635 5347 ·
719 5320 1051 5367 caesareae
1086 5306 1180 5370 vel
1198 5308 1409 5390 reyiae
1435 5308 1799 5386 maiestatiS,
1829 5307 2053 5372 deinde
2087 5308 2470 5389 reliquorum
2494 5311 2678 5390 prin—

2223 391 2746 461 CONSILIUM
2792 395 3081 460 PAULI
3126 394 3251 460 111.

2728 4652 2732 4723 l
2784 4681 3110 4764 discerpta
3153 4682 3350 4747 fidem
3386 4695 3680 4749 nostram
3722 4687 4048 4769 imploret,

4615 404 4742 466 496

2781 585 2994 663 cipum
3036 584 3491 664 catholicorum,
3538 588 3649 668 qui
3682 588 3752 651 in
3776 589 4057 670 privatis
4090 588 4453 654 tractatibus
4490 589 4743 670 aliquid

2782 669 2875 733 vel
2917 669 3262 752 approbare
3296 671 3390 735 vel
3421 674 3781 753 permittere
3808 679 4082 754 possent,
4118 674 4215 738 vel
4244 674 4402 756 forte
4443 675 4610 756 ipsis
4640 676 4743 739 in-

2783 755 2930 820 vitis
2971 757 3408 836 decerneretur,
3451 759 3616 838 quod
3657 765 3811 824 esset
3853 761 3920 823 in
3964 780 4262 843 maynam
4297 760 4426 825 Dei
4465 762 4746 841 offensio-

2783 862 2919 905 nem
2964 848 3016 904 et
3059 843 3421 906 animarum
3452 846 3815 923 perniciem,
3862 850 3930 910 ut
3971 867 4174 927 supra
4216 846 4451 911 dietum
4495 853 4599 911 est.

2955 987 3137 1050 Eant
3180 1008 3356 1053 nunc
3399 990 3510 1071 qui
3553 992 3930 1072 pontificem
3983 1001 4233 1075 negant
4274 992 4353 1056 de
4398 991 4744 1058 servandis

2783 1074 3194 1137 conscientiis
3217 1094 3361 1139 esse
3376 1074 3749 1141 sollicitum.
3803 1077 3868 1141 N
3869 1099 3904 1142 e
3939 1077 4095 1160 quid
4119 1078 4295 1143 enim
4329 1078 4749 1160 suscipienda

2784 1158 3094 1223 ecclesiae
3148 1159 3610 1226 reformatione
3665 1174 3935 1245 peccent
3988 1165 4079 1246 pii
4123 1164 4454 1246 principes
4472 1215 4486 1240 ,
4547 1175 4614 1228 et
4670 1166 4746 1228 in

2783 1265 2860 1309 eo
2895 1245 3362 1310 conscientiam
3392 1267 3605 1312 suam
3653 1249 3975 1334 saucient,
4042 1250 4300 1314 mavult
4361 1249 4532 1316 hanc
4588 1271 4746 1315 eon·

2783 1330 3123 1395 scientiam
3165 1351 3384 1400 coram
3428 1333 3572 1397 Deo
3616 1344 3685 1398 et
3727 1335 4107 1401 hominibus
4150 1337 4501 1412 sustinere,
4548 1344 4630 1399 ut
4673 1358 4746 1400 se

2784 1423 3011 1480 autore
3053 1437 3187 1481 non
3240 1417 3450 1481 solum
3505 1441 3635 1483 non
3693 1421 4111 1505 corrigantur
4165 1423 4512 1486 manifesta
4558 1424 4741 1501 vitia,

2781 1521 2949 1584 quae
2985 1503 3056 1565 in
3092 1502 3435 1568 ecclesiam
3482 1506 3884 1585 invaserunt,
3913 1507 4027 1571 sed
4070 1507 4358 1588 quotidie
4393 1510 4591 1572 etiam
4621 1530 4743 1573 au-

2780 1597 3082 1670 geantur.
3174 1587 3351 1668 Quid
3393 1592 3568 1653 enim
3612 1591 3791 1656 aliud
3828 1602 3927 1658 est
3968 1595 4435 1659 correctionem
4474 1595 4748 1659 reiicero

2780 1675 2849 1736 in
2896 1673 3276 1753 concilium,
3323 1697 3518 1757 quam
3562 1699 3754 1741 omne
3798 1678 4166 1762 corrigendi
4212 1679 4508 1743 studium
4598 1701 4746 1743 ror-

2782 1781 2893 1823 sus
2938 1760 3260 1826 abiicere?
3353 1762 3450 1826 Ac
3497 1763 3741 1828 bellum
3784 1773 3959 1829 certe
4004 1775 4468 1848 argumentum
4513 1787 4550 1829 o
4596 1775 4664 1829 te
4711 1802 4746 1815 ·

2784 1844 2984 1908 ditur:
3026 1856 3292 1927 possent
3327 1847 3572 1929 aliquid
3610 1851 3987 1932 approbare,
4025 1852 4132 1915 vel
4169 1850 4521 1916 concedere
4557 1852 4746 1934 prin-

2783 1933 2956 2013 cipes
2975 1983 2988 2006 ,
3049 1941 3270 2014 posset
3326 1933 3570 2017 aliquid
3614 1935 3841 2000 invitis
3898 1938 4056 2019 ipsis
4104 1938 4397 2014 decerni,
4454 1937 4627 2018 quod
4671 1939 4744 2001 in

2783 2038 3093 2100 magnam
3159 2019 3422 2084 cederet
3497 2019 3624 2085 Dei
3688 2023 4112 2087 offensionem
4203 2034 4270 2087 et
4365 2023 4746 2087 animarum

2785 2103 3156 2184 perniciem.
3246 2105 3327 2169 Id
3371 2128 3527 2189 ergo
3570 2108 3839 2189 periculi
3887 2118 3964 2172 ut
4007 2110 4235 2186 vitent,
4282 2108 4556 2174 concilio
4597 2131 4740 2173 me-

2783 2188 2911 2252 lius
2966 2199 3067 2253 est
3131 2191 3352 2255 omnia
3414 2194 3801 2276 corrigenda
3869 2193 4186 2278 delegare.
4305 2195 4472 2258 Eius
4539 2216 4741 2278 porro

2783 2276 3185 2340 convocandi
3207 2277 3552 2341 arbitrium
3587 2299 3788 2360 penes
3811 2281 4186 2362 pontificem
4229 2281 4340 2346 sits
4378 2281 4523 2361 quis
4561 2282 4744 2345 enim

2782 2361 3037 2424 dubitet
3092 2359 3373 2427 fideliter
3416 2363 3726 2428 daturum
3776 2387 4068 2448 operam,
4114 2375 4188 2430 ut
4230 2368 4439 2448 primo
4478 2387 4746 2449 quoque

2783 2446 2888 2510 die
2942 2448 3253 2529 cogatur?
3347 2449 3596 2531 Nempe
3644 2451 4068 2516 indictionem
4135 2452 4369 2516 saltem
4433 2461 4746 2517 mantua-

2783 2553 2936 2596 nam
2983 2533 3438 2617 promulgabit,
3486 2556 3654 2618 quae
3688 2559 3842 2601 mox
3885 2538 3956 2600 in
4002 2539 4257 2602 fumum
4297 2537 4502 2602 abeat
4585 2538 4744 2616 ¹Iam

2782 2619 2979 2683 nimis
3023 2620 3385 2685 meticulosi
3446 2632 3603 2685 sunt
3658 2624 4014 2706 principes,
4071 2624 4201 2689 nisi
4246 2645 4318 2688 se
4363 2625 4544 2688 omni
4585 2625 4745 2688 reli-

2782 2897 2822 2939 a
2858 2875 3095 2942 iudicio
3113 2879 3243 2942 Dei
3278 2877 3659 2943 liberentur.
3731 2884 3933 2963 Atqui
3959 2882 4322 2964 periculum
4342 2881 4527 2960 illud,
4566 2883 4745 2963 quod

2781 2963 2906 3026 iste
2950 2968 3065 3039 [fol.
3092 2967 3199 3042 37]
3239 2973 3376 3028 tam
3411 2964 3818 3032 formidabile
3853 2969 4026 3045 facit,
4074 2989 4156 3032 ne
4193 2967 4347 3050 quid
4393 2989 4748 3051 perperam

2783 3048 3173 3113 decernatur
3216 3060 3332 3114 aut
3373 3051 3792 3132 concedatur,
3853 3054 4045 3136 quale
4088 3063 4188 3119 est
4229 3054 4352 3120 hoc
4395 3055 4742 3137 tempore?

2780 3136 3030 3199 Petunt
3069 3136 3245 3199 enim
3270 3147 3722 3219 protestantes,
3750 3149 3827 3203 ut
3861 3140 3945 3204 ad
3969 3161 4287 3219 normam,
4313 3162 4513 3223 quam
4537 3141 4747 3205 semel

2780 3221 2967 3285 Deus
3022 3242 3140 3303 per
3195 3223 3518 3304 apostolos
3572 3227 3791 3307 posuit
3842 3244 3908 3290 et
3961 3228 4282 3309 sanguine
4326 3226 4582 3291 Christi
4638 3228 4746 3292 sui

2780 3308 3218 3384 confirmavit,
3266 3308 3574 3374 ecclesiae
3619 3312 4075 3377 reformentur.
4167 3314 4277 3376 An
4320 3312 4749 3395 evangelium

2779 3390 2953 3474 quod
2991 3394 3173 3457 Deus
3209 3395 3387 3457 omni
3420 3404 3761 3461 creaturae
3797 3398 4008 3485 voluit
4041 3396 4403 3480 praedicari
4438 3406 4578 3463 tam
4625 3399 4746 3463 ob-

2781 3500 3046 3544 scurum
3111 3488 3238 3555 est,
3306 3489 3381 3544 ut
3436 3481 3769 3547 nesciatur
3833 3505 3960 3567 quo
4006 3506 4125 3548 nos
4170 3483 4409 3549 ducat?
4502 3483 4749 3550 Nonne

2780 3565 3119 3647 exemplar
3159 3565 3331 3648 qued
3377 3588 3728 3648 sequamur
3785 3569 4101 3635 habemus
4144 3571 4214 3634 in
4258 3570 4467 3634 veteri
4511 3578 4578 3634 et
4618 3592 4748 3652 pu-

2779 3651 2951 3715 riore
2995 3651 3308 3717 ecclesia?
3400 3652 3464 3717 N
3465 3674 3637 3717 onne
3694 3664 3961 3720 exstant
4015 3665 4081 3719 et
4124 3654 4387 3721 decreta
4429 3666 4745 3720 veterum

2780 3738 3197 3801 conciliorum
3245 3750 3310 3801 et
3349 3747 3612 3820 patrum
3656 3741 4023 3806 sententiae
4066 3742 4228 3805 satis
4271 3741 4519 3819 clarae,
4573 3763 4749 3824 quae

2782 3822 3094 3888 adiuvare
3136 3845 3257 3888 nos
3302 3836 3366 3887 et
3413 3826 3598 3906 quasi
3644 3826 3925 3910 dirigere
3962 3826 4043 3891 ad
4079 3847 4347 3910 scopum
4382 3828 4747 3909 poterunt?

2780 3907 2889 3973 Ad
2935 3908 3094 3975 haec
3141 3930 3227 3973 an
3272 3919 3578 3992 putamus
3621 3912 3848 3977 fallere
3893 3913 4255 3991 Christum,
4293 3935 4506 4001 *quum
4550 3915 4750 3996 spiri·

2726 4004 2730 4055 1
2782 4004 2922 4057 tum
2981 4016 3174 4059 suum
3218 3994 3563 4078 pollicetur
3608 3998 3938 4078 omnibus,
3999 4000 4107 4082 qui
4155 4021 4236 4063 ex
4281 3997 4475 4064 corde
4520 4002 4748 4083 ipsum

2778 4081 3275 4146 invocaverint?
3365 4084 3491 4156 Tot
3535 4084 3953 4151 adminiculis
4001 4106 4203 4168 quum
4248 4106 4368 4150 nos
4413 4086 4752 4151 Dominus

2781 4168 3142 4243 confirmet,
3188 4168 3311 4234 hoc
3356 4191 3560 4233 unum
3605 4170 4213 4236 terriculamentum
4247 4191 4369 4235 nos
4411 4171 4750 4254 percellet,

2783 4274 2865 4316 ne
2910 4274 3096 4335 opem
3144 4254 3312 4318 ferre
3358 4256 3668 4321 ecclesiae
3723 4266 4016 4321 extremo
4072 4257 4358 4340 periculo
4418 4257 4752 4322 laboranti

2783 4337 3157 4417 audeamus,
3204 4342 3570 4405 timendum
3611 4363 3770 4419 esse,
3814 4365 3897 4407 ne
3932 4343 4087 4425 quid
4131 4364 4477 4425 perperam
4517 4347 4752 4409 incon·

2783 4423 2953 4488 sulto
2975 4445 3246 4488 romano
3278 4428 3586 4507 pontifice
3620 4430 3752 4492 fiat.
3828 4429 4108 4493 Interim
4141 4450 4343 4511 quum
4375 4438 4514 4493 tota
4537 4430 4754 4495 ferme

2785 4595 3131 4661 dammodo
3191 4599 3446 4661 minam
3491 4599 3787 4679 inclinet,
3848 4623 4047 4683 quum
4104 4600 4376 4665 ecclesia
4420 4601 4639 4667 lacera
4681 4613 4759 4666 et

4095 4688 4441 4770 sponsione
4478 4689 4759 4769 pontifi-

2784 4768 2875 4831 cis
2920 4768 3174 4832 suffulti
3221 4771 3466 4835 securis
3511 4773 3749 4835 animis
3792 4772 4329 4838 connivebimus?

2965 4990 3141 5071 Quod
3194 4995 3254 5058 si
3308 4994 3395 5059 ad
3447 4995 3779 5061 concilium
3844 4998 4133 5061 reiectum
4183 4996 4326 5075 erit,
4395 4997 4772 5062 maiestates

2783 5097 2936 5142 suae
2979 5083 3034 5140 et
3077 5078 3308 5159 reliqui
3350 5100 3558 5145 omnes
3598 5080 3907 5146 vacabunt
3946 5083 4114 5147 omni
4157 5082 4362 5162 culpa.

2961 5221 3168 5305 Quasi
3227 5248 3382 5290 vero
3425 5247 3723 5309 unquam
3770 5226 4142 5292 habendum
4190 5229 4305 5306 sit,
4362 5229 4414 5292 si
4461 5238 4776 5311 potestas

2789 5309 2917 5373 illis
2967 5308 3418 5377 demandetur.
