5100 6061
399 417 522 479 377

398 627 488 704 eo·
506 607 763 689 fuqiunt
819 607 886 670 in
931 606 1171 685 primis
1215 603 1528 685 periculo,
1586 599 1746 682 quod
1800 602 2208 679 sempiternae
2251 599 2351 662 illi

397 695 693 757 miseriae
727 693 1002 755 maxime
1033 692 1377 772 finitimum
1399 688 1807 770 proscimeque
1842 688 2208 751 adiunctum
2244 690 2347 748 est.
2383 743 2386 748 .

401 778 617 858 Neque
663 799 768 860 eqo
812 779 919 841 hoc
962 779 1032 840 in
1073 777 1182 841 hoc
1224 777 1357 839 dieo
1401 793 1566 836 nunc
1608 773 1760 852 heo,
1805 793 1929 836 non
1973 791 2177 868 omnes
2211 791 2353 867 pee-

397 883 544 929 care
589 863 880 940 homines,
926 884 1048 927 non
1087 884 1293 928 omncs
1332 882 1459 938 nos,
1505 858 1710 940 quoad
1751 858 1912 922 hanc
1954 858 2226 920 vivimus
2260 878 2352 919 vi-

396 955 551 1028 tam,
613 952 682 1014 in
727 950 1011 1032 periculo
1067 970 1303 1029 semper
1347 968 1475 1012 esse
1529 949 1780 1027 (sumus
1824 945 1987 1008 enim
2019 943 2211 1023 plane
2227 992 2241 1019 ,
2299 946 2352 1004 et

399 1037 784 1114 aberramus,
829 1040 884 1100 et
928 1037 1313 1116 offendimus,
1358 1039 1414 1095 et
1456 1033 1731 1097 labimur
1775 1030 2087 1124 interdum
2123 1048 2350 1125 omnes,

397 1124 670 1203 saepius,
719 1123 955 1200 rarius,
990 1127 1183 1202 prout
1226 1120 1446 1200 cuique
1488 1138 1608 1181 sua-
1650 1121 1705 1179 et
1746 1137 1824 1180 ex
1857 1115 1992 1180 Deo
2037 1119 2234 1177 insita
2267 1114 2353 1175 ad

405 1229 468 1273 se
514 1208 910 1274 cohibendum
951 1210 1154 1271 virtus
1209 1208 1391 1285 inest)
1449 1207 1871 1267 verumtamen
1916 1205 2169 1281 peccata
2221 1218 2354 1263 cae-

399 1301 548 1372 tera,
582 1296 961 1375 praesertim
1004 1314 1167 1374 quae
1208 1312 1330 1355 non
1376 1289 1607 1355 iudicio
1651 1287 1880 1365 stabili,
1925 1286 2034 1382 sed
2055 1287 2353 1382 perfra-

392 1382 698 1462 ‚qilitatem
743 1382 1028 1444 admissa
1064 1383 1445 1460 patrataque
1481 1383 1639 1450 sunt,
1683 1375 1768 1438 ad
1804 1393 2036 1436 summi
2071 1371 2200 1436 Dei
2235 1391 2352 1433 mi-

393 1468 802 1531 sericordiam
845 1467 1094 1547 facilem
1139 1465 1404 1528 reditum
1449 1460 1684 1538 habent.
1757 1457 1947 1523 Illud
1981 1463 2186 1520 autem
2211 1478 2351 1552 pec-

393 1559 600 1618 eatum
642 1552 938 1617 horribile
979 1558 1034 1615 et
1069 1548 1656 1632 pertimescendum,
1713 1564 1830 1626 quo
1884 1564 2077 1607 ‘orave
2129 1544 2352 1607 colitur

1760 411 2226 477 EPISTOLA
2269 414 2399 479 AD
2445 414 3024 482 GENEVA'JJES.

4277 428 4401 489 378

2455 622 2566 665 nos
2616 604 3060 668 constituamus
3118 607 3202 669 in.
3240 605 3363 672 loco
3422 609 3525 690 (de
3577 630 3645 672 re
3698 609 3916 690 loquor
3958 613 4147 677 veluti
4188 613 4403 695 dubia,

2455 709 2614 768 quae
2658 693 2862 752 tamen
2907 710 3029 753 non
3073 695 3209 774 est),
3256 699 3321 755 ut
3354 693 3459 772 ibi,
3506 695 3782 775 inquam,
3822 699 4251 778 consistamus,
4295 702 4403 766 ubi

2454 777 2670 836 minus
2689 775 2880 838 multo
2915 777 3088 839 nobis
3121 779 3367 843 timoris
3403 786 3586 860 atque
3608 783 3900 863 periculi,
3937 783 4224 868 lonyeque
4244 786 4403 867 plus

2456 859 2592 938 spei
2634 864 2688 921 et
2732 860 3080 925 alacritatis
3120 865 3505 928 ostenditur?
3592 867 3787 931 Nemo
3818 868 3940 946 hoc,
3985 873 4178 950 credo,
4222 894 4402 955 περα-

2456 949 2641 1007 turus
2682 945 2842 1007 milii
2885 951 2989 1024 est,
3033 950 3187 1027 quin
3246 951 3315 1012 in
3363 972 3426 1014 re
3472 954 3733 1033 ancipiti
3773 959 3827 1017 et
3880 956 4102 1033 dubia,
4161 960 4230 1022 in
4272 979 4403 1039 qua

2448 1032 2824 1110 praesertim
2869 1052 3117 1096 summa
3174 1037 3384 1117 ayitur
3424 1038 3588 1102 vitae
3630 1044 3685 1102 et
3725 1039 3951 1105 salutis
4003 1049 4245 1108 nostrae
4258 1094 4272 1123 ,
4331 1045 4403 1109 id

2446 1116 2665 1196 potius
2722 1135 2935 1197 capere
2988 1124 3041 1180 et
3092 1122 3270 1198 sequi
3323 1124 3568 1187 consilii
3612 1125 3966 1204 debeamus,
4024 1131 4187 1209 quod
4238 1131 4402 1195 ratio

2455 1199 2633 1263 nobis
2672 1205 2963 1280 suaserit,
3008 1225 3197 1284 quam
3241 1209 3403 1285 quod
3442 1210 3703 1289 fortuita
3748 1212 4032 1278 obtulerit
4070 1219 4401 1282 temeritas.

2477 1286 2813 1351 Videamus
2866 1289 3067 1369 iqitur
3110 1296 3255 1354 utra
3296 1295 3367 1356 in
3398 1300 3610 1374 parte,
3668 1302 3725 1359 et
3767 1298 3839 1360 in
3879 1305 4026 1364 utra
4066 1307 4230 1367 secta
4271 1322 4403 1366 ma-

2458 1373 2561 1435 ius
2592 1373 2676 1435 sit
2712 1394 2753 1435 a
2784 1372 2920 1436 Deo
2966 1375 3209 1457 lonqius
3253 1398 3365 1440 nos
3400 1383 3766 1460 removendi,
3812 1393 3867 1447 et
3910 1387 3996 1449 ad
4026 1394 4403 1467 perpetuum

2457 1459 2720 1521 exitium
2755 1459 3028 1538 propius
3060 1482 3173 1524 nos
3204 1464 3571 1530 admovendi
3592 1470 3962 1548 periculum.
4040 1475 4238 1552 Quam
4272 1494 4402 1538 rem

2454 1545 2548 1607 ita
2593 1564 2780 1625 aqam
2824 1550 2881 1607 et
2915 1566 3282 1626 proponam,
3318 1555 3513 1629 quasi
3558 1553 3815 1618 habeam
3858 1579 3964 1621 ros
4007 1559 4209 1624 adhuc
4249 1560 4402 1623 deli-

401 1639 609 1716 Deus,
656 1642 764 1719 qui
810 1639 1145 1702 rectissime
1191 1634 1357 1700 (lebet
1398 1634 1544 1711 coli,
1602 1638 1659 1696 et
1714 1652 1833 1711 quo
1872 1611 2056 1710 J'alsa
2112 1629 2186 1691 de
2240 1628 2349 1691 illo
2455 1629 2762 1706 bera-ntes,
2822 1632 3079 1693 necdum
3151 1636 3352 1698 animi
3416 1643 3631 1716 certos,
3702 1662 3963 1720 quorum
4014 1647 4235 1724 potius
4291 1650 4400 1709 aut

399 1727 783 1800 sentiuntur,
838 1724 949 1805 qui
994 1729 1082 1788 est
1125 1741 1370 1786 summa
1407 1719 1576 1783 solus
1620 1719 1878 1781 veritas:
1922 1714 2111 1812 illud,
2169 1713 2346 1810 illud,

397 1812 688 1892 inquam,
746 1816 834 1875 est
878 1815 1225 1890 peccatum,
1280 1807 1442 1888 quod
1501 1825 1624 1868 non
1667 1803 1883 1900 'solum
1938 1821 2008 1864 in
2050 1819 2349 1879 pra-simo

384 1899 671 1978 periculo
724 1899 961 1961 aeterni
1014 1897 1172 1959 mali
1225 1914 1337 1958 nos
1390 1891 1725 1967 constituit,
1784 1888 1894 1983 sed
1939 1906 2117 1984 ‘spem
2148 1906 2349 1983 prope

392 1984 583 2048 etiam
625 1989 679 2047 et
722 1988 1006 2047 conatum
1063 1979 1420 2045 declinandi
1465 1982 1519 2038 et
1557 1975 1838 2056 fuyiendi
1881 1974 2200 2070 ‘eiu-smodi
2232 1992 2348 2067 pe-

394 2069 585 2134 riculi
631 2069 805 2133 nobis
845 2070 1066 2149 aufert.
1162 2068 1336 2130 Nam
1391 2064 1652 2143 reliquis
1696 2066 1926 2122 nostres
1973 2080 2039 2120 in
2073 2062 2347 2137 peccatis

2399 1715 2402 1760 ἵ
2453 1715 2876 1779 voluntatibus
2911 1716 3171 1797 obsequi,
3208 1725 3317 1783 aut
3351 1723 3627 1786 consilii-s
3648 1727 3892 1793 credere
3911 1730 4195 1795 debeatis.
4241 1731 4399 1796 Dis-

2453 1801 2713 1880 ceptatio
2754 1807 2859 1879 est,
2904 1807 3113 1866 utrum
3152 1812 3391 1871 vestrae
3432 1810 3621 1872 saluti
3664 1815 3865 1894 mayis
3906 1818 4211 1898 expediat,
4254 1839 4399 1899 yra-

2451 1888 2700 1966 tiusque
2743 1888 2880 1952 Deo
2916 1909 3018 1950 vos
3048 1891 3325 1970 facturos
3369 1896 3750 1975 existimetis,
3793 1902 3851 1962 si
3896 1921 3967 1964 ea
4011 1903 4401 1967 credideritis

2452 1974 2748 2053 eritisque
2789 1975 3061 2053 sequuti,
3117 1997 3275 2056 quae
3329 1981 3579 2044 ecclesia
3627 1984 3922 2049 catholica
3963 1989 4258 2053 cunct-um·
4277 2010 4399 2069 per

2452 2060 2653 2121 orbem
2709 2064 3024 2123 terrarum
3080 2083 3276 2126 annos
3338 2065 3465 2129 iam
3518 2069 3689 2132 mille
3744 2075 3801 2132 et
3854 2074 4211 2156 quinqentos
4266 2096 4398 2139 am-

391 2160 692 2235 tanquam
737 2157 802 2217 in
849 2156 1011 2218 vitae
1047 2154 1335 2232 fluctibus
1377 2151 1494 2214 illa
1539 2154 1742 2211 tamen
1786 2143 2058 2208 anchora
2100 2147 2347 2206 nostrae
2397 2155 2402 2188 ⁴
2444 2145 2643 2227 plius,
2689 2149 2797 2206 aut
2852 2147 2937 2226 (si
2980 2147 3220 2211 claram
3273 2157 3622 2233 certamque
3664 2177 3875 2219 rerum
3915 2165 4233 2241 gestarum
4275 2181 4397 2224 me-

393 2242 578 2305 navis
627 2241 810 2306 salva
869 2246 984 2319 est,
1040 2261 1198 2322 quae
1253 2257 1364 2301 nos
1400 2234 1678 2318 prohibet
1723 2254 1764 2295 a
1808 2231 2052 2325 scopulo
2094 2235 2149 2293 et
2191 2249 2348 2292 nau-

391 2327 602 2410 fraqio
620 2378 634 2403 ,
689 2328 851 2408 quod
904 2328 1297 2410 coqitationcs
1355 2321 1665 2386 interdum
1723 2323 1971 2381 nostras
2023 2335 2093 2378 in
2136 2313 2348 2378 Deum

396 2413 812 2490 coniieientes,
871 2418 924 2476 et
968 2413 1247 2476 stimulis
1289 2409 1571 2472 dolommi
1603 2410 1864 2499 propter
1895 2405 2148 2498 peccata
2193 2420 2347 2464 com-

389 2500 637 2580 puncti,
682 2502 890 2563 tacitis
934 2499 1255 2580 suspiriis,
1300 2500 1354 2560 et
1397 2493 1771 2573 confessione
1811 2492 2169 2569 iniquitatis
2208 2506 2347 2583 nos-

394 2589 527 2649 trae
595 2586 772 2650 illius
835 2585 1333 2649 misericordiam
1404 2579 1874 2671 imploramus..
1920 2575 2128 2653 Atque
2153 2659 2163 2670 .
2193 2592 2343 2652 ipse,

394 2677 464 2734 ut
499 2671 788 2735 bonitatis
834 2677 889 2733 et
930 2671 1283 2735 clementiae
1305 2667 1537 2749 plenus
1573 2668 1676 2739 est,
1713 2662 1981 2740 flectitur
2013 2663 2227 2722 statim
2261 2658 2346 2720 ad

398 2758 853 2839 iqnoscendum,
897 2777 1182 2836 moreque
1207 2756 1314 2835 pii
1337 2752 1557 2832 patris
1589 2748 1868 2845 liliorum
1901 2763 2161 2840 suorum
2197 2749 2345 2840 [pag.

403 2849 506 2921 18]
542 2863 763 2924 preces
792 2845 1092 2923 placatus
1135 2841 1421 2906 admittit.
1509 2838 1602 2900 At
1654 2856 1722 2896 in
1780 2833 1886 2896 hoc
1943 2829 2346 2928 truci-horri-

393 2927 625 3008 bilique
676 2934 924 3009 peccato
983 2932 1424 3010 praeposterae
1475 2923 1797 3016 falsaeque
1852 2918 2170 3014 rel-iqionis
2213 2934 2345 3004 ,nec

391 3013 604 3079 Deum
646 3015 821 3081 nobis
855 3038 962 3079 nec
999 3015 1333 3078 anchoram
1368 3009 1644 3091 amplius
1676 3005 2133 3101 relinquimuss
2180 3002 2345 3099 Qum·

379 3106 639 3183 propter
679 3101 787 3166 hoc
817 3103 1158 3184 praecipue
1190 3098 1544 3180 periculum
1563 3145 1576 3172 ,
1629 3095 1860 3174 fratres
1905 3110 2240 3188 carissimi,
2284 3110 2344 3186 si

390 3187 555 3251 salvi
600 3209 730 3252 esse
782 3189 1065 3252 volumus
1081 3239 1094 3266 ,
1150 3183 1620 3251 accuratissime
1662 3185 1716 3243 et
1757 3177 2213 3242 studiosissime
2254 3197 2345 3238 vi-

391 3274 651 3337 tandum
698 3273 876 3339 nobis
919 3279 1022 3338 est.
1120 3272 1324 3337 Potest
1366 3269 1466 3331 hic
1509 3267 1664 3343 dici,
1721 3284 1914 3345 quum
1956 3263 2051 3326 vel
2094 3282 2343 3343 corrup-

2451 2232 2718 2294 moriam
2772 2236 2829 2293 et
2885 2233 3171 2296 notitiam
3223 2239 3617 2323 quaerimus)
3685 2262 3880 2306 annos
3932 2246 4067 2309 iam
4122 2247 4398 2326 amplius

2449 2317 2623 2380 mille
2665 2322 2719 2379 et
2758 2320 3066 2398 trecentos,
3108 2341 3328 2403 maqno
3371 2343 3668 2389 consensu
3709 2330 4090 2409 comprobat:
4134 2352 4220 2395 an
4253 2332 4399 2397 haee

2451 2423 2611 2482 quae
2653 2403 2824 2482 vafri
2867 2403 3160 2485 homines,
3206 2413 3400 2489 atque,
3443 2416 3512 2472 ut
3547 2411 3671 2475 sibi
3703 2415 3833 2493 ipsi
3865 2417 4167 2494 videntur,
4212 2419 4399 2499 acuti,

2451 2488 2755 2551 adversus
2798 2493 2880 2551 tot
2923 2493 3312 2558 saeculorum
3351 2515 3538 2560 usum
3580 2503 3634 2561 et
3676 2505 3887 2564 contra
3905 2509 4282 2583 perpetuam
4312 2525 4400 2569 ec-

2450 2574 2675 2637 elesiae
2717 2576 3131 2657 autoritatem,
3171 2579 3274 2643 his
3316 2583 3506 2646 annis
3547 2585 3821 2664 quinque
3864 2593 3918 2651 et
3960 2590 4185 2671 viyinti
4226 2591 4400 2654 inno-

2455 2663 2783 2722 vaverunt.-
2839 2663 2949 2740 qui
3009 2668 3155 2741 [pag.
3196 2671 3302 2744 20]
3360 2673 3517 2731 certe
3568 2671 3696 2749 ipsi
3748 2665 4045 2737 catholica
4086 2694 4212 2739 non
4254 2682 4401 2740 sunt

2450 2748 2717 2809 ecclesia.
2806 2745 2927 2809 Est
2969 2749 3134 2812 enim
3178 2752 3474 2818 catholica
3517 2756 3764 2819 ecclesia
3780 2808 3793 2835 ,
3837 2764 3905 2822 ut
3944 2759 4207 2824 breviter
4250 2762 4398 2842 defi-

2448 2832 2731 2909 niamuS,
2790 2853 2951 2911 quac
3006 2835 3073 2896 in
3129 2839 3297 2900 omni
3353 2844 3629 2905 anteacto
3672 2848 3726 2906 et
3766 2843 4057 2909 hodierno
4113 2850 4394 2927 tempore,

2449 2918 2619 2979 omni
2663 2918 2731 2979 in
2769 2918 3012 2999 reqione
3055 2925 3396 3003 terrarum,
3454 2927 3522 2989 in
3573 2927 3816 2992 Christo
3871 2951 4002 2993 una
4050 2937 4108 2995 et
4149 2952 4395 2997 consen-

2449 3004 2623 3082 tiens,
2666 3023 2791 3068 uno
2839 3004 3076 3070 Christi
3118 3010 3353 3088 spiritu
3386 3012 3614 3094 ubique
3655 3019 3711 3079 et
3752 3038 3988 3098 semper
4021 3017 4251 3083 directa
4288 3023 4393 3099 est,

2449 3091 2518 3152 in
2563 3110 2688 3170 qua
2724 3111 2805 3153 nu
2814 3090 2965 3153 llum
2991 3099 3197 3173 potest
3228 3097 3568 3163 dissidium
3612 3103 3936 3167 exsistere:
3982 3106 4185 3169 omnis
4225 3106 4394 3169 enim

2446 3198 2519 3239 ea·
2564 3178 2725 3239 inter
2766 3196 2834 3240 se
2885 3198 3157 3243 connexa
3209 3189 3266 3245 et
3314 3188 3682 3267 conspirans
3725 3196 3830 3254 est.
3913 3190 4087 3270 Quod
4134 3191 4191 3254 si
4237 3191 4392 3271 quid

2447 3263 2687 3326 accidat
2725 3262 3136 3329 dissensionis
3187 3274 3246 3331 et
3296 3269 3578 3350 dissidii,
3634 3295 3932 3357 maqnum
3975 3276 4223 3356 quidem
4265 3297 4394 3341 cor-

386 3363 503 3437 tae,
549 3360 646 3424 vel
682 3362 954 3443 inteqrae
996 3358 1319 3442 reliyionis
1362 3356 1544 3418 ‘caria
1588 3353 1719 3415 sint
1762 3349 2020 3426 iudicia,
2057 3354 2108 3410 et
2143 3348 2344 3413 diver-
2438 3369 2568 3429 pus
2612 3349 2897 3412 ccclesiae
2939 3352 3103 3415 idem
3135 3365 3477 3437 permanet,
3518 3359 3589 3439 fit
3634 3367 3839 3425 autem
3882 3367 4227 3444 apostema,
4273 3384 4391 3442 quo

393 3465 502 3509 sae
544 3445 891 3524 hominum,
948 3448 1019 3510 in
1062 3444 1168 3508 hoc
1204 3441 1587 3524 praesertim
1640 3442 1904 3517 tempore
1921 3485 1936 3514 ,
1991 3436 2341 3533 senten-tiae,

392 3532 685 3613 aliusque
720 3532 828 3598 hoc
861 3533 1055 3610 modo,
1099 3532 1210 3596 illo
1244 3529 1419 3594 alius
1452 3527 1901 3618 interpretetur,
1943 3523 2103 3583 satis
2137 3522 2342 3619 videri

393 3616 622 3695 debere,
669 3620 729 3683 si
772 3619 1201 3699 unusquisque
1244 3616 1328 3679 ad
1371 3613 1442 3676 id
1482 3611 1644 3691 quod
1676 3626 1963 3689 primum
2006 3613 2342 3704 occurrerit

388 3705 758 3769 credendum
809 3707 1044 3770 sincero
1098 3704 1310 3768 animo
1363 3697 1634 3774 accedat,
1686 3712 1990 3789 suumque
2031 3692 2340 3791 iudicium

386 3790 705 3855 submittat
760 3790 1079 3856 hominum
1127 3810 1192 3852 se
1244 3786 1582 3853 doctiorum
1637 3786 1695 3845 et
1737 3785 2119 3859 peritiorum
2173 3780 2341 3877 iudi-

386 3877 521 3940 ciis.
615 3876 873 3956 Fateor,
924 3878 1161 3957 fratres
1204 3870 1551 3945 carissimi,
1607 3867 1725 3930 has
1769 3884 1898 3927 esse
1936 3884 2104 3929 voces
2146 3865 2340 3963 homi-

385 3982 534 4025 num
570 3964 1048 4045 simpliciorum,
1093 3969 1147 4026 et
1181 3978 1444 4042 quorum
1481 3955 1735 4036 inqenia
1767 3956 1998 4013 natura
2032 3949 2339 4016 hebetiora

386 4054 564 4112 sunt‘:
621 4070 775 4129 quos
829 4049 942 4130 qui
994 4048 1350 4128 detorquent
1409 4048 1463 4105 et
1519 4037 1882 4129 abstrahunt
1926 4056 1968 4099 a
2011 4038 2117 4100 via
2156 4044 2338 4135 reeta,

389 4136 602 4199 maius
645 4135 747 4199 illi
785 4135 977 4198 multo
1027 4136 1098 4199 in
1141 4155 1207 4199 se
1239 4133 1559 4214 peccatum
1614 4124 1864 4188 habent:
1919 4143 2068 4219 nam
2107 4130 2340 4204 peritis

388 4222 636 4302 quidem
691 4226 746 4284 et
803 4221 1055 4284 callidis
1108 4222 1306 4284 oratio
1354 4218 1479 4279 ista
1533 4232 1657 4276 non
1696 4211 1996 4309 {convenit
2093 4212 2216 4274 »Sed
2270 4215 2339 4307 ut

388 4327 554 4371 nunc
597 4308 892 4387 temporis
935 4327 1126 4370 causa
1173 4305 1492 4385 confi-tear,
1547 4296 1834 4361 omnibus
1890 4300 2012 4359 ista
2052 4300 2106 4359 et
2146 4297 2339 4361 doctis

386 4399 439 4456 et
492 4394 758 4457 indoctis
813 4393 1051 4457 incerta
1108 4413 1237 4457 esse
1291 4387 1486 4473 (quod
1528 4390 1724 4448 tamen
1773 4387 1858 4445 cst
1900 4402 2104 4461 secus,
2162 4382 2338 4479 habet

385 4480 550 4542 enim
592 4478 892 4543 catholica
945 4479 1194 4543 ecclesia
1255 4481 1481 4541 certam
1532 4470 1840 4552 reyulam,
1897 4489 2024 4549 qua
2077 4492 2116 4568 a
2175 4489 2337 4533 veris

381 4564 555 4646 falsa
599 4564 959 4645 discernat),
1019 4584 1260 4641 verum,
1297 4567 1452 4637 este,
1497 4557 1898 4653 concedamus
1940 4556 2133 4653 dubia
2177 4575 2336 4619 esse.-

382 4671 599 4729 nonne,
637 4652 933 4731 quoniam
968 4652 1041 4714 dc
1063 4650 1349 4729 periculo
1381 4650 1627 4710 nostrae
1661 4643 1891 4739 salutis
1925 4647 2153 4740 ayitur,
2190 4663 2336 4741 quo-

379 4738 561 4801 niam
597 4737 852 4800 animas
885 4743 1145 4813 nostras,
1190 4736 1299 4800 hoc
1331 4739 1437 4810 est,
1471 4733 1704 4793 nosmet
1741 4748 1908 4807 ipsos
1929 4730 2206 4808 plurimi
2236 4730 2335 4809 fa-

312 4876 316 4885 .
379 4824 596 4900 cimus,
643 4843 752 4885 nec
791 4843 952 4886 nunc
996 4816 1065 4886 in
1108 4822 1437 4886 discrimen
1479 4821 1591 4879 aut
1621 4816 2037 4897 fortunarum,
2083 4822 2195 4878 aut
2228 4837 2334 4879 va-

380 4908 711 4985 letudiniS,
771 4914 878 4972 aut
933 4910 1120 4971 etiam
1171 4908 1447 4987 corporis
1503 4907 1559 4964 et
1609 4901 1895 4965 mortalis
1936 4900 2130 4968 liu-ius
2171 4908 2334 4973 vitae

379 4997 663 5059 venimus
730 5000 1024 5074 (quorum
1087 4994 1366 5057 omnium
1423 4991 1734 5053 iacturam
1792 4988 1922 5052 viri
1973 4990 2162 5070 fortes
2207 5014 2332 5073 pro

385 5078 631 5145 Christo
665 5085 719 5145 et
743 5101 868 5161 pro
903 5100 1024 5143 sna
1055 5080 1274 5143 anima
1308 5080 1651 5143 constanter
1691 5095 1874 5156 saepe
1906 5080 2330 5163 pertulerunt)

379 5167 489 5231 sed
531 5168 608 5230 de
651 5166 828 5230 nobis
868 5166 937 5229 id
977 5170 1123 5244 [pag.
1170 5170 1273 5244 19]
1319 5162 1684 5236 decernitur,
1723 5167 1934 5226 utrum
1969 5169 2332 5247 sempiterne

380 5251 754 5328 miserrimi,
798 5273 884 5315 an
928 5252 1272 5316 beatissimi
1312 5253 1514 5316 simus
1554 5248 1799 5327 victuri,
1846 5251 2330 5333 circumspicere,

379 5339 805 5415 considerare,
849 5339 1237 5421 perpendere
1294 5337 1620 5419 diliqenter
1664 5356 1774 5401 nos
1829 5343 2086 5419 oportet,
2143 5344 2208 5401 ut
2264 5359 2330 5404 eo

2445 3439 2739 3515 corrupta
2779 3435 2993 3517 aliqua
3030 3459 3193 3519 caro,
3237 3442 3314 3506 ab
3346 3447 3664 3510 animante
3693 3468 3915 3529 corpus
3946 3453 4227 3513 cunctum
4262 3451 4392 3529 spi-

2444 3522 2577 3584 ritu
2617 3521 2870 3584 divulsa
2912 3529 3273 3607 secernitur,
3318 3550 3425 3594 nec
3467 3532 3543 3595 de
3562 3558 3565 3561 ’
3586 3532 3933 3598 substantia
3966 3535 4232 3599 ulterius
4262 3555 4392 3598 cor-

2437 3608 2617 3688 poris
2663 3606 3057 3672 ecclesiastici
3099 3619 3203 3677 est.
3296 3615 3443 3680 Non
3487 3640 3592 3701 eqo
3633 3619 3733 3684 hic
3774 3621 4094 3685 dei-eniam
4138 3622 4223 3686 ad
4264 3622 4396 3684 sin·

2440 3691 2629 3775 qulas
2674 3712 2882 3754 rerum
2927 3696 3382 3776 disputationes
3399 3752 3413 3780 ,
3471 3726 3661 3785 neque
3704 3728 3891 3770 aures
3934 3712 4172 3770 vestras
4214 3708 4395 3785 copia

2443 3777 2765 3842 verborum
2819 3783 3001 3860 atque
3053 3794 3555 3868 arqumentorum
3613 3793 3884 3856 onerabo.
3981 3792 4307 3855 Tacebitur
4349 3813 4392 3856 a

2443 3884 2538 3927 me
2568 3883 2732 3925 nunc
2762 3864 2838 3926 de
2872 3866 3269 3949 eucharistia,
3313 3875 3377 3936 in
3414 3898 3538 3957 qua
3572 3898 3685 3941 nos
3719 3878 4117 3941 verissimum
4154 3876 4391 3941 Christ-i

2443 3970 2668 4029 eorpus
2702 3949 3056 4018 adoramus.
3135 3958 3263 4022 Isti
3305 3980 3456 4025 sane
3486 3984 3725 4043 parum-
3765 3964 3954 4043 qna-ri
3999 3964 4390 4043 quemadmo-

2440 4038 2594 4100 dum
2629 4035 2699 4132 ’ξπ
2730 4056 3092 4119 unoquoque
3120 4066 3335 4127 qenerc
3360 4048 3673 4111 doctrinae
3704 4046 3990 4111 adhibere
4026 4055 4391 4130 aryumenta

2441 4128 2495 4186 et
2537 4128 2811 4185 rationes
2865 4133 3163 4208 oporteat,
3223 4152 3296 4194 ea·
3355 4134 3580 4197 alienis
3624 4139 3678 4197 et
3719 4134 3894 4217 lonqe
3936 4135 4208 4201 diversis
4250 4136 4390 4200 dia-

2441 4210 2683 4273 lecticae
2739 4209 3072 4305 inanisque
3115 4217 3549 4298 philosophiae
3608 4220 3981 4297 rationibuS,
4043 4220 4389 4284 Dominum

2441 4298 2655 4375 ipsum
2696 4302 3005 4378 universi,
3052 4308 3107 4365 et
3149 4304 3429 4368 divinam
3486 4307 3553 4368 in
3609 4327 3675 4369 eo
3730 4307 4246 4387 spiritualemque
4274 4328 4388 4387 po-

2439 4383 2723 4457 tentiani,
2769 4403 2929 4461 quae
2960 4408 3231 4466 prorsus
3274 4391 3471 4455 libera
3515 4396 3571 4455 et
3614 4392 3865 4471 infin-ita
3910 4398 4024 4470 est,
4082 4394 4149 4455 in
4194 4415 4386 4475 anqu-

2440 4470 2532 4533 los
2565 4486 2887 4545 corporeae
2920 4478 3201 4555 naturae,
3234 4497 3392 4557 quae
3426 4479 3564 4540 suis
3597 4478 3885 4543 cancellis
3915 4480 4386 4560 circumscripta

2439 4560 2543 4632 est,
2589 4560 2893 4617 conantur
2924 4559 3250 4626 includere.
3320 4563 3468 4628 Non
3512 4565 3731 4645 loquar
3766 4566 3842 4629 dc
3885 4566 4258 4646 confessione
4303 4565 4387 4628 ad

2438 4641 2806 4705 sacerdotem
2851 4651 3274 4721 pcccatorum:
3341 4651 3407 4712 in
3466 4671 3621 4731 qua,
3675 4652 3839 4731 quod
3894 4652 4244 4715 niaximum
4298 4655 4385 4715 est

2437 4732 2685 4791 nostrae
2724 4727 2953 4794 salutis
2991 4733 3492 4815 fundamentum,
3547 4757 3697 4801 vera
3741 4737 4088 4802 christiana
4131 4735 4384 4801 humili-

2436 4819 2564 4890 tas,
2616 4819 2671 4877 et
2713 4835 2754 4877 a
2797 4817 3114 4897 scriptura
3157 4822 3603 4901 demonstrata,
3661 4830 3716 4888 et
3772 4824 3849 4887 ab
3870 4870 3877 4875 -
3901 4823 4151 4887 ecclesia
4193 4842 4383 4904 prae-

2437 4906 2607 4981 cepta
2651 4918 2724 4962 ac
2765 4904 3092 4971 constituta
3133 4914 3249 4971 est.-
3301 4929 3493 4988 quam
3539 4910 3648 4973 isti
3690 4909 4129 4988 humilitatem,
4175 4914 4229 4972 ct
4260 4929 4383 4989 per

2436 4987 2793 5053 calumnias
2836 4988 3106 5071 eludere,
3163 5000 3217 5056 et
3263 5000 3407 5073 [pag.
3448 5000 3555 5074 21]
3590 5016 3711 5077 per
3753 4996 4183 5078 arrogantiam
4225 4996 4383 5058 abii-

2435 5094 2567 5139 cere
2615 5074 3000 5142 studuerunt.
3096 5080 3298 5145 Silebo
3352 5082 3426 5145 de
3470 5081 3792 5164 precibus,
3855 5087 3967 5145 aut
4025 5086 4382 5147 sanctorum

2424 5182 2549 5243 pro
2592 5160 2765 5222 nobis
2806 5164 2979 5241 apud
3020 5165 3258 5247 Deum,
3306 5172 3416 5230 aut
3457 5168 3690 5231 nostris
3720 5188 3842 5248 pro
3884 5169 4176 5231 mortuis.-
4219 5187 4382 5249 quas

2433 5250 2625 5312 iidem
2667 5248 2776 5311 isti
2818 5270 3009 5327 quum
3064 5260 3479 5334 aspernantur
3520 5259 3573 5318 et
3628 5253 3917 5333 irrident,
3971 5273 4195 5334 easque
4245 5254 4381 5318 nul-

2434 5335 2565 5400 lius
2608 5337 2865 5417 penitus
2921 5359 3053 5403 esse
3106 5342 3391 5404 momenti
3445 5341 3686 5418 dicunt,
3743 5340 3898 5420 quid
3952 5341 4197 5405 tandem
4252 5339 4379 5404 sibi
