5100 6061
2521 210 2558 249 Χ

2096 428 2831 496 PROLEGOMENA.
2988 415 2996 429 ’
3047 518 3048 521 ¹
4302 437 4478 504 Lm

452 621 702 688 zelotem
751 620 1040 703 Nicopoli
1099 618 1519 701 Pamphiliae.
1608 619 1752 684 Iam
1796 618 1942 700 quis
2001 618 2123 683 sub
2175 619 2298 684 hoc
2341 619 2610 684 Ioannis
2655 619 2919 685 Zelotae
2962 622 3225 685 nomine
3269 620 3500 701 lateat,
3555 622 3741 687 nullo
3786 626 4100 707 temporis
4142 632 4477 692 momento

456 733 643 799 nobis
700 731 972 797 dubium
1024 730 1153 796 fuit
1174 781 1189 809 ,
1242 732 1355 814 qui
1406 731 1619 814 primo
1674 731 1895 794 statim
1957 730 2191 796 obtutu
2247 728 2631 794 Wendelini
2686 732 2894 795 nostri
2963 731 3213 796 Rihelii
3284 739 3478 815 typos
3535 742 3602 798 et
3654 735 4017 817 scripturae
4070 736 4473 820 compendia,

453 845 638 910 nobis
682 863 875 926 quam
920 842 1209 907 maxime
1247 843 1657 908 familiariter
1698 843 1975 926 cognita,
2023 841 2592 925 deprehendimus,

764 957 912 1040 Age
956 974 1133 1034 vero,
1178 953 1354 1037 quod
1398 955 1719 1019 curiosius
1764 953 2190 1036 exspectabis,
2236 960 2534 1018 autorem
2578 951 2931 1018 Calvinum
2976 953 3095 1018 tibi
3142 953 3664 1021 demonstremus
3710 965 3980 1040 oportet.
4045 959 4245 1024 Hunc
4287 960 4474 1027 nobis

459 1067 944 1136 commendabit
986 1067 1347 1132 amicorum
1390 1066 1597 1148 ipsius
1642 1085 1778 1129 non
1821 1065 2049 1129 infimo
2092 1065 2231 1129 loco
2272 1064 2489 1129 clarus
2531 1063 2816 1128 Ioannes
2862 1062 3245 1144 SieidanuS,
3292 1056 3973 1152 historiographorum
4018 1069 4196 1135 illius
4239 1072 4474 1138 aetatis

457 1180 947 1257 celeberrimus,
1004 1200 1208 1262 eoque
1263 1174 1404 1261 ipso
1450 1197 1622 1243 anno
1672 1181 1835 1240 1540
1880 1177 2306 1260 Argentorati
2352 1174 2626 1260 degens,
2682 1173 3060 1257 quotidiana
3103 1176 3238 1240 fere
3281 1178 3751 1243 consuetudine
3795 1178 4074 1246 Calvino
4117 1183 4474 1265 proximus.

454 1293 523 1358 Is
568 1291 641 1355 in
686 1291 822 1357 suis
864 1290 945 1354 de
988 1295 1164 1354 statu
1209 1288 1545 1372 religionis
1581 1297 1648 1354 et
1688 1290 1784 1352 rei
1827 1288 2127 1371 publicae
2167 1287 2404 1354 Oarolo
2451 1286 2702 1367 Quinto
2746 1286 3029 1351 Caesare
3074 1290 3559 1353 commentariis
3594 1289 3760 1354 libro
3803 1292 4003 1357 XIII.
4065 1292 4148 1357 ad
4192 1314 4249 1358 a.
4291 1299 4475 1360 1540.

450 1402 658 1489 (Edit.
703 1402 1007 1468 Francos.
1073 1404 1254 1465 1786.
1301 1402 1373 1466 Τ.
1420 1401 1511 1466 11.
1557 1423 1618 1483 p.
1651 1405 1764 1464 181
1806 1401 2013 1483 seqq.)
2059 1400 2219 1464 haec
2262 1398 2476 1475 habet,
2521 1419 2687 1481 quae
2736 1398 3039 1479 quamvis
3088 1398 3282 1479 paulo
3319 1400 3529 1464 fusius
3572 1402 3900 1482 exposita,
3948 1404 4207 1487 integra
4252 1414 4475 1470 tamen

455 1514 561 1581 hic
607 1534 932 1597 apponere
977 1533 1210 1595 operae
1250 1513 1538 1594 pretium
1578 1513 1731 1576 erit:

767 1624 871 1690 De
919 1624 1237 1690 cardinali
1290 1623 1603 1689 Farnesio
1668 1643 1870 1704 supra
1926 1624 2226 1688 diximus,
2332 1612 2406 1685 Is
2450 1622 2703 1685 Lutetia
2751 1620 3158 1686 Parisiorum
3192 1621 3507 1703 profectus
3552 1644 3693 1687 cum
3738 1622 4006 1691 Caesare
4044 1627 4172 1709 fuit
4214 1628 4285 1690 in
4328 1627 4477 1693 Bel—

455 1740 650 1822 9ium,
696 1736 1136 1801 adolescentiae
1179 1736 1289 1799 vix
1330 1756 1615 1818 cyressus
1656 1756 1853 1800 annos
1864 1759 1884 1814 ,·
1939 1739 1994 1798 et
2042 1732 2370 1799 Caesarem
2412 1733 2666 1815 indiqne
2708 1733 2927 1797 tulisse
2964 1733 3179 1814 ferunt
3193 1783 3207 1811 ‚
3254 1735 3419 1813 quod
3465 1755 3591 1799 non
3633 1735 3903 1815 aliquem
3947 1742 4145 1803 aetate
4196 1738 4477 1805 consilio-

459 1870 577 1931 que
625 1868 883 1932 yravem
924 1847 1213 1929 pontifex
1268 1848 1557 1912 misisset.
1652 1848 1858 1929 Quum
1910 1847 2106 1929 iqitwr
2161 1846 2236 1910 de
2277 1845 2576 1927 reliqione
2589 1895 2603 1922 ,
2659 1844 2851 1924 deque
2895 1844 3044 1908 bello
3087 1845 3318 1909 turcico
3361 1845 3686 1910 incidisset
3724 1847 4104 1928 deliberatiO,
4162 1856 4217 1914 et
4266 1849 4476 1915 Gran—

461 1960 745 2025 vellanus
796 1957 983 2023 verba
1039 1957 1311 2039 fecisset,
1367 1950 1720 2023 Farnesius
1760 1958 2008 2023 tandem
2022 2009 2037 2037 ,
2071 1961 2400 2038 praesente
2448 1954 2714 2020 Caesare
2755 1960 2938 2035 atque
2984 1954 3389 2022 Ferdinando
3427 1977 3593 2039 reqe,
3658 1959 4023 2023 sententiam
4057 1960 4232 2040 dicit,
4265 1964 4475 2042 ponti-

457 2073 630 2154 ficem
694 2070 875 2137 valde
928 2090 1148 2151 cupere
1186 2090 1406 2150 paoem
1459 2074 1514 2135 et
1566 2071 2024 2135 consensionem
2074 2069 2480 2145 Germaniae,
2536 2067 2645 2131 sed
2685 2066 2870 2131 talem
2911 2087 3071 2147 quae
3114 2066 3252 2131 Deo
3294 2069 3379 2132 sit
3420 2089 3542 2133 non
3584 2069 3865 2152 inqrata,
3924 2090 4146 2152 cupere
4179 2072 4365 2137 etiam
4404 2078 4476 2137 ut

458 2204 630 2249 omne
682 2183 875 2247 robur
917 2182 1284 2263 expediatur
1326 2182 1395 2244 in
1446 2182 1746 2246 Turoam:
1798 2181 1907 2247 sed
1959 2180 2045 2245 ad
2095 2180 2454 2262 reliqionem
2495 2183 2552 2242 et
2579 2182 2991 2259 protestantes
3034 2179 3197 2259 quod
3241 2180 3472 2259 attinet,
3515 2200 3640 2246 non
3682 2182 3868 2245 semel
3911 2157 4050 2247 cum
4093 2182 4227 2248 illis
4271 2189 4476 2250 actum

456 2315 588 2361 esse
627 2295 703 2360 de
743 2294 1070 2359 concordia
1084 2342 1098 2371 ‚
1136 2293 1509 2374 praesertim
1551 2294 1620 2357 in
1662 2294 1989 2376 Anqustae
2026 2291 2319 2369 comitiis,
2364 2294 2421 2354 et
2462 2289 2805 2354 exhibitam
2848 2289 2925 2353 ab
2963 2288 3100 2354 illis
3140 2296 3274 2355 tum
3313 2291 3516 2373 fuisse
3570 2292 3884 2358 doctainae
3937 2314 4094 2359 suae
4146 2295 4475 2376 confessio-

457 2428 624 2473 nem.-
668 2406 832 2488 quod
873 2425 1024 2470 sane
1066 2405 1397 2485 scriptum,
1442 2404 1580 2469 licet
1620 2406 1848 2470 multos
1889 2403 2107 2469 habeat
2146 2422 2414 2480 errores,
2459 2400 2538 2465 ab
2583 2402 2748 2481 ipsis
2789 2405 2997 2466 tamen
3039 2403 3275 2466 interea
3318 2404 3402 2467 sit
3443 2404 3743 2469 violatum
3755 2429 3777 2485 ,·
3827 2405 4036 2485 itaque
4078 2426 4271 2487 quum
4312 2407 4477 2473 nihil

456 2521 606 2584 certi
647 2523 990 2602 sequantur
1030 2522 1210 2598 atque
1253 2521 1561 2595 statuant,
1615 2522 1672 2582 et
1712 2517 1840 2580 sint
1883 2521 2187 2597 tanquam
2230 2514 2548 2597 anquillae
2601 2511 2899 2591 lubricae,
2956 2512 3121 2577 nihil
3176 2534 3317 2578 cum
3369 2516 3534 2596 ipsis
3588 2516 3899 2599 ayendum
3956 2537 4088 2583 esse
4135 2522 4474 2599 praeterea.

464 2630 791 2714 Superiori
835 2630 1023 2694 etiam
1067 2648 1228 2693 anno
1269 2649 1485 2710 reqem,
1530 2628 1779 2692 hortatu
1820 2624 2333 2709 Brandeburqici
2368 2624 2714 2707 principis,
2760 2624 3025 2688 alteram
3062 2626 3415 2692 instituisse
3457 2648 3598 2691 cum
3639 2627 3804 2709 ipsis
3857 2630 4155 2693 actionem
4169 2680 4184 2707 ,
4239 2630 4350 2695 sed
4403 2631 4474 2695 in

454 2745 596 2824 ipso
638 2744 881 2820 limine,
926 2741 1090 2822 quod
1127 2741 1255 2805 dici
1297 2740 1471 2816 solet,
1527 2740 1671 2805 illos
1711 2740 2063 2821 impeqisse,
2122 2757 2230 2802 nec
2271 2735 2517 2799 obscure
2559 2736 3038 2814 demonstrasse,
3099 2757 3288 2816 quam
3327 2739 3456 2801 sint
3498 2740 3711 2803 animo
3754 2761 3795 2802 a
3840 2741 4165 2805 concordia
4207 2762 4473 2821 prorsus

453 2855 671 2920 alieno.
768 2856 974 2935 Quum
1016 2854 1180 2917 enim
1222 2852 1301 2916 ab
1344 2852 1543 2934 officio
1599 2852 1782 2915 semel
1830 2856 1887 2916 et
1939 2871 1983 2912 a
2036 2850 2378 2929 disciplina
2431 2847 2814 2925 recesserint,
2867 2867 2933 2910 eo
2985 2868 3148 2913 nunc
3202 2870 3333 2913 esse
3373 2870 3771 2932 proqressos,
3829 2857 3898 2913 ut
3941 2853 4297 2932 pontificem
4349 2874 4473 2918 non

455 2968 842 3034 emendatum
859 3018 873 3045 ,
919 2965 1029 3032 sed
1071 2965 1436 3028 exstinctum
1451 3014 1466 3043 ,
1510 2969 1565 3027 et
1605 2964 1761 3027 vitia
1803 2983 1927 3027 non
1970 2961 2244 3040 sublata,
2299 2961 2406 3025 sed
2448 2959 2658 3042 ipsam
2700 2959 3101 3040 apostolicam
3147 2960 3354 3025 sedem
3407 2961 3597 3025 velint
3652 2963 4088 3044 exstirpatam,
4145 2969 4215 3027 ut
4267 2967 4474 3030 omnis

449 3081 600 3145 inde
639 3079 997 3144 iurisdictio
1039 3081 1292 3142 corruat
1335 3077 1758 3141 ecclesiastica.
1838 3075 2159 3156 Quumque
2199 3074 2269 3138 id
2312 3073 2459 3137 ausi
2506 3059 2750 3153 fuerint
2802 3077 2942 3136 ante
2994 3091 3231 3136 annum
3270 3074 3662 3153 proximum,
3708 3073 4008 3154 Europae
4056 3080 4224 3140 statu
4268 3077 4471 3158 paulo

447 3191 899 3273 tranquilliori,
941 3189 1097 3271 quid
1138 3207 1303 3253 nunc
1345 3187 1628 3251 credibile
1664 3188 1747 3251 sit
1787 3207 1888 3251 eos
1921 3186 2217 3267 facturos,
2250 3204 2412 3265 pace
2452 3184 2727 3248 nondum
2767 3182 3096 3247 constituta
3137 3204 3277 3248 cum
3326 3184 3582 3250 Galliae
3634 3206 3800 3268 reqe,
3858 3192 3916 3250 et
3960 3187 4169 3251 Turca
4210 3208 4472 3254 rursum

452 3306 807 3370 imminente
855 3301 1210 3366 Pannoniis
1225 3300 1261 3363 ,9
1349 3301 1678 3364 Nimirum
1719 3300 1791 3364 in
1828 3297 1944 3363 hac
1987 3306 2323 3378 temporum
2364 3294 2721 3361 calamitate
2760 3294 2953 3359 multo
2984 3295 3234 3376 futuros
3277 3315 3407 3361 esse
3432 3299 3870 3376 proterviores.
3964 3298 4097 3362 Nec
4138 3319 4267 3364 esse
4305 3303 4470 3382 quod

442 3419 751 3499 putentur
791 3413 869 3478 ab
907 3413 1189 3477 instituto
1218 3431 1408 3493 posse
1449 3411 1781 3476 dimoveri.-
1824 3430 1931 3474 nec
1972 3410 2137 3474 enim
2167 3427 2383 3489 pauca
2426 3405 2733 3487 quaedam
2775 3407 2848 3470 in
2889 3408 3366 3472 controversiam
3422 3409 3630 3474 venire
3645 3460 3660 3488 ‚
3717 3409 3826 3473 sed
3866 3409 3944 3474 de
3978 3410 4286 3490 plurimis
4327 3413 4470 3497 doq-

450 3529 639 3594 matis
682 3526 1036 3607 disceptari.
1104 3524 1349 3589 Deinde
1376 3543 1578 3604 prope
1610 3523 1914 3588 incertum
1956 3541 2102 3599 esse,
2145 3518 2499 3585 cuiusmodi
2541 3518 2627 3581 sit
2665 3518 2944 3582 ineunda
2988 3519 3330 3598 concordia,
3374 3539 3568 3600 quwm
3610 3521 3774 3584 inter
3815 3541 3881 3586 se
3924 3521 4272 3588 dissideant
4312 3526 4471 3605 ipsi:

456 3661 609 3706 nam
651 3640 853 3704 aliam
894 3657 1024 3702 esse
1046 3632 1348 3714 'Batti-eri,
1408 3635 1609 3700 aliam
1661 3632 1951 3716 Zuinqlii
1992 3631 2341 3697 doctrinam
2355 3680 2370 3708 ,
2418 3649 2495 3693 ne
2537 3629 2693 3709 quid
2749 3629 3001 3692 interim
3044 3629 3119 3692 de
3161 3630 3428 3710 reliquis
3469 3632 3720 3696 dicatur
3763 3635 3976 3698 sectis.-
4032 3640 4087 3701 et
4125 3639 4192 3698 ut
4235 3654 4471 3701 concor-

456 3753 603 3818 diae
645 3770 788 3832 spes
830 3748 1049 3829 aliqua
1091 3748 1193 3826 sit,
1238 3746 1380 3812 illos
1422 3752 1623 3811 tamen
1662 3766 1784 3810 non
1826 3764 1956 3809 esse
1987 3742 2323 3826 parituros
2375 3721 2660 3805 ecclesiae
2697 3759 2996 3804 romanae
3010 3791 3025 3818 ,
3092 3742 3223 3805 nisi
3258 3743 3460 3807 multa
3503 3744 3668 3823 ipsis
3708 3745 3971 3810 invicem
3999 3739 4466 3826 permittantur,

450 3863 762 3928 nimirum
815 3860 1061 3942 inteyra
1113 3879 1328 3923 coenae
1366 3857 1633 3923 Domini
1665 3856 2006 3938 perceptiO,
2064 3854 2421 3935 coniuqium
2461 3852 2850 3917 sacerdotum
2892 3857 2950 3915 et
2991 3851 3063 3916 id
3100 3872 3298 3935 qenus
3339 3853 3505 3917 alia.-
3559 3875 3718 3935 quae
3761 3856 4011 3937 quidem
4052 3857 4187 3921 sine
4218 3857 4468 3938 publico

451 3976 686 4041 decreto
728 3993 850 4037 non
892 3973 1020 4036 sint
1071 3971 1482 4035 immutanda.
1581 3969 1727 4034 Iam
1769 3970 1831 4032 si
1873 3969 2021 4050 quis
2063 3968 2232 4033 dicat
2247 4016 2261 4044 ‚
2317 3963 2464 4028 haec
2512 3964 2653 4029 illis
2706 3964 2817 4027 otii
2859 3964 3201 4027 communis
3256 3969 3315 4028 et
3367 3966 3851 4046 tranquillitatis
3892 3986 4087 4031 causa
4128 3969 4372 4032 concedi
4415 3974 4470 4033 et

455 4105 817 4152 consensum
868 4089 1018 4165 post
1059 4083 1389 4163 impetrari
1423 4101 1610 4163 posse
1652 4081 1743 4145 vel
1781 4081 2016 4146 summi
2052 4077 2373 4161 pontificis
2414 4077 2511 4141 vel
2553 4076 2741 4140 etiam
2784 4074 3056 4154 concilii,
3108 4096 3232 4141 non
3273 4077 3437 4141 male
3478 4078 3727 4158 quidem
3770 4078 3941 4142 istud
3981 4078 4139 4156 dici,
4184 4081 4291 4144 sed
4331 4081 4468 4162 fore

451 4204 522 4262 ut
563 4198 665 4263 illi
717 4216 863 4261 mox
907 4215 1045 4259 eam
1097 4194 1455 4276 facultatem
1511 4194 1862 4272 arripiant,
1917 4212 2040 4256 non
2082 4193 2430 4271 exspectata
2472 4186 2935 4267 confirmatione
2963 4186 3243 4266 publica.
3355 4188 3531 4269 Quod
3586 4190 3646 4253 si
3698 4188 3841 4269 fiat,
3892 4209 4129 4253 omnem
4181 4211 4283 4255 eos
4338 4213 4470 4256 esse

441 4312 837 4393 proiecturos
878 4306 1126 4372 concilii
1168 4325 1416 4384 curam,
1460 4326 1590 4386 qua
1627 4305 1874 4386 quidem
1920 4324 1995 4368 ex
2035 4322 2104 4366 re
2145 4320 2376 4383 maqna
2418 4301 2505 4363 sit
2546 4299 2791 4363 oritura
2835 4297 3064 4393 dipisio
3095 4319 3219 4380 per
3262 4299 3465 4364 orbem
3509 4300 3933 4365 christianum
3951 4351 3966 4379 ,
4013 4303 4263 4380 quando
4306 4304 4469 4368 vide-

452 4424 589 4489 licet
643 4443 685 4485 a
747 4419 1128 4483 Germaniae
1182 4417 1412 4481 ritibus
1472 4417 1693 4482 Gallia
1750 4421 1807 4481 et
1864 4413 2191 4494 Hispania
2244 4416 2300 4476 et
2356 4411 2555 4476 Italia
2614 4415 2669 4475 et
2721 4410 3000 4489 reliquae
3045 4412 3408 4490 provinciae
3454 4411 3648 4493 plane
3684 4411 4088 4477 dissidebunt.
4185 4414 4362 4495 Quod
4403 4416 4465 4480 si

450 4534 675 4602 deinde
728 4531 1059 4595 concilium
1109 4530 1269 4611 forte
1323 4530 1720 4594 mutationem
1780 4529 2015 4609 factam
2068 4529 2124 4589 et
2186 4524 2271 4590 ad
2326 4528 2564 4604 tempus
2620 4541 2969 4587 concessam
3020 4521 3318 4602 improbet
3374 4527 3431 4585 et
3495 4525 3878 4587 contrarium
3931 4545 4169 4605 quoque
4212 4530 4462 4604 statum,

450 4646 694 4711 nullam
735 4644 869 4725 fore
912 4662 1083 4724 spem
1132 4641 1408 4721 amplius
1458 4640 1528 4703 in
1571 4641 1741 4704 viam
1774 4637 2150 4704 revocandae
2196 4635 2574 4700 Germaniae
2620 4635 2760 4699 suis
2801 4635 2872 4695 in
2927 4634 3323 4714 opinionibus
3365 4635 3497 4698 iam
3539 4635 3962 4716 confirmatae,
4017 4642 4073 4701 et
4106 4638 4463 4717 perieulum

451 4778 585 4825 esse
627 4777 703 4820 ne
735 4758 1163 4836 protestantes,
1200 4754 1363 4835 quod
1403 4773 1600 4817 unum
1643 4753 1712 4815 in
1743 4751 1985 4832 primis
2020 4748 2378 4824 moliantur,
2421 4747 2694 4828 reliquos
2728 4746 2915 4809 etiam
2959 4745 3206 4808 ordines
3249 4746 3333 4807 ad
3374 4745 3767 4826 defectionem
3809 4749 4148 4828 impellant.
4240 4748 4463 4814 Caesa-

448 4891 585 4936 rem
632 4868 840 4949 ipsum
882 4885 1005 4929 non
1058 4866 1374 4946 iqnorare,
1430 4862 1945 4944 quemadmodum
1988 4860 2289 4925 anteactis
2343 4859 2533 4923 annis
2581 4857 2683 4922 illi
2735 4857 2811 4921 de
2859 4856 3113 4936 coqendo
3157 4857 3409 4922 concilio
3451 4858 3758 4922 decretum
3798 4861 4053 4940 sec-erint
4095 4862 4166 4923 in
4207 4861 4462 4941 imperii

450 4981 739 5056 comitiis,
808 4977 1137 5040 autoritate
1179 4995 1301 5039 sua
1336 4976 1631 5056 quadam,
1671 4977 1811 5056 ipso
1845 4995 1969 5038 non
2017 4972 2301 5037 consulto.
2396 4970 2496 5034 Ne
2529 4969 2682 5049 quid
2716 4987 2857 5050 erqo
2889 4966 3095 5031 simile
3118 4966 3382 5046 posthac
3412 4970 3544 5049 fiat,
3582 4992 3713 5036 esse
3734 4972 4213 5051 providendum.
4285 4972 4460 5057 Haec

456 5092 663 5151 autem
706 5088 841 5152 ideo
886 5108 1017 5152 sese
1066 5088 1324 5169 referre,
1389 5108 1507 5166 quo
1553 5087 1805 5151 videant
1852 5090 2104 5165 uterque
2139 5084 2295 5165 quid
2327 5082 2708 5165 sperandum
2752 5081 2835 5142 sit
2868 5098 2945 5142 ex
2981 5078 3262 5159 privatis
3295 5080 3433 5145 illis
3467 5082 3813 5147 actionibus
3846 5088 3900 5145 et
3934 5083 4266 5162 colloquiis.
4357 5085 4460 5151 De

440 5218 605 5282 pace
639 5219 779 5264 cum
815 5199 949 5264 illis
985 5203 1189 5263 actum
1224 5219 1356 5264 esse
1395 5197 1813 5278 Schuinfurti‚
1860 5202 1913 5261 et
1936 5202 2082 5279 post
2118 5194 2501 5277 Noriberqae
2531 5192 2734 5274 fuisse
2766 5194 2994 5270 pactas
3028 5191 3335 5271 inducias,
3373 5195 3694 5257 constituta
3719 5214 3953 5275 poena.-
3999 5195 4106 5258 sed
4139 5195 4297 5276 illos,
4336 5218 4459 5262 non

451 5309 672 5375 habita
717 5313 958 5376 ratione
1005 5314 1162 5375 tanti
1216 5310 1519 5392 beneficii,
1577 5310 1845 5374 violasse
1895 5314 2088 5389 pacta
2142 5326 2447 5386 suumque
2499 5304 2719 5386 foedus
2763 5302 3021 5366 auxisse
3065 5303 3243 5367 novis
3287 5306 3630 5370 multarum
3678 5305 4000 5369 civitatum
4046 5313 4230 5389 atque
4273 5310 4458 5389 prin·
