5100 6061
773 430 899 494 263

774 614 1001 697 Quid?
1061 616 1289 680 Aaron
1331 634 1533 698 quum
1567 612 1845 678 vitulum
1891 632 1931 676 a
1973 632 2043 675 se
2086 611 2442 676 conflatum
2483 610 2722 694 populo

775 700 986 767 Israel
1027 700 1397 766 ostenderet
1436 697 1676 797 <Exod.
1726 701 1804 760 32
1825 749 1841 773 ,
1886 699 1990 779 4),
2038 717 2113 761 ac
2155 696 2444 761 irrisorie
2480 696 2725 762 diceret

776 809 889 853 eos
911 807 1049 852 esse
1075 785 1251 867 deos,
1290 807 1329 851 a
1362 783 1598 869 quibus
1635 781 1847 848 educti
1873 787 2094 846 essent
2128 802 2164 845 e
2199 789 2377 846 terra
2411 783 2721 866 Aegypti,

779 893 1001 938 nonne
1042 871 1154 936 ille
1199 872 1370 936 serio
1407 866 1921 935 assentiebatur?
1966 888 2202 950 nempe
2247 868 2483 947 Deum,
2527 889 2725 950 quem

781 959 1258 1041 redemptorem
1318 978 1509 1021 suum
1578 953 2026 1035 libertatisque
2093 975 2303 1037 nuper
2366 954 2722 1036 acquisitae

780 1042 1112 1110 vindicem
1168 1063 1300 1107 non
1358 1039 1755 1117 abnuebant,
1814 1041 1885 1103 in
1940 1039 2144 1104 vitulo
2200 1048 2419 1103 tamen
2457 1059 2723 1105 cernere

783 1129 1113 1195 volebant:
1174 1127 1343 1210 quod
1393 1147 1593 1210 prope
1647 1123 1769 1191 sibi
1827 1123 2052 1190 adesse
2107 1147 2242 1190 non
2286 1124 2719 1203 confidebant,

781 1215 912 1280 nisi
964 1214 1412 1298 praesentibus
1466 1212 1683 1294 ipsum
1736 1210 1939 1276 oculis
1992 1212 2423 1275 intuerentur.
2492 1211 2724 1293 Itaque

785 1300 1052 1366 solenne
1074 1299 1204 1363 Dei
1238 1319 1496 1362 sacrum
1531 1318 1735 1379 quum
1772 1297 1854 1361 ab
1889 1297 2155 1361 Aarone
2190 1296 2505 1362 indictum
2536 1296 2584 1379 ¹)
2622 1318 2723 1362 es-

783 1392 914 1463 sct,
969 1383 1136 1448 nihil
1189 1382 1594 1463 restitabant‚
1633 1403 1752 1448 nec
1798 1381 2338 1465 deprecabantur:
2379 1381 2492 1448 sed
2527 1404 2723 1465 quam

781 1471 925 1535 Deo
978 1470 1231 1536 viventi
1276 1468 1552 1552 gloriam
1595 1468 1749 1532 dare
1797 1467 2126 1545 volebant,
2173 1490 2317 1532 eam
2358 1487 2574 1533 coram
2621 1469 2723 1533 vi·

776 1555 919 1620 tulo
959 1577 1074 1620 ceu
1111 1562 1364 1636 spectro
1401 1555 1540 1618 eius
1577 1552 1874 1635 quodam,
1914 1554 2388 1636 persolvebant.
2458 1554 2724 1619 Tollant

776 1642 1114 1723 utrinque,
1173 1647 1248 1705 ut
1302 1639 1489 1717 libet,
1537 1640 2066 1721 superstitionem
2110 1661 2399 1705 omnem:
2446 1662 2578 1703 non
2624 1649 2720 1705 ta-

775 1747 927 1791 men
964 1726 1169 1791 satius
1203 1725 1445 1790 idcirco
1480 1725 1700 1803 fuisse,
1740 1732 1853 1789 aut
1888 1725 2304 1803 tolerabilius,
2344 1745 2561 1791 coram
2600 1727 2721 1792 hoc

776 1811 980 1877 vitulo
1038 1811 1303 1876 honoris
1361 1832 1560 1876 causa
1615 1810 1977 1893 procidere,
2046 1832 2241 1893 quam
2285 1831 2502 1876 coram
2558 1809 2722 1877 bove

776 1898 1187 1981 aegyptiaco,
1227 1896 1439 1961 dicere
1475 1904 1649 1962 certe
1696 1896 2126 1962 sustinebunt.
2190 1895 2530 1963 Iarobeam
2564 1918 2721 1979 quo-

777 2004 904 2066 quc
950 2004 1076 2065 quo
1122 1982 1361 2047 vitulos
1409 2004 1559 2048 suos
1602 1982 1868 2047 consilio
1910 1983 1995 2046 sit
2038 1982 2390 2048 fabricatus
2436 1983 2499 2067 (1
2550 1983 2717 2067 Reg.

786 2074 881 2145 12,
931 2068 1063 2151 26),
1111 2069 1167 2133 si
1211 2067 1601 2151 quaerimus,
1649 2088 1859 2151 neque
1906 2088 2111 2134 novos
2156 2069 2278 2133 sibi
2312 2068 2479 2133 >deos
2523 2069 2721 2135 ascis-

778 2175 924 2219 cere
970 2154 1039 2217 in
1094 2153 1309 2218 animo
1365 2153 1675 2230 habebat,
1734 2175 1942 2236 neque
2000 2155 2093 2218 sic
2136 2174 2176 2218 a
2228 2155 2372 2219 Deo
2415 2154 2608 2237 plane
2652 2177 2721 2220 se

780 2239 1136 2305 desciscere
1164 2239 1505 2324 cogitabat,
1534 2260 1743 2321 neque
1776 2240 1907 2304 Dei
1942 2239 2133 2304 modo
2171 2239 2554 2323 religionem
2588 2262 2720 2305 non

779 2325 1278 2407 aspernabatur,
1335 2324 1451 2389 sed
1509 2346 1592 2389 ne
1645 2333 1903 2390 sanctas
1957 2324 2217 2407 quidem
2258 2326 2719 2404 caeremonias,

824 2431 942 2475 uas
997 2410 1395 2491 pessundare
1451 2411 1837 2488 conabatur,
1894 2409 2327 2493 improbabat:
2386 2411 2525 2476 sola
2578 2421 2722 2477 erat

728 2538 736 2551 ·
824 2493 1156 2573 iffidentia,
1202 2517 1366 2579 quae
1411 2495 1741 2561 hominem
1764 2497 1838 2560 in
1882 2497 2050 2560 hanc
2084 2498 2437 2561 amentiam
2469 2499 2720 2580 praeci-

778 2582 983 2664 pitem
1005 2581 1221 2646 ferret.
1289 2581 1462 2646 Nam
1488 2602 1687 2664 quum
1710 2580 1843 2658 illa,
1870 2603 2069 2664 quam
2106 2581 2289 2648 nobis
2314 2584 2513 2647 refert
2533 2605 2721 2650 sacra

779 2666 1071 2742 historia,
1119 2668 1450 2732 anxietate
1492 2669 1729 2732 misere
1774 2676 2123 2743 aestuaret,
2169 2689 2254 2732 ne
2299 2669 2525 2752 templi
2570 2669 2721 2735 reli-

780 2753 972 2837 gione
1008 2759 1359 2836 sanctaque
1395 2754 1729 2819 maiestate
1769 2753 1928 2818 tacti
1959 2753 2170 2837 plebis
2204 2755 2426 2835 animi,
2463 2754 2548 2818 ad
2583 2756 2721 2820 Da-

780 2836 951 2904 vidis
995 2838 1290 2916 domum,
1337 2838 1511 2905 unde
1555 2839 1954 2917 defecerant,
2004 2861 2266 2905 rursum
2309 2840 2719 2918 inclinarent,

778 2945 981 2988 novos
1036 2926 1405 3008 excogitare
1450 2926 1615 2990 ritus
1656 2925 1891 3003 voluit,
1936 2926 2175 3007 quibus
2218 2945 2257 2989 a
2295 2926 2523 3009 templi
2568 2948 2721 2992 con-

778 3018 1006 3093 spectu
1033 3009 1390 3076 abstractos
1423 3010 1621 3077 simul
1642 3035 1681 3078 a
1715 3033 1916 3095 regno
1940 3010 2196 3077 iudaice
2222 3012 2541 3095 paulatim
2567 3011 2721 3078 alie-

778 3106 983 3160 naret.
1066 3097 1326 3161 Vitulos
1380 3118 1452 3161 er
1498 3119 1536 3162 o
1596 3119 1796 3180 quum
1852 3099 2200 3181 proferret,
2258 3120 2388 3162 non
2433 3121 2473 3163 a
2506 3098 2723 3180 priore

777 3181 922 3247 Deo
979 3190 1054 3246 ut
1107 3181 1191 3247 ad
1228 3183 1374 3246 illos
1479 3185 1788 3248 eficerent
1844 3183 2258 3262 hortabatur,
2315 3184 2488 3266 quod
2542 3184 2722 3249 futu-

777 3290 927 3332 rum
982 3275 1125 3333 erat
1168 3269 1458 3333 omnium
1502 3268 1766 3333 auribus
1812 3269 2007 3333 nimis
2062 3290 2395 3352 asperum:
2442 3269 2558 3335 sed
2602 3291 2715 3335 ve-

778 3361 989 3418 terem
1033 3363 1492 3435 assuetumque
1536 3354 1756 3419 Deum
1800 3359 1947 3433 [pag.
1986 3359 2091 3433 29]
2137 3362 2211 3419 ut
2251 3355 2322 3420 in
2375 3353 2508 3421 illis
2554 3356 2724 3421 cole-

778 3444 944 3517 rent,
990 3438 1312 3504 edocebat.
1382 3439 1534 3506 Huc
1571 3440 1745 3504 enim
1780 3439 1896 3504 illa
1930 3440 2264 3523 spectabat
2303 3442 2539 3507 oratio:
2587 3443 2724 3507 Vo-

779 3522 877 3588 bis
922 3523 1095 3589 ultra
1139 3524 1404 3588 modum
1439 3525 1508 3588 in
1552 3525 1911 3591 Ierusalem
1957 3526 2304 3592 ascendere
2343 3547 2546 3612 grave
2590 3536 2719 3593 est:

781 3630 818 3673 o
864 3609 1100 3686 Israel,
1149 3609 1218 3673 hi
1264 3618 1420 3675 sunt
1475 3610 1566 3674 dii
1611 3612 1733 3689 tui,
1780 3612 1889 3693 qui
1936 3619 1999 3676 te
2047 3610 2421 3678 eduxerunt
2463 3635 2501 3678 e
2543 3622 2724 3680 terra

777 3695 1094 3778 Aegypti:
1152 3696 1283 3761 illis
1339 3702 1413 3760 ut
1465 3697 1914 3778 persuaderet,
1972 3718 2106 3761 non
2163 3719 2232 3763 se
2288 3700 2722 3764 exterminato

776 3780 995 3863 priore
1050 3779 1229 3860 De0,
1282 3783 1605 3847 novitium
1658 3783 1939 3865 aliquem
2007 3784 2248 3848 inferre
2303 3786 2549 3850 Deum:
2608 3784 2721 3850 sed

778 3866 1044 3930 modum
1081 3865 1339 3931 tradere
1376 3867 1714 3949 duntaxat,
1751 3890 1875 3951 quo
1910 3869 2164 3935 minore
2200 3870 2499 3935 molestia
2531 3871 2722 3935 illum

779 3951 996 4035 ipsum
1050 3950 1433 4030 adorarent,
1479 3954 1664 4018 cuius
1708 3954 1948 4020 virtute
1993 3955 2323 4038 quondam
2364 3957 2642 4022 fuissent
2686 3980 2723 4022 e

780 4037 1019 4102 misero
1061 4040 1351 4123 Aegypti
1387 4040 1657 4105 servitio
1692 4040 1965 4105 liberati.
2031 4040 2155 4106 Ille
2193 4042 2546 4107 vitulorum
2584 4042 2722 4110 cul-

779 4131 919 4202 tus,
965 4124 1388 4206 quantumvis
1433 4128 1683 4190 aeterni
1726 4126 1855 4190 Dei
1901 4127 2166 4191 nomine
2208 4136 2721 4210 praetexeretur,

780 4208 991 4291 qualis
1046 4210 1271 4288 fuerit,
1334 4211 1589 4276 abunde
1649 4219 1976 4277 testantur
2032 4212 2402 4295 prophetae.
2469 4213 2723 4280 Utcun-

779 4315 906 4376 que
932 4295 1186 4360 abesset
1209 4298 1599 4379 superstitio,
1639 4307 1965 4381 utcunque
2002 4320 2042 4362 a
2075 4298 2271 4364 vituli
2304 4300 2724 4366 veneratione

780 4380 1052 4445 interior
1095 4381 1398 4465 cogitatio
1443 4382 1823 4449 abhorreret
1838 4435 1853 4462 ,
1899 4384 2208 4448 innoxius
2251 4405 2394 4450 esse
2438 4406 2568 4451 non
2609 4407 2724 4468 po-

780 4472 983 4544 terat,
1029 4467 1396 4549 quicunque
1439 4470 1506 4531 in
1548 4470 1789 4535 Bethel
1834 4468 1919 4534 ad
1962 4469 2459 4535 sacrificandum
2502 4493 2724 4537 ascen-

782 4551 1008 4617 disset:
1057 4572 1251 4634 quam
1278 4550 1397 4617 ‘dei
1440 4555 1712 4620 verbum
1767 4555 2116 4622 Bethaven
2134 4556 2189 4637 ⁴²)
2231 4559 2721 4639 pronunciabat.

782 4635 977 4718 Quod
1014 4638 1069 4701 si
1103 4636 1359 4702 scelesti
1402 4638 1525 4702 illi:
1567 4662 1684 4706 nos
1723 4643 1877 4707 iusti
1917 4642 2178 4719 scilicet,
2226 4642 2339 4725 qui
2379 4644 2568 4724 panis
2600 4644 2724 4707 mi-

782 4745 956 4802 cam,
1016 4721 1407 4805 simulatque
1476 4725 1662 4808 impii
1694 4728 2065 4793 'sacrificuli
2123 4725 2555 4794 destinatione
2612 4728 2723 4792 de-

783 4816 937 4874 vota
981 4808 1409 4874 immolationi
1444 4810 1659 4889 fuerit,
1707 4813 1893 4877 nobis
1934 4834 2053 4896 pro
2097 4815 2241 4879 Deo
2275 4834 2417 4879 esse
2459 4816 2724 4897 profite-

923 5065 1001 5129 1),
1022 5065 1114 5122 Sic
1147 5082 1354 5137 quoque
1393 5064 1616 5121 Gallus.-
1664 5068 1845 5136 quand
1888 5069 2070 5124 Aaron
2108 5078 2229 5125 eust
2271 5070 2455 5139 publie
2490 5071 2544 5124 la
2581 5070 2720 5127 feste

786 5138 844 5186 et
879 5134 1139 5189 solennite
1186 5134 1253 5190 de
1287 5135 1439 5190 Dieu.
1524 5134 1740 5190 Caetera·
1770 5137 1901 5190 libre·
1933 5139 2097 5192 latini
2127 5154 2334 5206 omnes,
2368 5154 2480 5194 uno
2514 5139 2722 5194 Amste-

783 5200 1086 5255 lodamensi
1115 5210 1346 5272 excepte,
1382 5205 1621 5275 adeoque
1657 5204 1766 5258 Ed.
1804 5203 1941 5259 1550
1973 5207 2194 5261 habent:
2230 5209 2515 5263 inductum.
2657 5208 2716 5273 2)

785 5266 951 5321 Duae
984 5272 1244 5327 editiones
1279 5277 1560 5343 principes
1593 5274 1733 5328 male
1776 5273 1996 5328 habent.-
2044 5276 2355 5332 Bethanem.
2438 5277 2721 5333 Galla-sius

776 5335 947 5392 1552:
984 5340 1276 5396 Bethauen.
1352 5343 1547 5398 Gallus
1579 5346 1800 5413 optime.-
1836 5343 2151 5399 Beth-auen.

2492 420 2961 488 EPISTOLA
3000 421 3055 487 1.

4647 424 4766 487 264

2822 607 3013 673 mur?
3079 608 3224 673 Iam
3264 616 3332 673 et
3375 607 3942 674 Samaritanorum
3985 608 4371 692 religionem
4406 630 4542 673 non
4585 609 4665 675 ob
4700 610 4766 676 id

2824 695 3068 758 imit-ari
3113 716 3246 759 non
3277 693 3514 759 licebat
3547 696 3829 774 omnine,
3876 693 4048 777 quod
4083 693 4350 759 deorum
4396 703 4572 760 esset
4615 697 4762 763 alie-

2824 799 3061 844 norum
3118 779 3297 845 cultu
3352 780 3714 863 implicata,
3773 778 3889 845 sed
3940 778 4114 861 quod
4155 800 4357 863 pravo
4400 780 4760 865 illegitimo-

2824 887 2951 947 que
2973 866 3104 930 Dei
3138 865 3318 957 cultu
3351 864 3600 948 polluta
3626 867 3805 930 foret.
3856 865 3942 928 In
3978 865 4117 944 hoc,
4152 867 4245 929 mi
4281 867 4502 943 frater,
4539 870 4608 932 in
4645 868 4762 936 hoo

2825 950 3147 1028 fallimur,
3192 950 3363 1033 quod
3407 951 3563 1016 dum
3605 950 3980 1016 immundas
4036 973 4154 1034 per
4196 973 4266 1017 86
4309 960 4376 1017 et
4419 954 4762 1038 sacrilegas

2825 1038 3266 1102 caeremonias
3313 1058 3455 1102 esse
3496 1058 3629 1101 non
3663 1044 4004 1120 putamus,
4052 1037 4180 1101 nisi
4222 1058 4387 1121 quae
4422 1040 4761 1122 gentilium

2827 1121 3098 1187 deorum
3142 1122 3512 1187 nominibus
3555 1123 3776 1205 palam
3810 1124 3947 1187 sint
3987 1124 4355 1207 insignitae,
4395 1146 4761 1192 sacrosanc-

2827 1213 2966 1271 tum
2994 1208 3123 1272 Dei
3152 1229 3390 1274 nomen
3412 1210 3772 1290 profanare,
3811 1229 4139 1272 summum
4172 1229 4313 1274 esse
4351 1209 4760 1296 sacrilegium

2824 1292 3281 1360 obliviscimur.
3339 1294 3735 1359 Profanatur
3768 1302 3988 1359 autem
4012 1316 4146 1359 non
4168 1296 4397 1379 magis,
4433 1296 4589 1360 dum
4612 1319 4760 1382 sup-

2825 1379 3050 1461 positis
3094 1379 3238 1444 aliis
3282 1378 3435 1458 diis,
3496 1378 3690 1463 plane
3733 1380 3876 1462 ipse
3916 1378 4327 1463 repudiatur:
4367 1402 4562 1464 quam
4608 1383 4761 1449 dum

2826 1466 3344 1531 commentitium
3397 1465 3491 1529 illi
3547 1465 3906 1548 quidpiam,
3931 1462 3938 1473 '
3959 1465 4132 1549 quod
4174 1467 4317 1531 eius
4356 1470 4760 1534 maiestatem

2824 1550 3186 1629 inhonoret,
3225 1552 3578 1635 affingitur.
3645 1552 3825 1615 Eant
3857 1573 4049 1631 nunc,
4087 1553 4194 1635 qui
4240 1552 4322 1617 ad
4362 1554 4644 1619 missalis
4684 1555 4759 1618 il·

2824 1636 2952 1700 lius
3007 1657 3044 1700 6
3098 1639 3367 1719 panario
3420 1638 3548 1702 Dei
3602 1644 4020 1720 conspectum
4080 1659 4295 1721 genua
4362 1639 4760 1706 simulandae

2828 1722 3157 1805 religionis
3186 1744 3381 1787 causa
3402 1723 3735 1801 inclinant,
3774 1730 3840 1786 et
3873 1723 4083 1788 levius
4118 1745 4188 1790 86
4225 1723 4602 1807 delinquere
4636 1728 4761 1792 iac-

2826 1813 2990 1885 tant,
3018 1810 3035 1847 ¹
3113 1809 3282 1891 quod
3319 1809 3439 1873 sub
3474 1810 3602 1874 Dei
3637 1809 3900 1872 nomine
3933 1807 4182 1874 idolum
4225 1809 4512 1875 adorent.
4578 1813 4677 1878 Ac
4707 1814 4760 1878 si

2824 1914 2957 1957 non
3017 1894 3030 1906 ⁶
3087 1914 3126 1956 a
3179 1895 3396 1977 potius
3440 1895 3689 1958 nefaria
3732 1894 3834 1959 sui
3876 1895 4159 1960 nominis
4202 1898 4626 1979 usurpatione
4669 1897 4761 1964 bis

2823 1978 3209 2043 irrideretur
3261 1980 3615 2045 Dominus:
3670 1980 3841 2062 quod
3897 1989 3962 2044 et
4019 2002 4096 2045 eo
4153 1981 4355 2047 nihilo
4410 1984 4623 2049 secius
4663 2005 4760 2055 re,-

2822 2063 2998 2143 lict0,
3044 2064 3129 2129 ad
3172 2065 3418 2129 idolum
3455 2066 3757 2144 curritur,
3804 2074 3871 2130 et
3915 2066 4194 2131 transire
4237 2067 4377 2150 ipse
4418 2068 4489 2132 in
4531 2090 4761 2151 panem

2823 2150 3123 2234 fingitur,
3183 2149 3453 2217 obscuro
3509 2174 3585 2218 ac
3639 2151 3820 2217 velut
3863 2153 4115 2235 magico
4158 2173 4496 2219 murmure
4539 2156 4757 2220 incan-

2992 2324 3202 2388 Porro
3223 2322 3393 2405 quod
3418 2324 3598 2388 omni
3634 2322 3981 2405 impiarum
4015 2325 4556 2407 superstitionum
4592 2347 4759 2392 com-

2825 2410 3135 2474 munione
3155 2410 3248 2473 ita
3279 2410 3569 2491 praecise
3603 2408 3937 2488 interdic0,
3975 2409 4042 2473 id
4076 2410 4145 2474 in
4182 2431 4325 2475 eam
4360 2419 4617 2494 partem
4652 2433 4758 2477 no-

2822 2495 2940 2559 lim
2963 2495 3261 2578 accipias,
3299 2496 3484 2577 quasi
3520 2516 3745 2559 earum
3783 2516 4004 2560 rerum
4041 2496 4163 2560 tibi
4198 2496 4581 2580 religionem
4616 2497 4756 2562 inii·

2825 2581 3022 2660 ciam,
3075 2602 3237 2663 quas
3283 2581 3386 2646 vel
3431 2583 3721 2665 effugere
3766 2582 4029 2647 omnino
4077 2602 4210 2646 non
4255 2582 4345 2646 sit
4383 2584 4455 2647 in
4499 2592 4612 2647 tua
4653 2604 4757 2666 po-

2825 2668 3027 2732 situm
3082 2665 3419 2744 facultate,
3475 2666 3580 2733 vel
3635 2665 3876 2732 liberas
3930 2667 4164 2750 alioqui
4208 2689 4365 2733 ‚esse
4404 2668 4755 2734 conveniat.

2823 2753 3052 2836 Neque
3077 2753 3268 2817 =enim
3305 2754 3362 2818 si
3405 2753 3582 2817 intra
3624 2753 4019 2837 templorum
4062 2755 4371 2831 omnium,
4415 2775 4580 2841 quae
4623 2756 4759 2837 qui-

2828 2837 2976 2903 dem
3021 2839 3166 2904 istic
3211 2845 3384 2914 sunt,
3427 2839 3731 2920 parietes,
3774 2839 4036 2904 infinita
4077 2839 4367 2922 quotidie
4407 2840 4758 2922 impietatis

2827 2924 3128 3007 exempla
3173 2923 3485 3001 eduntur,
3524 2923 3761 2990 idcirco
3805 2932 3870 2988 te
3911 2946 3950 2989 a
3996 2926 4226 3008 primis
4272 2946 4498 2990 eorum
4545 2925 4759 2990 limiti-

2826 3009 2947 3076 bus
3002 3030 3207 3087 arceo,
3254 3032 3374 3076 nec
3419 3012 3472 3076 si
3518 3011 3868 3076 simulacra
3906 3012 4122 3076 omnia
4165 3010 4462 3077 nefandis
4505 3012 4760 3078 sacrile-

2919 3120 2950 3162 s
2978 3106 3134 3162 sunt
3158 3095 3469 3175 dedicata,
3508 3095 3653 3161 ideo
3686 3117 3763 3161 ea
3784 3098 4083 3180 protinus
4108 3100 4399 3181 aspicere
4423 3109 4488 3163 te
4504 3100 4563 3182 ²)
4603 3106 4758 3164 veto.

2826 3118 3108 3263 &bando
3150 3183 3430 3247 alterum
3472 3183 3611 3246 sine
3655 3197 3828 3247 noxa
3871 3191 3997 3248 est:
4042 3184 4318 3248 alterum
4336 3234 4350 3261 ‚
4397 3192 4657 3266 praeter
4698 3183 4762 3248 id

2827 3268 3000 3351 quod
3052 3268 3217 3333 nihil
3276 3269 3486 3346 obest,
3544 3269 3740 3334 simul
3795 3291 3873 3334 ac
3920 3269 4148 3351 pedem
4195 3269 4384 3334 domo
4430 3269 4758 3348 extuleris,

2828 3355 3045 3440 (tanta
3099 3354 3423 3420 idolorum
3471 3354 3894 3420 multitudine
3953 3355 4229 3420 refertae
4267 3360 4414 3433 [pag.
4456 3361 4563 3433 3ο]
4611 3363 4760 3420 sunt

2829 3442 2974 3505 viae
3015 3439 3265 3522 omnes)
3310 3441 3412 3504 tui
3447 3439 3696 3505 arbitrii
3733 3461 3874 3506 esse
3910 3440 4166 3506 desinit.
4235 3435 4350 3506 Te*
4371 3462 4527 3525 ergo
4562 3462 4761 3523 usque

2829 3526 2989 3591 adeo
3047 3527 3567 3611 superstitiosum
3613 3546 3754 3591 esse
3797 3527 3976 3604 nolo,
4023 3533 4101 3590 ut
4144 3527 4369 3610 templi
4412 3528 4623 3611 magis
4665 3527 4762 3590 in-

2826 3633 3054 3696 gressu
3098 3612 3357 3695 pedem,
3405 3619 3520 3677 aut
3559 3612 3891 3678 simulacri
3933 3621 4200 3696 aspectu
4254 3613 4465 3697 magis
4508 3612 4762 3678 oculum

2826 3698 3029 3781 pollui
3057 3698 3408 3774 existimes,
3437 3719 3632 3780 quam
3658 3698 3713 3762 si
3735 3697 3839 3763 vel
3865 3697 4057 3762 illum
4085 3699 4156 3762 in
4179 3698 4520 3783 vulgarem
4542 3717 4763 3781 quem-

2826 3785 2929 3848 vis
2981 3785 3201 3849 locum
3254 3783 3523 3861 inferas,
3595 3782 3700 3848 vel
3752 3784 3926 3849 hunc
3979 3785 4049 3849 in
4105 3784 4336 3849 rudem
4392 3785 4763 3848 informem-

2825 3890 2952 3953 que
3009 3869 3294 3953 aliquem
3352 3866 3639 3953 lapidem
3694 3869 4016 3934 coniicias.
4108 3869 4359 3935 Verum
4416 3870 4626 3947 enim,
4691 3877 4763 3934 ut

2823 3956 2940 4021 illa
2975 3955 3092 4020 tibi
3130 3977 3271 4021 esse
3306 3955 3624 4036 permissa
3659 3954 3871 4019 audis:
3911 3956 4005 4020 ita
4047 3976 4131 4020 ne
4176 3956 4351 4024 ultra
4386 3957 4530 4020 eius
4573 3954 4763 4019 liber-

2827 4042 2981 4107 tatis
3021 4040 3286 4107 modum
3319 4041 3584 4106 licentia
3618 4062 3659 4123 p
3782 4040 4072 4119 rediaris,
4101 4043 4297 4106 etiam
4337 4052 4534 4124 atque
4569 4042 4765 4105 etiam

2826 4135 3108 4210 reputes.
3174 4128 3376 4194 Hunc
3410 4125 3677 4191 modum
3765 4128 3990 4190 efinire
4034 4148 4167 4191 non
4208 4127 4563 4210 improprie
4604 4125 4766 4190 mihi

2828 4213 3084 4292 videor,
3128 4234 3331 4295 quum
3385 4213 3465 4278 ab
3520 4213 3699 4275 omni
3743 4212 3814 4276 in
3857 4214 4235 4278 universum
4281 4212 4767 4296 sacrilegiorum

2827 4301 3283 4365 communione
3320 4297 3774 4362 abstinendum
3821 4298 3938 4363 tibi
3984 4298 4193 4363 doceo.
4264 4296 4608 4380 Siquidem
4652 4318 4765 4379 per

2827 4384 3377 4462 communionem,
3436 4403 3567 4447 non
3622 4383 3985 4465 simplicem
4036 4384 4163 4448 loci
4220 4385 4765 4467 propinquitatem

2828 4470 3023 4555 (quae
3062 4470 3333 4533 minime
3357 4488 3476 4534 nos
3509 4468 3640 4532 illis
3677 4468 3997 4553 implicat)
4044 4469 4159 4534 sed
4201 4478 4346 4534 tum
4387 4470 4765 4534 interiorem

2828 4556 3340 4633 consensionem,
3369 4561 3508 4619 tum
3533 4563 3874 4619 externam
3902 4557 4199 4637 quamvis
4224 4555 4762 4632 testificationem,

2828 4663 2958 4725 qua
2974 4640 3029 4725 ⁸)
3073 4642 3142 4705 in
3187 4640 3449 4703 illorum
3495 4638 4022 4723 approbationem
4066 4639 4531 4720 subscribatur,
4575 4639 4763 4705 intel-

2826 4727 2995 4810 ligis.
3064 4725 3405 4792 Consensu
3431 4748 3514 4790 ne
3541 4726 3673 4790 illis
3695 4725 4180 4805 adhaerescant,
4218 4727 4329 4810 qui
4362 4725 4621 4792 modica
4653 4733 4766 4790 ve-

2827 4813 3041 4878 ritatis
3095 4813 3241 4877 luce
3296 4819 3450 4876 sunt
3500 4810 3824 4891 irradiati,
3872 4813 3985 4877 vix
4029 4820 4130 4878 est
4173 4811 4580 4877 timendum:
4623 4810 4768 4875 Illis

2825 4899 2956 4964 illis
2974 4898 3030 4983 ⁴)
3059 4897 3623 4964 testificationibus
3649 4897 3958 4963 scelestae
3980 4898 4492 4981 participationis
4516 4897 4769 4980 laqueis

2961 5138 3018 5206 1)
3059 5139 3167 5203 Ed.
3198 5138 3483 5206 pn‘nceps:
3520 5137 3737 5192 iactent.
3925 5137 3983 5203 2)
4024 5137 4119 5190 Ita
4154 5138 4273 5192 sola
4301 5138 4577 5205 princeps.
4637 5135 4766 5191 Gae-

2823 5213 2968 5263 terae
3002 5210 3280 5263 omittunt.-
3316 5215 3386 5261 te.
3609 5205 3670 5272 3)
3707 5206 3854 5261 Edd.
3889 5222 4022 5261 rece.
4060 5203 4194 5260 1576
4227 5220 4367 5276 seqq.
4403 5221 4541 5274 quae
4603 5204 4768 5270 (Gal-

2823 5279 2935 5332 lus:
2981 5293 3082 5346 par
3116 5276 3396 5346 laquelle).
3610 5273 3671 5341 4)
3719 5276 3963 5330 Alterum
4006 5275 4114 5331 illis
4159 5276 4410 5329 omittunt
4455 5271 4593 5326 1576
4629 5289 4768 5344 seqq.

2829 5345 3037 5402 Gallice
3070 5352 3296 5401 vermur
3331 5345 3409 5399 ad
3440 5345 3683 5400 literam.-
3717 5361 3819 5413 par
3853 5361 3943 5399 ces
3980 5360 4080 5412 par
4118 5361 4208 5399 ces
4244 5343 4607 5398 attestatione.
