5100 6061
680 435 803 497 203

678 620 855 685 mino
897 619 1090 685 vivus
1119 618 1167 701 ¹)
1217 618 1482 701 spiritus
1519 619 1814 694 efficitur,
1862 618 1953 681 sic
1976 616 2284 693 vivificat,
2332 623 2407 679 ut
2430 616 2620 697 spiri-

678 707 806 773 tale
852 725 1084 788 eorpus
1124 705 1387 769 efficiat:
1435 704 1785 769 absumens
1820 722 2078 765 omnem
2114 701 2618 784 corruptionem,

677 791 932 856 nullam
977 800 1277 856 metuens
1322 790 1815 871 separationem.
1907 787 2236 869 Denique,
2284 795 2356 851 ut
2401 787 2621 851 omnia

678 875 811 941 illis
869 876 1219 942 concedam
1276 874 1356 939 de
1410 876 1629 939 anima
1673 875 1937 938 vivente
1994 872 2092 955 (in
2150 894 2278 955 quo
2336 873 2615 950 nomine,

676 971 754 1027 ut
795 964 931 1027 iam
974 960 1128 1040 dixi,
1178 982 1310 1026 non
1355 960 1622 1041 haereo)
1664 958 1782 1021 illa
1824 966 2047 1022 tamen
2091 958 2276 1023 sedes
2310 958 2620 1041 imaginis

676 1048 807 1114 Dei
852 1070 1109 1131 semper
1152 1048 1333 1111 salva
1375 1045 1696 1111 consistit:
1755 1044 1896 1110 sive
1940 1044 2257 1121 animam,
2304 1045 2442 1109 sive
2487 1044 2619 1126 spi-

678 1135 900 1209 ritum,
949 1135 1088 1196 sive
1135 1131 1394 1214 quidvis
1442 1130 1618 1195 aliud
1665 1130 2025 1193 nominent.
2115 1130 2252 1195 Nec
2290 1130 2499 1213 magis
2536 1128 2619 1193 ad

679 1219 1108 1285 refellendum
1162 1217 1422 1283 difficile
1484 1226 1583 1281 est
1627 1215 1799 1299 quod
1842 1237 1923 1279 ex
1969 1215 2297 1280 tricesimo
2344 1216 2618 1296 septimo

678 1304 1038 1370 Ezechielis
1096 1305 1305 1384 capite
1360 1303 1697 1367 obiiciunt:
1757 1301 1867 1365 ubi
1926 1301 2246 1383 propheta
2289 1300 2619 1385 quandam

677 1390 1170 1455 resurrectionis
1214 1390 1657 1473 hypotyposin
1700 1386 1961 1462 faciens,
2006 1395 2198 1452 vocat
2239 1387 2543 1470 spiritum
2580 1408 2620 1450 a

677 1484 959 1558 quatuor
1016 1475 1262 1551 ventis,
1320 1475 1431 1556 qui
1490 1475 1696 1537 vitam
1751 1474 2028 1554 inspiret
2084 1472 2287 1538 aridis
2344 1472 2614 1537 ossibus.

678 1560 842 1625 Inde
901 1562 1144 1643 optime
1203 1561 1325 1625 sibi
1382 1559 1685 1642 colligere
1746 1558 2082 1636 videntur,
2142 1558 2423 1622 hominis
2477 1558 2618 1621 ani-

676 1669 854 1711 mam
897 1646 1063 1709 nihil
1103 1668 1243 1715 esse
1290 1645 1485 1721 aliud,
1531 1665 1726 1727 quam
1762 1646 1901 1708 vim
1937 1644 2440 1726 facultatemque
2479 1665 2619 1706 mo·
2667 1640 2672 1703 ἓ

676 1733 871 1797 tionis
931 1732 1071 1796 sine
1128 1731 1526 1797 substantia:
1588 1752 1754 1813 quae
1812 1730 1913 1794 vis
1968 1731 2038 1794 in
2091 1738 2301 1795 morte
2357 1729 2620 1812 quidem
2667 1758 2672 1799 1

678 1826 1044 1895 evanescat,
1079 1818 1148 1880 in
1173 1817 1643 1899 resurrectione
1666 1838 1823 1880 vero
1846 1817 2084 1880 iterum
2107 1815 2537 1899 recolligatur.
2562 1815 2618 1897 2)

677 1903 884 1985 Quasi
919 1924 1078 1967 vero
1121 1902 1286 1966 mihi
1332 1903 1530 1966 etiam
1576 1924 1705 1966 non
1747 1901 1942 1965 liceat
1985 1901 2210 1967 eodem
2255 1899 2445 1965 modo
2492 1901 2620 1965 col-

674 1990 895 2073 ligere,
942 1988 1246 2071 spiritum
1289 1988 1416 2052 Dei
1462 1996 1576 2052 aut
1620 1997 1892 2051 ventum
1935 1995 2050 2051 aut
2091 1986 2438 2052 evanidam
2483 2008 2620 2049 mo-

676 2077 921 2139 tionem
937 2074 994 2157 3)
1040 2095 1200 2154 6666,
1245 2095 1447 2155 quum
1490 2074 1560 2137 in
1607 2074 1819 2156 prima
1862 2096 1983 2138 sua
2016 2074 2268 2137 visione
2312 2071 2620 2137 Ezechiel

2198 424 3144 492 PSYCHOPANNYCHIA.

4549 428 4678 489 204

2724 637 2884 694 esse,
2931 638 3132 699 quum
3175 625 3436 681 mortua
3464 627 3583 692 est,
3627 626 4035 698 mortemque
4065 616 4246 680 illam
4278 614 4461 680 aliud
4482 613 4674 697 quid-

2721 702 2899 783 piam
2944 723 3086 766 esse
3124 722 3320 784 quam
3374 701 3577 785 (quod
3622 703 3916 767 obtinere
3964 701 4221 784 volunt)
4274 702 4345 766 in
4391 699 4675 765 nihilum

2722 786 2948 872 redigi.
3009 788 3234 869 Neque
3278 785 3345 849 id
3390 789 3587 852 etiam
3622 798 3968 852 tacuerunt
4012 788 4391 871 scripturae,
4439 787 4498 852 si
4533 789 4674 851 ’661-

2720 895 2904 937 16661
2944 873 3360 949 inducerent,
3422 873 3552 937 illis
3597 875 3812 955 potius
3867 895 4138 937 sensum
4180 895 4375 938 suum
4421 894 4674 938 accom-

2721 958 3015 1037 modare,
3062 979 3260 1040 quam
3307 968 3690 1042 arroganter
3732 960 4089 1037 affirmare,
4136 958 4450 1043 quidquid
4494 980 4675 1023 cere-

2722 1043 2913 1108 brum
2957 1044 3170 1109 adhuc
3206 1064 3246 1106 a
3287 1065 3513 1108 somno
3551 1045 3881 1109 fumosum
3915 1044 4276 1110 dictaverit.
4367 1047 4478 1109 An
4519 1066 4677 1110 vero

2722 1151 2921 1211 quum
2975 1131 3163 1195 Deus
3206 1127 3519 1195 adversus
3575 1129 3908 1194 hominem
3957 1138 4364 1212 peccatorem
4408 1138 4674 1196 senten-

2723 1216 2882 1279 tiam
2920 1216 3090 1281 hanc
3126 1216 3541 1298 pronunciat:
3581 1215 3814 1313 Fulgis
3854 1237 3941 1294 66,
3989 1224 4055 1280 61
4090 1218 4160 1280 16
4195 1216 4536 1298 pulverem
4567 1236 4676 1279 re-

2722 1301 2998 1368 verteris
3037 1301 3231 1382 (Gen.
3262 1306 3316 1378 3,
3352 1305 3493 1385 19),
3539 1300 3719 1365 aliud
3762 1301 3944 1379 dicit,
3991 1324 4185 1383 quam
4229 1302 4399 1384 quod
4455 1324 4677 1385 sump-

2722 1398 2865 1451 tum
2909 1409 2944 1451 6
2986 1399 3158 1450 terra
3194 1399 3324 1465 est,
3372 1388 3439 1450 in
3485 1396 3730 1451 terram
3773 1385 4174 1452 rediturum?
4279 1386 4426 1469 Quo
4470 1388 4678 1470 igitur

2722 1472 2984 1537 anima?
3033 1495 3116 1537 an
3161 1474 3227 1537 in
3284 1472 3652 1554 sepulcrum
3691 1473 4040 1550 descendit,
4084 1472 4165 1537 ad
4205 1494 4567 1538 marcorem
4608 1480 4679 1538 et

2722 1558 3184 1641 putredinem?
3233 1561 3450 1640 Atque
3495 1559 3621 1623 ista
3645 1557 3906 1640 quidem
3950 1559 4145 1642 paulo
4190 1567 4342 1643 post
4366 1559 4674 1642 apertius,

2722 1646 2916 1709 Nunc
2933 1644 3085 1726 quid
3101 1643 3669 1727 tergiversantur?
3697 1644 4110 1723 AudivimuS,
4129 1645 4299 1727 quod
4318 1657 4531 1709 terrae
4554 1654 4673 1724 est,

2723 1740 2937 1795 terrae
2981 1731 3181 1794 etiam
3238 1729 3662 1794 reddendum.
3721 1729 3860 1795 Cur
3890 1732 4194 1813 spiritum
4226 1730 4512 1795 hominis
4550 1730 4700 1795 sub‘

2722 1826 2933 1882 terras
2977 1814 3462 1898 demergimus?
3533 1816 3684 1879 Non
3731 1815 3888 1880 dicit
3933 1817 4266 1881 hominem
4309 1817 4382 1880 in
4428 1824 4675 1881 terram

2724 1901 3120 1979 rediturum,
3179 1901 3294 1965 sed
3339 1902 3452 1983 qui
3497 1900 3717 1984 pulvis
3763 1909 3889 1979 est,
3948 1923 4370 1966 reversurum
4414 1903 4484 1965 in
4527 1903 4677 1983 pul-

2724 2009 2966 2053 verem.
3077 1988 3147 2051 Is
3213 2008 3368 2051 vero
3423 1987 3643 2069 pulvis
3697 1998 3823 2065 est,
3894 1989 4005 2069 qui
4070 1990 4385 2053 formatus
4441 1995 4540 2054 est
4593 1986 4675 2052 de

2723 2074 2878 2138 limo
2925 2082 3166 2138 terrae:
3214 2072 3326 2136 ille
3371 2073 3442 2136 in
3486 2072 3828 2155 pulverem
3875 2074 4247 2149 revertitur,
4302 2094 4436 2137 non
4482 2074 4674 2155 spiri-

673 2162 814 2243 ipse
850 2168 1123 2226 ventum
1168 2158 1503 2237 nominet,
1527 2182 1641 2242 pro
1687 2170 1951 2223 aeterno
1988 2158 2118 2224 Dei
2161 2159 2414 2242 spiritu.
2486 2156 2621 2222 Sed
2670 2142 2676 2241 l
2725 2168 2852 2236 tus,
2899 2181 3093 2241 quem
3137 2158 3400 2223 aliunde
3440 2179 3638 2240 quam
3683 2180 3718 2222 6
3764 2173 3940 2223 16116
3975 2168 4314 2242 acceptum
4339 2161 4520 2223 Deus
4555 2159 4676 2223 ho-

676 2247 928 2310 homini
984 2266 1120 2309 non
1173 2267 1440 2329 prorsus
1498 2246 1758 2328 stupido
1800 2244 2011 2310 facilis
2055 2245 2180 2309 erit
2219 2244 2451 2309 solutio
2498 2243 2620 2307 hu·

680 2332 786 2395 ius
830 2330 1091 2412 nodi,⁴)
1136 2352 1331 2412 quam
1378 2330 1528 2396 boni
1570 2332 1679 2397 isti
1726 2331 1883 2408 viri,
1944 2352 2062 2414 pro
2107 2352 2228 2395 sua
2270 2329 2379 2394 vel
2422 2330 2620 2394 insci·

682 2417 790 2495 tia,
837 2417 941 2481 vel
986 2416 1288 2493 ruditate,
1333 2438 1466 2481 non
1510 2418 1880 2483 observant.
1943 2416 2239 2498 Utroque
2274 2416 2448 2480 enim
2482 2416 2623 2479 loco

678 2504 927 2567 factum
962 2509 1079 2579 est,
1126 2502 1296 2584 quod
1336 2504 1481 2567 fieri
1517 2503 1795 2569 subinde
1830 2502 2069 2567 soleta
2103 2502 2469 2585 prophetis:
2512 2500 2623 2583 qui

681 2609 787 2653 res
832 2589 1201 2670 spirituales
1246 2608 1320 2652 ac
1364 2589 1651 2654 humano
1695 2610 1894 2654 sensu
1950 2587 2244 2666 altiores,
2299 2587 2624 2670 corporeis

683 2693 759 2738 ac
800 2673 1162 2739 visibilibus
1217 2674 1530 2759 symbolis
1582 2676 1887 2759 figurant.
1979 2671 2205 2753 Quum
2259 2695 2414 2757 ergo
2456 2674 2623 2737 Eze-

683 2758 852 2824 chiel
893 2780 1201 2841 expressa
1244 2768 1312 2824 et
1342 2761 1527 2842 quasi
1569 2761 1853 2825 ciconica
1867 2760 1924 2840 ⁵)
1969 2765 2083 2838 [fol.
2126 2764 2230 2838 25]
2268 2759 2512 2823 visione
2557 2768 2625 2822 et

682 2845 988 2927 spiritum
1031 2844 1162 2909 Dei
1217 2853 1283 2909 et
1334 2847 1675 2910 hominum
1720 2847 1987 2928 spiritus
2032 2847 2154 2911 sub
2198 2845 2417 2911 oculos
2464 2865 2623 2926 quo·

683 2929 1027 2996 dammodo
1073 2941 1563 3013 repraesentare
1607 2932 1835 3010 vellet,
1895 2931 2089 3013 idque
2134 2939 2305 2996 esset
2352 2954 2391 2995 a
2433 2930 2623 3012 spiri-
2673 2946 2678 3017 ξ

682 3016 843 3082 16611
903 3024 1140 3082 natura
1198 3018 1515 3083 alienum:
1576 3016 2073 3083 similitudinem
2121 3018 2399 3100 sumpsit
2442 3039 2482 3080 a
2521 3038 2624 3080 re-

680 3104 804 3169 bus
849 3105 1195 3185 corporeis,
1243 3125 1409 3186 quae
1454 3106 1760 3188 imaginis
1804 3105 1947 3168 vice
1992 3111 2179 3168 esset.

854 3273 1194 3340 Obiiciunt
1250 3275 1566 3353 secunde,
1612 3276 1926 3352 animam,
1984 3276 2246 3340 tametsi
2287 3275 2626 3337 immorta-

580 3403 587 3409 -
680 3361 864 3425 litate
922 3360 1160 3423 donata
1213 3368 1411 3437 esset,
1468 3361 1538 3424 in
1583 3369 1917 3443 peccatum
1960 3367 2180 3424 tamen
2223 3360 2623 3442 prolapsam:
2675 3419 2680 3426 .

724 3467 808 3509 ua
854 3446 1045 3509 ruina
1098 3445 1659 3510 immortalitatem
1715 3466 1899 3510 suam
1959 3446 2250 3512 obruerit
2293 3468 2368 3510 66
2409 3443 2626 3527 perdi-

729 3531 872 3594 erit.
962 3531 1145 3595 Haec
1202 3532 1557 3596 constituta
1585 3532 1741 3596 ’6161
1799 3552 2009 3615 poena
2050 3540 2340 3615 peccate,
2402 3538 2467 3595 et
2516 3530 2627 3594 de-

681 3617 987 3680 nunciata
1029 3616 1259 3699 primis
1301 3617 1705 3698 parentibus:
1755 3618 1969 3683 Morte
2013 3618 2381 3681 moriemini
2425 3617 2626 3700 (Gen.

684 3706 740 3779 2,
786 3701 911 3786 17).
1003 3703 1096 3765 Et
1139 3701 1385 3767 Paulus
1431 3705 1541 3779 ait,
1589 3703 1987 3786 stipendium
2030 3705 2305 3786 peccati,
2351 3710 2629 3767 mortem

682 3808 825 3852 esse
871 3788 1087 3868 (Rom.
1135 3792 1190 3866 6,
1231 3790 1360 3869 23).
1437 3790 1529 3852 Et
1573 3790 1905 3872 propheta,
1952 3791 2239 3854 animam
2275 3809 2441 3871 quae
2480 3808 2629 3870 pee-

681 3874 947 3951 caverit,
994 3873 1378 3938 morituram
1425 3875 1663 3940 clamat
1706 3874 1971 3959 (Ezech.
2018 3881 2111 3953 18,
2150 3875 2238 3957 4).
2311 3874 2496 3939 Haec
2531 3873 2630 3937 illi

682 3968 796 4024 aut
834 3959 1089 4036 similia.
1183 3958 1315 4024 Sed
1361 3982 1600 4042 quaero
1641 3962 1943 4042 primum,
1990 3981 2206 4025 annon
2253 3961 2449 4024 611616
2489 3958 2628 4030 dia-

680 4044 826 4110 bolo
894 4045 1222 4109 redditum
1279 4055 1379 4120 661
1447 4041 1621 4110 i'dem
1692 4047 1939 4129 peccati
1995 4044 2436 4128 stipendium?
2506 4066 2629 4111 nec

681 4138 903 4195 tamen
946 4130 1058 4195 ille
1116 4132 1207 4196 sie
1260 4139 1556 4196 mortuus
1601 4140 1725 4211 est,
1771 4140 1849 4196 ut
1891 4153 2027 4195 non
2074 4153 2332 4214 semper
2375 4132 2627 4214 vigilet,

683 4226 757 4280 ut
800 4238 931 4280 non
977 4217 1356 4294 circumeat,
1421 4239 1736 4300 quaerens
1780 4239 1971 4300 quem
2030 4217 2296 4283 devoret
2342 4223 2399 4298 (1
2444 4218 2624 4281 Petr.

683 4309 742 4381 5,
782 4305 874 4386 8),
931 4309 1005 4366 ut
1057 4325 1186 4366 non
1246 4312 1551 4385 operetur
1601 4306 1669 4367 in
1705 4303 1858 4368 filiis
1904 4303 2303 4368 diffidentiae
2349 4303 2628 4387 (Ephes.

684 4392 740 4462 2,
787 4388 874 4470 2).
967 4387 1253 4465 Deinde,
1315 4410 1396 4453 66
1444 4390 1706 4454 0616160
1751 4389 1987 4472 61111616
2032 4391 2180 4454 finis
2221 4390 2483 4454 futurus
2528 4398 2630 4454 est

682 4475 822 4538 eius
866 4473 1115 4551 mortis,
1162 4494 1245 4536 an
1295 4475 1469 4540 non?
1562 4473 1638 4540 81
1682 4475 1856 4540 66116
1902 4475 2126 4540 661166
2170 4483 2288 4552 661,
2334 4483 2407 4539 61
2450 4483 2628 4540 66116

681 4558 875 4623 fateri
933 4579 1041 4622 eos
1102 4569 1383 4641 oportet:
1431 4561 1635 4645 igitur
1671 4561 1800 4638 illi,
1846 4561 2325 4644 quantumlibet
2369 4562 2628 4638 mortui,

679 4645 906 4729 ignem
972 4653 1188 4707 tamen
1258 4654 1595 4711 aeternum
1649 4648 1965 4726 sentient,
2029 4655 2098 4713 et
2159 4668 2450 4712 vermem
2517 4647 2629 4728 1161

682 4752 813 4795 6011
860 4730 1160 4794 16011161.
1274 4731 1458 4797 Haec
1536 4733 1719 4798 nobis
1775 4733 2028 4814 clarum
2092 4734 2370 4811 faciunt,
2440 4753 2629 4797 suam

685 4817 944 4880 animae
1007 4817 1590 4896 immortalitatem,
1634 4840 1830 4901 quam
1875 4819 2259 4897 asserimus,
2304 4838 2629 4901 quamque

684 4901 836 4966 boni
890 4901 998 4968 vel
1059 4902 1216 4966 mali
1273 4925 1471 4970 sensu
1516 4913 1817 4970 constare
1861 4905 2169 4983 dicimus,
2239 4903 2440 4969 etiam
2484 4912 2631 4967 tum

823 5072 879 5138 1)
920 5073 1012 5129 Sic
1046 5076 1164 5128 sola
1192 5076 1469 5143 princeps.
1535 5073 1814 5127 Caeterae:
1861 5093 2013 5131 unus.
2220 5076 2280 5142 2)
2331 5074 2630 5143 colligatur,

686 5139 821 5192 1576
858 5158 995 5212 seqq.
1204 5143 1264 5203 3)
1312 5145 1671 5211 monitionem,
1713 5141 2070 5197 1576—1611.
2256 5144 2318 5205 4)
2362 5142 2454 5197 Sic
2487 5145 2634 5198 solae

683 5209 803 5262 edd.
837 5213 1146 5276 primariae
1194 5213 1283 5278 (G.
1333 5213 1635 5275 difficulte).
1706 5210 1833 5265 Iam
1876 5214 2030 5280 apud
2069 5212 2374 5267 Genesium
2409 5213 2632 5281 leqae'tur:

684 5279 993 5333 huiusmodi
1027 5290 1077 5333 et
1111 5283 1189 5335 sic
1224 5283 1420 5336 habent
1455 5297 1637 5334 omnes
1670 5282 2015 5334 recentiores.
2126 5280 2187 5347 5)
2226 5281 2362 5336 1552
2397 5288 2446 5336 et
2472 5281 2630 5337 1563:

686 5348 950 5415 ει6011166ς
990 5347 1122 5401 15ῖ6
1145 5366 1311 5419 seqq„-
1345 5351 1552 5404 iconica
1588 5349 1679 5416 (G.
1701 5365 1804 5404 une
1824 5351 1995 5405 vision
2018 5353 2317 5420 pourtraite
2354 5368 2422 5406 au
2458 5352 2590 5414 vif).

2728 2245 2887 2309 mini
2936 2245 3128 2310 dedit.
3204 2243 3311 2308 Ad
3355 2245 3532 2308 hunc
3567 2243 3835 2308 modum
3878 2244 4158 2328 legimus
4201 2245 4272 2309 in
4318 2243 4484 2308 libro
4524 2244 4672 2310 Iob:

2726 2333 3060 2396 Memento
3101 2332 3251 2412 quia
3296 2330 3468 2395 sicut
3508 2329 3724 2394 lutum
3767 2331 3997 2395 feceris
4042 2351 4166 2408 me,
4213 2343 4281 2395 et
4324 2330 4395 2393 in
4443 2330 4675 2412 pulve-

2727 2439 2866 2482 rem
2912 2416 3185 2481 reduces
3230 2437 3336 2482 me
3384 2416 3546 2497 (Iob.
3595 2422 3688 2494 10,
3729 2421 3814 2498 9).
3885 2416 4222 2481 Hactenus
4267 2415 4347 2480 de
4389 2437 4672 2498 corpore.

2725 2502 2934 2568 Paulo
2997 2512 3146 2585 post
3197 2502 3417 2571 subdit
3460 2500 3540 2566 de
3596 2502 3857 2584 spiritu:
3914 2503 4140 2565 Vitam
4185 2510 4252 2565 et
4305 2503 4673 2567 misericor-

2729 2589 2904 2653 diam
2963 2587 3243 2653 tribuisti
3301 2588 3461 2651 mihi
3481 2639 3494 2665 ‚
3543 2595 3609 2651 et
3653 2588 3941 2652 visitatio
3986 2598 4103 2652 tua
4144 2586 4499 2653 custodivit
4541 2589 4676 2671 spi-

2728 2675 2926 2739 ritum
2972 2696 3190 2738 meum
3236 2673 3417 2756 (ibid.
3458 2697 3515 2736 v.
3566 2676 3686 2754 12).
3764 2672 3894 2737 Illa
3938 2675 4142 2757 igitur
4189 2674 4323 2737 vita
4365 2694 4497 2737 non
4534 2684 4678 2738 erat

2728 2760 3018 2824 reditura
3062 2762 3131 2822 in
3173 2760 3527 2842 pulverem.
3622 2761 3803 2823 Mors·
3847 2761 4100 2823 animae
4135 2759 4329 2842 longe
4373 2758 4500 2823 alia
4544 2768 4672 2824 est:

2727 2846 3039 2911 iudicium
3082 2845 3327 2910 seilicet
3348 2843 3495 2921 Dei,
3535 2848 3716 2909 cuius
3753 2847 4142 2927 gravitatem
4182 2846 4422 2909 misera
4457 2846 4679 2909 anima

2726 2934 2898 2996 ferre
2940 2953 3072 2996 non
3116 2939 3345 3014 potest,
3388 2932 3542 3013 quin
3591 2945 3726 2994 tota
3760 2931 4222 3007 confundatur,
4268 2930 4584 3011 concidat,
4610 2944 4680 2996 61

2728 3018 3084 3101 dispereat:
3140 3026 3212 3082 ut
3255 3029 3320 3082 et
3363 3018 3724 3099 scripturae
3768 3040 3888 3082 nos
3933 3016 4196 3095 docent,
4253 3026 4320 3081 et
4361 3038 4486 3080 usu
4531 3017 4679 3100 ipso

2730 3105 2985 3187 experti
3028 3111 3200 3180 sunt,
3247 3124 3408 3186 quos
3447 3105 3629 3169 Deus
3675 3104 3945 3168 horrore
3988 3103 4099 3167 illo
4136 3102 4483 3185 aliquando
4525 3124 4682 3186 per-

2732 3190 2909 3254 culit.
2992 3194 3109 3268 [fol.
3149 3194 3254 3267 26]
3313 3189 3407 3254 Ut
3461 3190 3639 3253 enim
3692 3189 3773 3253 ab
3815 3189 4033 3254 Adam
4088 3188 4504 3272 incipiamuS‚
4563 3191 4681 3272 qui

2730 3277 2981 3360 primus
3027 3274 3290 3339 exitiale
3330 3274 3494 3339 111611
3538 3275 3940 3358 stipendium
3983 3274 4240 3354 meruit,
4286 3296 4412 3357 quo
4459 3277 4682 3339 animo

2731 3369 3039 3445 putamus
3072 3362 3290 3438 fuisse,
3337 3361 3469 3424 imo
3512 3360 3670 3442 quid
3705 3363 3971 3426 omnino
4013 3360 4232 3430 fuisse.
4276 3381 4477 3443 quum
4524 3361 4683 3425 hor-

2734 3447 2988 3512 ribilem
3032 3446 3214 3510 illam
3260 3466 3484 3511 vocem
3540 3447 3817 3511 audivit:
3888 3444 4104 3510 Adam
4148 3446 4260 3510 ubi
4304 3445 4419 3512 es?
4486 3447 4683 3512 Faci-

2733 3535 2863 3598 lius
2921 3552 3075 3597 sane
3131 3541 3230 3597 est
3275 3533 3588 3615 cogitare,
3635 3554 3834 3614 quam
3878 3530 4122 3597 dicere:
4177 3553 4550 3614 quanquam
4594 3555 4682 3597 ne

2735 3618 3006 3703 eogitari
3048 3617 3311 3699 quidem
3354 3625 3585 3701 potest,
3633 3618 3761 3682 nisi
3805 3618 4144 3684 sentiatur.
4232 3619 4326 3682 Et
4369 3619 4683 3701 quemad-

2732 3706 2999 3770 modum
3042 3705 3344 3768 maiestas
3387 3705 3517 3768 Dei
3560 3725 3753 3786 quam
3797 3705 3884 3767 sit
3925 3703 4253 3782 sublimis,
4303 3704 4522 3769 verbis
4566 3724 4684 3769 ex-

2733 3791 2960 3874 plicari
3006 3811 3134 3854 non
3171 3797 3413 3873 potest:
3457 3791 3549 3852 ita
3585 3812 3701 3854 nec
3736 3810 3932 3872 quam
3965 3787 4273 3854 terribilis
4310 3791 4397 3854 sit
4438 3789 4540 3853 ira
4577 3790 4681 3868 iis,

2734 3878 2968 3960 quibus
3013 3876 3349 3940 incumbit.
3441 3875 3689 3940 Vident
3749 3885 4159 3958 praesentem
4202 3875 4332 3940 Dei
4385 3877 4684 3959 omnipo-

2733 3965 2929 4028 tentis
2973 3963 3394 4045 gravitatem:
3442 3981 3637 4043 quam
3674 3969 3749 4025 ut
3783 3961 4119 4044 effugiant,
4165 3960 4236 4024 in
4272 3960 4451 4026 mille
4488 3962 4684 4045 abys-

2734 4070 2838 4115 sos
2891 4070 2960 4113 se
3005 4047 3407 4131 demergere.
3439 4048 3655 4129 parati
3704 4055 3889 4124 sunt,
3949 4047 4237 4130 effugere
4281 4056 4503 4111 tamen
4546 4068 4683 4112 non

2733 4143 3022 4218 possunt.
3071 4134 3163 4196 Et
3197 4134 3344 4215 quis
3380 4154 3510 4197 non
3546 4134 3833 4198 fateatur
3867 4132 4038 4198 hanc
4075 4153 4216 4197 esse
4251 4154 4480 4198 veram
4514 4154 4686 4197 mor-

2734 4221 2910 4285 tem?
3014 4219 3145 4284 Hic
3202 4240 3464 4282 rursum
3530 4217 3704 4295 dice,
3772 4219 3990 4282 verbis
4045 4240 4207 4300 opus
4253 4241 4384 4283 non
4440 4219 4686 4284 habere

2735 4327 2875 4383 606,
2927 4305 3053 4387 qui1
3097 4303 3442 4386 aliquando
3497 4305 3928 4368 conscientiae
3982 4306 4269 4369 cauterio
4312 4306 4684 4387 compuncti

2735 4401 2917 4457 sunt:
2977 4392 3087 4474 qui
3142 4412 3300 4454 vcro
3357 4391 3610 4470 experti
3666 4411 3800 4454 non
3846 4399 4027 4468 sunt,
4086 4390 4357 4456 audiant
4400 4392 4685 4474 scriptu-

2733 4500 2866 4542 ras:
2928 4477 3159 4558 quibus
3202 4477 3385 4539 Deus
3431 4484 3679 4553 noster,
3737 4476 3907 4558 ignis
3952 4496 4340 4542 consumens
4384 4485 4511 4540 est:
4570 4477 4685 4559 qui

2736 4563 2891 4627 dum
2937 4564 3005 4626 in
3058 4561 3301 4626 iudicio
3354 4561 3661 4644 loquitur,
3718 4561 3968 4626 oceidit.
4059 4561 4286 4627 Talem
4340 4571 4679 4640 noverant,

2736 4650 2849 4731 qui
2895 4648 3235 4712 dixerunt:
3280 4647 3344 4710 N
3346 4668 3430 4710 on
3472 4647 3781 4729 loquatur
3821 4646 4149 4713 Dominus
4190 4648 4548 4726 nobiscum,
4594 4669 4682 4712 ne

2734 4737 2899 4798 forte
2954 4735 3312 4798 moriamur
3361 4732 3591 4814 (Deut.
3645 4736 3704 4812 5,
3756 4736 3835 4795 25
3852 4757 3867 4812 ;
3925 4738 4019 4811 18,
4065 4738 4171 4812 16;
4220 4735 4343 4798 Ex.
4401 4739 4502 4812 20,
4548 4734 4680 4817 19).

2737 4820 2961 4885 Vultis
3007 4819 3171 4884 scire
3214 4838 3378 4900 quae
3423 4820 3510 4882 sit
3551 4819 3808 4883 animae
3853 4820 4070 4884 mors?
4160 4821 4305 4884 Deo
4352 4839 4592 4896 carere,
4643 4841 4686 4884 a

2734 4905 2882 4970 Deo
2920 4906 3244 4970 desertam
3281 4925 3441 4979 esse,
3479 4903 3601 4968 sibi
3636 4905 3934 4970 relictam
3972 4925 4131 4971 esse.
4188 4905 4265 4970 81
4300 4906 4477 4969 enim
4496 4904 4686 4970 Deus

2736 4993 2877 5057 eius
2922 4993 3059 5058 vita
3103 4999 3231 5070 cst,
3278 4988 3496 5074 perdit
3537 4991 3742 5056 vitam
3786 5012 4003 5070 suam,
4050 5013 4251 5074 quum
4294 4991 4514 5074 perdit
4552 4992 4688 5056 Dei

2738 5078 3189 5161 praesentiam.
3280 5078 3500 5158 Atque
3545 5084 3622 5141 ut
3663 5073 3836 5159 quod
3875 5075 4120 5142 dictum
4166 5086 4267 5142 est
4305 5078 4375 5140 in
4414 5077 4687 5143 univer*-

2739 5186 2914 5239 sum,
2975 5164 3272 5246 partibus
3327 5161 3731 5227 ostendatur:
3789 5164 3845 5226 si
3899 5173 4088 5228 extra
4126 5164 4347 5228 Deum
4388 5163 4507 5228 lux
4551 5184 4689 5228 606

2740 5260 2856 5327 661,
2903 5271 3067 5331 quae
3111 5249 3285 5314 nocti
3330 5256 3593 5313 nostrae
3635 5248 3880 5313 luceat:
3938 5248 4048 5313 ubi
4093 5249 4207 5314 lux
4251 5248 4367 5314 illa
4411 5270 4482 5314 66
4526 5250 4689 5314 6611·

2741 5335 3020 5412 duxerit,
3069 5335 3287 5399 anima
3325 5342 3501 5399 certe
3544 5336 3612 5398 in
3656 5332 3948 5399 tenebris
3991 5335 4126 5400 suis
4169 5335 4444 5417 sepulta,
4492 5356 4694 5402 caeca
