5100 6061
312 415 455 501 ,129

342 600 463 664 tior
504 599 587 662 ad
632 598 1114 676 absolvendum,
1162 619 1356 681 quam
1394 598 1476 663 ad
1523 598 1990 664 damnandum.
2083 598 2281 680 Quod

341 686 528 751 etiam
575 685 829 769 legibus
859 686 1289 750 constitutum
1329 692 1460 749 est:
1506 685 1681 767 quod
1727 687 2016 751 sanctius
2061 683 2285 750 creda-

1592 411 1880 475 LIBER
1916 410 1969 474 Ι.
2061 409 2363 477 CAPUT
2398 412 2594 478 XIX.
2662 411 2820 476 XX.
2888 410 3085 476 XXI.

4223 422 4349 483 130

2390 600 2468 664 ab
2513 600 2920 683 inferioribus
2951 601 3183 682 petitus
3216 602 3602 683 violatusque
3648 608 3752 667 est.
3851 606 4017 668 Nam
4057 608 4133 684 si,
4192 627 4344 687 quos

2381 707 2576 766 pares
2615 688 2956 767 abiquando
3001 687 3248 765 habuit,
3292 688 3472 768 infra
3519 709 3583 751 se
3626 690 3818 768 videt,
3865 694 4023 756 sotis
4065 694 4342 758 viruiica-

341 780 446 835 tur
485 772 884 853 impunitum
924 771 1204 853 relinqui
1252 773 1505 836 facinus
1564 773 1887 849 nocentis,
1933 792 2127 854 quam
2183 772 2284 834 in·
2336 756 2339 839 :¹
2391 777 2493 835 tus
2535 778 2638 836 est.
2733 772 2958 854 Reyem
2990 779 3048 838 et
3080 792 3298 838 servus
3332 775 3566 851 occidit,
3604 780 3661 837 et
3691 796 3968 858 serpens,
4006 784 4062 840 et
4094 781 4342 861 sayitta.

342 865 678 922 nocentem
725 856 1041 921 damnari.

516 961 598 1025 Ut
638 961 966 1042 manifeste
1009 961 1219 1025 laesus
1262 954 1549 1025 animum
1596 962 1665 1025 in
1692 965 1994 1042 'potestate
2038 958 2282 1046 habeat]

341 1047 520 1113 Haec
557 1046 941 1112 clementiae
980 1054 1148 1124 sunt,
1187 1055 1262 1111 ut
1294 1048 1599 1130 princeps
1637 1067 1798 1128 quas
1844 1047 2127 1111 offensas
2172 1067 2287 1130 po-

340 1141 464 1197 test
518 1133 690 1197 iuste
738 1132 1101 1208 vindicare,
1161 1133 1334 1197 ultro
1393 1132 1739 1210 condonet,
1789 1140 1854 1197 et
1911 1133 2116 1197 dolori
2172 1154 2287 1197 suo

337 1220 627 1301 imperet,
670 1239 754 1282 ne
791 1219 1107 1282 ustionem
1145 1220 1574 1301 concupiscat'
1655 1218 1958 1283 Dicimur
1994 1220 2287 1282 animum
2336 1238 2341 1311 ἓ
2391 1306 2513 1349 nae
2546 1287 2708 1350 satis
2742 1292 2877 1350 erat
2964 1287 3256 1351 Perdidit
3289 1290 3453 1352 enim
3484 1291 3682 1353 vitam
3720 1292 3831 1371 qui
3865 1292 4029 1356 debet
4085 1300 4140 1357 et
4174 1297 4319 1374 quis

2336 1332 2341 1369 τ
2881 1337 2893 1350 ·
4030 1342 4043 1370 ’
4320 1333 4346 1344 “

337 1306 403 1368 in
443 1312 766 1387 potestate
808 1303 1065 1381 habere,
1113 1326 1315 1389 quum
1361 1305 1539 1369 nullo
1564 1306 1803 1370 affectu
1850 1306 2173 1386 rapimur,
2222 1312 2287 1368 et

377 1391 742 1455 assionibus
767 1391 965 1455 animi
993 1411 1125 1455 non
1157 1413 1381 1456 sumus
1417 1391 1698 1467 obnoxii,
1735 1400 2078 1474 propterea
2114 1388 2286 1473 quod

335 1412 702 1541 Euiusmodi
752 1477 1269 1558 perturbationes
1308 1475 1649 1540 arbitrium
1710 1476 1893 1542 nobis
1938 1485 2003 1541 et
2047 1476 2284 1565 volun-

340 1563 487 1627 tatis
521 1562 890 1627 libertatem
930 1562 1246 1627 adimunt.
1306 1561 1480 1627 Cato
1516 1563 1585 1626 in
1625 1565 1914 1627 oratione
1952 1584 2068 1645 pro
2103 1562 2286 1626 Rho-

340 1648 702 1714 diensibus:
729 1648 876 1729 Quo
900 1651 1144 1713 maiore
1169 1669 1363 1730 opere
1389 1647 1530 1713 dico
1562 1644 1947 1732 suadeoque,
1987 1650 2079 1712 uti
2123 1648 2285 1714 haec
2336 1636 2341 1697 Υ

338 1753 437 1799 res
482 1735 733 1817 aliquot
776 1734 913 1798 dies
958 1736 1339 1816 proferatur,
1388 1733 1543 1798 dum
1588 1757 1669 1799 ex
1715 1743 1900 1799 tanto
1938 1733 2173 1818 gaudio
2218 1736 2283 1800 in

340 1828 727 1903 potestatem
764 1828 1058 1886 nostram
1098 1819 1459 1884 redeamus,

514 1924 1038 2005 Quemadmodum
1070 1945 1205 1988 non
1246 1928 1333 1988 est
1375 1925 1590 2007 magni
1644 1923 1874 2011 animi]
1926 1925 2289 2008 Aptissima

337 2010 750 2093 comparatio,
798 2008 1386 2089 Quemadmodum,
1412 2010 1641 2092 inquit,
1677 2009 1840 2076 haec
1872 2021 2291 2094 praepostera

336 2095 709 2173 liberalitas,
749 2116 910 2178 quae
948 2098 1161 2159 aufert
1200 2096 1362 2174 aliis,
1399 2093 1570 2179 quod
1607 2095 1751 2160 aliis
1784 2097 2120 2179 largiatur,
2160 2120 2289 2162 non

342 2191 434 2246 est
457 2202 701 2266 magno
727 2182 945 2246 animo
970 2181 1201 2265 digna:
1226 2183 1321 2246 ita
1344 2182 1505 2246 haee
1528 2182 1757 2246 veniae
1801 2183 2081 2248 facilitas
2125 2204 2289 2266 quae

342 2268 586 2332 alienas
630 2268 910 2333 offensas
959 2265 1297 2345 condonat,
1346 2290 1480 2331 non
1524 2277 1624 2331 est
1665 2268 1860 2352 digna
1906 2269 2289 2339 clementiae

339 2354 547 2418 titulo.
640 2352 863 2434 Quum
902 2342 1129 2418 autem
1183 2355 1294 2436 qui
1350 2354 1562 2417 alieno
1615 2353 1955 2437 dispendio
2015 2355 2290 2424 benefici

337 2438 542 2503 videri
588 2438 833 2518 volunt,
872 2440 941 2502 in
987 2438 1221 2511 eadem
1252 2430 1394 2503 sint*
1427 2440 1769 2519 iniustitia,
1818 2461 1892 2505 ac
1934 2441 1990 2505 si
2035 2443 2104 2504 in
2150 2463 2289 2506 rem

338 2546 522 2589 suam
542 2578 555 2597 .
602 2525 881 2590 alienam
926 2533 1342 2606 convertant,
1392 2525 1555 2589 nihil
1602 2527 1853 2591 faciunt
1905 2525 2095 2592 laude
2150 2527 2212 2591 di

339 2633 516 2676 num.
606 2610 778 2675 Vide
816 2610 1201 2676 Ciceronem
1246 2610 1432 2676 offic.
1480 2611 1533 2676 I.
2160 2617 2166 2625 '

508 2714 611 2779 De
653 2715 856 2779 alieno
902 2712 1211 2800 liberalis]
1255 2714 1454 2779 Hunc
1498 2715 1716 2780 locum
1759 2716 1921 2781 citat
1972 2717 2293 2781 Erasmus

339 2803 405 2865 in
448 2797 863 2867 Chiliadibus
905 2801 1081 2865 inter
1126 2801 1565 2882 proverbiales
1610 2803 1993 2879 sententias:
2056 2803 2162 2869 cui
2206 2802 2293 2868 si-

340 2888 491 2953 mile
537 2894 639 2951 est
683 2906 946 2951 carmen
992 2886 1263 2951 Homeri
1314 2892 1461 2965 [pag.
1508 2893 1652 2967 122]
1700 2886 1937 2973 Odyss.
1986 2907 2053 2974 ρ;

912 2982 1053 3040 Ἐπεὶ
1088 2987 1234 3046 οὔτις
1271 2987 1552 3056 ἐπίσχεσις
1588 2984 1707 3042 οὐδ’
1740 2988 1947 3054 ἐλεητύς

712 3051 1033 3126 Ἀλλοτρίων
1064 3061 1427 3127 χαρίσασθαι.

339 3146 504 3213 Nam
554 3167 663 3210 res
697 3146 927 3229 largiri
971 3146 1219 3212 alienas
1264 3146 1450 3212 nulla
1489 3168 1596 3212 res
1644 3148 1836 3227 vetat,
1884 3170 2094 3232 neque
2140 3170 2296 3214 vero

344 3234 534 3317 viget.
612 3232 863 3296 Eadem
904 3233 1102 3297 verba
1138 3233 1377 3313 repetit
1423 3231 1675 3298 Seneca
1720 3233 1887 3298 libro
1912 3234 2001 3298 H.
2050 3234 2294 3318 Epist:

341 3318 489 3383 Non
512 3331 618 3383 est
640 3315 809 3400 quod
833 3318 1090 3381 mireris
1114 3319 1404 3381 animum
1440 3341 1679 3396 meum,
1722 3319 1932 3386 adhuc
1970 3319 2048 3385 de
2086 3321 2296 3386 alieno

343 3403 630 3468 liberalis
674 3427 834 3468 sum.
926 3405 1059 3469 Pro
1101 3403 1327 3467 eodem
1375 3405 1697 3488 Apuleius
1734 3405 1901 3470 libro
1948 3406 2104 3471 VII.
2152 3409 2293 3471 Me-

2400 857 2688 921 Servavit
2729 859 2978 938 quadem
3019 879 3210 938 neme,
3264 861 3394 923 nisi
3433 861 3643 924 maior
3701 883 3767 925 eo
3822 884 4003 943 quem
4059 867 4341 930 servavit.

2409 942 2514 1009 Uti
2558 944 2766 1024 itaque
2797 947 3077 1008 animose
3113 946 3281 1013 debet
3323 950 3492 1009 tanto
3539 966 3788 1009 munere
3829 949 4100 1028 deorum,
4147 952 4344 1015 dandi

2394 1028 2839 1110 auferendique
2875 1032 3067 1093 vitam
3091 1035 3327 1111 potens,
3371 1033 3440 1094 in
3485 1030 3586 1096 his
3617 1036 3998 1111 praesertim
4040 1057 4195 1116 quos
4228 1040 4344 1101 scit

2391 1115 2737 1195 aliquando
2771 1135 2883 1178 suo
2918 1117 3174 1198 fastiyio
3208 1116 3526 1182 obstitisse.
3619 1118 3754 1183 Hoc
3789 1120 4125 1185 arbitrium
4158 1125 4344 1203 adep-

2391 1207 2523 1278 tus,
2568 1202 2862 1265 ultionem
2903 1203 3194 1280 implevit,
3227 1203 3606 1285 perfecitque
3639 1212 3938 1285 quantum
3981 1228 4163 1271 verae
4195 1230 4345 1288 poe·

2391 1374 2536 1471 quis
2569 1393 2646 1436 ex
2681 1373 2806 1437 alto
2841 1373 2925 1435 acl
2960 1374 3206 1436 inimici
3238 1375 3432 1452 pedes
3474 1375 3764 1452 abiectus,
3809 1378 4086 1442 alienam
4129 1382 4202 1443 de
4245 1401 4344 1443 ca-

2380 1464 2519 1539 pite
2563 1478 2676 1522 suo
2720 1459 3077 1539 reyiamque
3120 1461 3484 1523 sententiam
3532 1464 3919 1541 exspectavit,
3967 1466 4038 1528 in
4076 1471 4343 1530 servato-

2389 1545 2489 1609 ris
2531 1545 2637 1607 sui·
2675 1545 2946 1624 ‚qloriam
2980 1546 3160 1621 vivet,
3189 1544 3459 1624 plusque
3494 1549 3734 1610 nomini
3768 1551 3904 1611 eius
3946 1552 4206 1632 conferet
4248 1554 4343 1615 in-

2392 1630 2677 1705 columis,
2723 1651 2912 1710 quam
2967 1631 3027 1693 si
3069 1651 3145 1693 ex
3189 1631 3384 1694 oculis
3436 1632 3680 1698 ablatus
3733 1641 3899 1698 esset.
3990 1637 4343 1702 Assiduum

2392 1717 2561 1780 enim
2593 1717 3004 1795 spectaculum
3039 1716 3282 1781 alienae
3315 1718 3566 1780 virtutis
3602 1724 3722 1782 est:
3765 1723 3832 1783 in
3876 1722 4186 1803 triumpho
4230 1726 4344 1789 ceto

2393 1803 2739 1867 transisset.
2832 1800 2905 1865 Si
2940 1822 3081 1866 vero
3116 1822 3373 1883 reanum
3407 1823 3640 1885 quoque
3681 1826 3866 1868 suum
3905 1813 4031 1871 tuto
4073 1810 4344 1891 relinqui

2394 1889 2571 1969 apud
2604 1908 2746 1951 eum
2775 1889 2998 1967 potu-it,
3047 1890 3376 1968 reponique
3419 1910 3485 1952 eo
3528 1890 3692 1954 unde
3735 1891 4065 1971 deciderat,
4113 1897 4343 1977 inqenti

2394 1975 2760 2037 incremento
2799 1975 3005 2056 surqit
3037 1975 3182 2039 taus
3218 1976 3369 2051 eius,
3417 1976 3530 2055 qui
3564 1980 3873 2041 contentus
3912 1980 4053 2057 tuit,
4091 2002 4164 2042 er
4206 2003 4344 2064 φερε

2394 2061 2548 2124 victo
2593 2059 2755 2123 nihil
2787 2064 3042 2139 praeter
3084 2061 3352 2141 ylariani
3394 2081 3654 2125 sumere.
3745 2062 3878 2125 Hoc
3921 2070 4008 2127 est
4047 2068 4234 2130 etiam
4269 2090 4343 2131 ea·

2394 2146 2656 2209 victoria
2698 2166 2818 2210 sua
2861 2146 3277 2225 triumphare,
3324 2149 3655 2226 testarique
3699 2149 3860 2212 nihil
3897 2172 3963 2212 se
4004 2154 4166 2231 quod
4206 2154 4342 2235 ἀέρ-

2396 2251 2548 2294 num
2584 2237 2738 2296 esset
2771 2233 3032 2296 victoria
3066 2234 3238 2312 apud
3278 2234 3465 2295 victos
3501 2235 3825 2299 invenisse.
3898 2235 4053 2298 (lum
4091 2239 4342 2309 civibus,

2397 2322 2452 2381 et
2494 2318 2741 2399 iynotis,
2779 2323 2960 2398 atque
2994 2318 3336 2382 humilibus
3371 2339 3437 2381 eo
3472 2320 3855 2383 moderatius·
3890 2325 4199 2402 ayendum
4242 2330 4345 2402 est,

2395 2424 2515 2484 quo
2562 2404 2824 2468 minoris
2866 2409 2954 2468 est
2996 2403 3311 2484 afflixisse
3360 2410 3507 2482 [pag.
3557 2412 3703 2481 1231
3750 2426 3866 2469 eos.
3965 2409 4348 2488 Qibusdam

2396 2489 2652 2554 libenter
2673 2510 2928 2570 parca-9,
2965 2510 3008 2554 a
3051 2490 3422 2571 quibusdam
3459 2496 3514 2553 te
3555 2491 3875 2554 vindicare
3916 2493 4218 2572 fastidias
4235 2546 4248 2571 ,
4293 2502 4350 2561 et

2218 2550 2289 2611 g·
2340 2546 2346 2647 i
2397 2595 2520 2640 non
2553 2576 2735 2639 aliter
2756 2597 2947 2656 quam
2981 2575 3060 2639 ab
3094 2577 3479 2640 animalibus
3503 2578 3741 2655 parvis,
3788 2583 3842 2640 et
3863 2578 4225 2645 obterentem
4253 2583 4350 2645 in-

2398 2661 2834 2745 quinantibus,
2885 2663 3237 2727 reducenda
3270 2682 3502 2725 manus
3537 2667 3640 2727 est.
3730 2663 3824 2725 At
3869 2664 3935 2727 in
3978 2665 4079 2728 his
4122 2669 4234 2748 qui
4279 2670 4348 2731 in

2344 2782 2347 2793 ·
2399 2767 2502 2812 ore
2542 2747 2817 2813 civitatis
2869 2748 3103 2812 servati
3148 2749 3485 2828 punitique
3538 2755 3745 2825 erunt,
3805 2753 4117 2814 occasione
4175 2759 4348 2817 notae

2399 2834 2747 2898 clementiae
2780 2834 3075 2898 utendum
3117 2839 3218 2896 est.

2571 2953 2852 3017 Partitio
2887 2953 3067 3032 haec,
3105 2960 3179 3016 ut
3202 2952 3507 3029 diximuS,
3547 2952 3629 3018 ad
3665 2954 3944 3037 primum
3985 2958 4349 3021 membrum

2399 3042 2650 3124 primae
2694 3061 2768 3106 ac
2807 3041 3194 3123 praecipuae
3238 3041 3607 3123 partitionis
3652 3041 3994 3105 referenda
4048 3053 4178 3120 est,
4238 3045 4347 3108 ubi

2400 3148 2519 3192 rex
2565 3126 2709 3192 vult
2751 3128 3027 3191 iniurias
3069 3147 3218 3190 suas
3264 3126 3612 3190 vindicare.
3689 3126 3910 3211 Vulgo
3955 3128 4349 3193 subdivisio-

2401 3235 2554 3278 nem
2576 3221 2830 3277 vocant.
2899 3209 3384 3296 Argumentum
3431 3222 3530 3277 est
3566 3211 3737 3295 quod
3784 3213 4078 3278 rhetores
4111 3224 4350 3280 vocant

2401 3321 2482 3364 ex
2519 3300 2898 3376 remotione,
2936 3301 3005 3362 in
3043 3321 3169 3382 quo
3206 3299 3527 3363 tolluntur
3560 3308 3800 3381 partes,
3840 3310 3910 3362 ut
3946 3309 4155 3364 tot-um
4192 3323 4349 3384 quo-

2399 3408 2524 3469 que
2561 3384 2830 3450 tollatur
2842 3409 2857 3464 ;
2903 3395 2980 3448 ut
3014 3386 3148 3449 hic:
3198 3387 3523 3468 appetitur
3560 3385 3721 3449 ultio
3758 3396 3871 3449 aut
3906 3384 3987 3449 ad
4025 3387 4347 3467 solatium,

345 3489 665 3572 tamorph.
707 3488 876 3553 dixit
910 3489 1139 3554 ludere
1174 3488 1253 3553 de
1289 3490 1501 3554 alieno
1530 3492 1722 3556 corio,
1794 3491 2044 3557 Contra
2066 3492 2295 3559 Cicero
2345 3495 2351 3558 l
2401 3481 2514 3535 aut
2549 3472 2633 3536 ad
2672 3473 3120 3551 secul'statflmi
3168 3481 3481 3535 neutrum
3516 3472 3791 3554 ΡΥῙΠΟῘΡἰ
3833 3473 4156 3550 00¹¹V011st2
4195 3496 4350 3558 ‘3180

345 3576 447 3664 lib.
474 3576 606 3641 ΙΙΙ,
644 3576 705 3640 E
753 3578 889 3640 ist.:
930 3575 1155 3656 Quum
1192 3585 1257 3639 et
1294 3589 1535 3641 natura
1580 3598 1839 3660 semper
1886 3578 1965 3642 ad
2011 3580 2294 3661 largien-

344 3661 497 3727 dum
541 3685 628 3728 ex
737 3663 879 3726 'eno
924 3663 1157 3726 fuerim
1202 3662 1576 3727 restrictior.

513 3749 605 3813 In
648 3748 846 3812 alieno
890 3748 1093 3813 dolore
1132 3746 1412 3834 facilem]
1460 3743 1540 3812 Id
1585 3757 1688 3813 est
1721 3747 2175 3833 indulgentem
2230 3758 2296 3814 et

347 3834 761 3912 exorabilem,
801 3842 866 3898 et
901 3834 982 3898 ad
1032 3833 1499 3917 ignoscendum
1534 3844 1864 3917 paratum,
1911 3844 1988 3901 ut
2024 3834 2297 3902 Servius

349 3920 823 4005 interpretatur
857 3920 946 3984 H.
980 3919 1207 3984 Bucol.
1233 3920 1541 4004 Vergilii:

566 4025 642 4077 Et
678 4039 800 4092 quo,
841 4022 937 4076 sed
972 4022 1160 4077 faciles
1197 4022 1477 4092 Nymphae
1518 4025 1701 4091 risere,
1741 4025 1960 4078 sacello.

342 4108 525 4174 Idem
574 4109 695 4175 IV.
744 4109 1143 4192 Georgicon:

460 4212 651 4266 Tende
687 4221 877 4280 petens
914 4228 1120 4281 pacem,
1158 4221 1212 4265 et
1247 4213 1434 4267 faciles
1471 4229 1732 4267 venerare
1769 4213 2040 4281 Napaeas.

344 4298 768 4381 Tranquillus
789 4300 861 4363 in
898 4299 1193 4363 Tiberio:
1231 4299 1299 4363 Is
1336 4300 1499 4364 forte
1535 4307 1696 4365 tunc
1731 4300 1825 4365 M.
1864 4299 2054 4364 Lolio
2090 4300 2294 4365 offen-

343 4384 492 4463 sior,
538 4384 749 4450 facilis
785 4384 1258 4467 exorabilisque
1301 4388 1369 4450 in
1415 4386 1719 4450 vitricum
1763 4387 1902 4450 fuit.
1995 4387 2294 4452 Donatus

343 4470 410 4532 in
436 4470 800 4553 Adelphos:
827 4471 1088 4548 Facilis,
1127 4471 1309 4536 cuius
1346 4473 1442 4535 ira
1477 4471 1605 4536 cito
1641 4472 1949 4550 solvitur;
1988 4473 2292 4551 clemens,

345 4558 453 4638 qui
498 4578 635 4620 non
676 4558 804 4622 cito
838 4557 1159 4622 irascitur.

1046 4848 1347 4914 CAPUT
1393 4849 1585 4915 XXI.

529 4985 708 5051 Ultio
770 4986 937 5051 duas
999 5007 1103 5051 res
1163 4993 1494 5067 praestare
1545 4988 1722 5052 solet:
1815 4993 1924 5051 atat
2004 4987 2293 5051 solatium

344 5074 528 5153 affert
570 5074 629 5137 ei
672 5074 781 5152 qui
824 5074 1053 5154 accepit
1093 5073 1427 5150 iniuriam,
1475 5078 1584 5136 aut
1636 5074 1706 5136 in
1758 5073 2069 5154 reliquum
2125 5093 2295 5137 sectae

342 5159 606 5223 ritatem.
698 5156 1026 5241 Principis
1074 5159 1282 5223 maior
1334 5164 1425 5221 est
1472 5159 1753 5238 fortuna,
1812 5179 2000 5239 quam
2054 5164 2124 5223 ut
2177 5153 2294 5246 tali

344 5243 571 5309 solatio
621 5249 787 5326 eyeat
803 5270 821 5307 .·
897 5243 1407 5342 manifestiorque
1473 5244 1599 5320 vis,
1679 5265 1869 5324 quam
1944 5252 2014 5309 ut
2089 5245 2292 5309 alieno

2346 3579 2349 3590 ·
2400 3580 2519 3622 nec
2567 3557 2873 3622 vindicta.

2578 3661 2885 3724 Solatium
2927 3663 3108 3742 affert
3151 3659 3282 3747 illi]
3338 3661 3594 3726 Eadem
3655 3662 4006 3742 partitione
4052 3685 4208 3728 usus
4254 3675 4352 3728 est

2402 3746 2631 3813 Cicero
2675 3747 2746 3810 in
2785 3747 3078 3810 oratione
3169 3767 3242 3811 ro
3289 3745 3621 3812 Cluentio:
3682 3748 4006 3813 Homines
4052 3749 4349 3814 inimicos

2401 3855 2552 3899 suos
2595 3841 2805 3897 morte
2840 3833 3009 3896 affici
3035 3854 3113 3896 vo
3141 3841 3280 3907 unt,
3325 3832 3431 3896 vel
3467 3833 3639 3915 quod
3674 3843 3992 3912 metuunt,
4037 3833 4142 3897 vel
4177 3834 4352 3916 quod

2401 3918 2699 3984 oderunt.
2773 3919 3075 3983 Priorem
3117 3927 3376 4000 partem
3421 3919 3642 4002 attigit
3686 3917 3970 3983 Callistr.
4018 3919 4057 3983 l.
4105 3920 4349 4001 capita-

2399 4005 2563 4070 lium
2621 4007 2668 4087 §.
2723 4005 3007 4068 famosos
3053 4004 3118 4067 ff.
3180 4003 3258 4068 de
3312 4005 3555 4086 poenis.
3644 4004 3738 4068 Ut
3793 4004 4050 4081 solati0‚
4118 4005 4346 4088 inquit,

2402 4092 2487 4156 sit
2527 4091 2824 4174 cognatis
2867 4099 2934 4153 et
2978 4089 3285 4154 affinibus
3330 4091 3889 4172 interemptorum,
3936 4090 4162 4155 eodem
4206 4091 4347 4157 loco

2445 4197 2614 4241 oena
2653 4175 2929 4254 reddita,
2974 4197 3101 4259 quo
3145 4176 3431 4241 latrones
3478 4175 3825 4240 homicidia
3864 4176 4175 4241 fecerunt.
4261 4179 4351 4241 Et

2400 4199 2914 4346 gvidius·Eleg.
2960 4263 3048 4326 1..-

2650 4370 2725 4419 At
2759 4375 2818 4419 tu
2854 4382 2920 4419 ne
2957 4365 3158 4431 dubita,
3193 4366 3394 4418 minuet
3430 4363 3661 4417 vindicta
3697 4364 3967 4418 dolorem:
4065 4364 4073 4370 ’

2759 4434 3034 4504 Unguibus
3072 4435 3122 4487 in
3162 4433 3339 4487 vultus
3377 4435 3622 4502 protinus
3658 4434 3733 4486 ire
3773 4434 3913 4487 licet.

2573 4521 2709 4585 Aut
2752 4522 2821 4584 in
2864 4520 3171 4600 reliquum
3228 4516 3644 4605 securitatem]
3704 4517 3813 4583 Ad
3870 4520 4043 4586 hanc
4099 4529 4349 4603 partem

2400 4607 2737 4692 eleganter
2780 4606 3007 4671 allusit
3049 4603 3337 4682 Statius,
3395 4626 3599 4688 quum
3642 4614 3892 4670 metum
3937 4605 4064 4671 odii
4113 4627 4349 4688 paren-

2398 4703 2533 4758 tem
2579 4692 2951 4776 appellavit.

2579 4795 2910 4876 Principis
2950 4795 3156 4858 maior
3197 4792 3312 4880 est]
3369 4795 3669 4871 Refellit,
3714 4794 3887 4877 quod
3932 4779 4201 4859 minime
4246 4817 4348 4861 re-

2401 4884 2583 4967 gium
2628 4883 2715 4947 sit
2757 4881 2879 4946 hoc
2925 4880 3142 4944 solatii
3188 4901 3423 4964 genus,
3472 4879 3643 4963 quod
3686 4880 3971 4944 humiles
4015 4891 4347 4963 appetunt,

2398 4991 2484 5033 ne
2509 4966 2871 5033 adversarii
2907 4964 3032 5030 sibi
3067 4967 3336 5048 impune
3373 4967 3724 5032 insultent:
3763 4967 3938 5049 regis
3961 4988 4115 5031 vero
4151 4969 4351 5034 maie-

2400 5064 2533 5119 stas
2579 5065 2766 5119 extra
2810 5053 3323 5119 controversiam
3364 5053 3577 5136 posita
3622 5054 3722 5117 sit.

2579 5153 2976 5241 Opinionem]
3007 5156 3642 5255 ‘Existimationem,
3690 5157 3974 5238 passive,
4021 5155 4087 5220 id
4132 5165 4234 5222 est
4278 5166 4353 5221 ut

2395 5243 2596 5308 fidem
2642 5262 2913 5307 suarum
2959 5242 3203 5308 v1rium
3244 5242 3485 5325 populo
3529 5240 3740 5306 faciat.
3832 5240 4064 5308 Cicero
4109 5244 4178 5307 in
4225 5244 4354 5308 To-

343 5330 513 5395 vualo
547 5331 897 5412 opinionem
930 5330 1054 5396 sibi
1086 5331 1324 5394 viritem
1358 5334 1633 5410 quaerat.
1723 5330 1859 5396 Hoc
1901 5331 2055 5409 dico,
2101 5350 2291 5412 quum
2396 5331 2588 5412 picis:
2657 5328 2736 5393 In
2808 5327 3068 5393 homine
3119 5329 3390 5392 virtutis
3456 5327 3675 5409 opinio
3731 5326 3909 5393 valet
3977 5329 4354 5412 plurimum.

559 5431 776 5486 (moini
799 5449 984 5499 opera.
1067 5433 1173 5487 Vol.
1222 5432 1281 5487 V.

3915 5432 3948 5485 9
