5100 6061
660 408 827 474 LIV
1835 401 2382 472 'PRAOTATUS
2426 402 3014 470 THEOLOGIOI
3058 401 3505 469 MINORES.

656 597 868 679 cipum
922 595 1376 660 accessionibus
1431 596 1501 659 in
1546 596 1786 676 primis
1846 599 2053 658 autem
2104 592 2365 658 Daniae
2410 593 2578 674 reyis
2623 597 2679 657 et
2741 592 3226 676 Wirtemberyici
3239 643 3254 671 ,
3325 592 3661 674 multisque
3710 593 3783 656 in
3829 592 3982 658 locis
4032 592 4303 674 formam
4358 592 4684 676 reliqionis

658 709 1022 772 immutasse
1040 758 1055 786 ,
1102 711 1360 787 praeter
1403 706 1592 787 fidem
1637 712 1694 771 et
1750 705 2216 770 iusiurandum.
2308 704 2527 769 Facile
2574 704 2771 785 iyitur
2816 723 3121 784 apparere
3170 724 3329 785 quae
3372 705 3458 769 sit
3515 703 3763 785 reliqua
3808 724 3950 784 spes
3997 704 4073 769 de
4119 704 4272 783 illis,
4323 704 4433 785 qui
4477 707 4681 771 variis

658 818 1043 897 rationibus,
1102 823 1159 883 et
1190 819 1435 898 partim
1479 819 1693 900 qratia
1706 868 1719 894 ,
1758 816 2005 896 partim
2052 817 2145 894 vi,
2193 837 2313 880 sua
2359 816 2430 879 in
2477 819 2687 879 castra
2733 813 3009 879 homines
3058 816 3403 880 traducant.
3493 813 3898 896 Deferbuisse
3943 815 4139 894 enim,
4189 819 4244 878 et
4278 816 4477 896 plane
4520 821 4679 898 tepe-

655 929 893 1014 factam
935 951 1065 995 6336
1105 931 1479 1012 reliyionem,
1538 933 1594 991 et
1646 928 1923 992 homines
1981 927 2266 1009 alioquin
2318 928 2391 991 in
2435 926 2542 992 hoc
2586 946 2717 990 esse
2749 926 3088 1007 proclives,
3133 932 3205 989 ut
3244 926 3542 991 severiori
3583 927 3824 990 deserta
3867 926 4207 1006 disciplina
4250 946 4382 992 sese
4425 928 4680 994 tradant

658 1042 934 1108 molliori
982 1043 1303 1124 maqisque
1357 1040 1598 1106 liberae.
1692 1037 1815 1103 Sed
1857 1060 1935 1103 ne
1975 1038 2076 1102 his
2134 1040 2385 1119 quidem
2435 1039 2670 1119 tinibus
2713 1038 2852 1102 illos
2891 1038 3204 1115 contineri,
3249 1058 3441 1119 neque
3474 1038 3635 1102 satis
3678 1037 3814 1102 illis
3858 1057 3988 1101 esse
4007 1087 4022 1116 ,
4081 1037 4248 1118 quod
4288 1038 4564 1104 homines
4604 1041 4676 1104 in

662 1175 937 1221 errorem
997 1154 1337 1230 abducant,
1394 1152 1523 1215 nisi
1579 1151 1769 1231 etiam
1834 1170 2023 1215 sacra
2064 1150 2407 1232 diripiant,
2450 1150 2767 1233 episcopos
2809 1150 3089 1228 eiiciant,
3134 1154 3189 1214 et
3227 1150 3589 1232 reliyionem
3630 1169 3869 1214 omnem
3898 1150 4271 1232 profanent,
4315 1154 4373 1215 et
4415 1151 4676 1232 impune

661 1266 941 1347 quidem:
982 1266 1108 1329 imo
1160 1282 1325 1327 nunc
1376 1284 1442 1328 eo
1494 1263 1777 1327 licentiae
1831 1280 1961 1326 esse
2004 1281 2403 1344 proyressos,
2451 1267 2522 1325 ut
2565 1262 2752 1325 etiam
2799 1261 3263 1343 inteperrimum
3304 1280 3589 1325 camerae
3645 1260 3953 1325 iudicium
3996 1260 4366 1341 subvertant,
4411 1283 4528 1344 quo
4573 1265 4673 1329 ni-

661 1379 897 1442 mirum
937 1398 1003 1443 eo
1056 1375 1296 1440 sublato
1359 1373 1657 1440 Caesaris
1712 1374 1784 1437 in
1834 1372 2184 1436 Germania
2226 1378 2374 1436 ruat
2418 1374 2752 1450 autoritas,
2804 1378 2856 1437 et
2913 1374 3043 1452 ipsi
3086 1372 3259 1437 nullo
3290 1372 3650 1454 prohibente
3692 1372 3762 1436 in
3803 1372 4080 1437 omnium
4119 1373 4450 1454 facultates
4491 1379 4676 1454 atque

659 1491 856 1553 vitam
886 1508 1007 1570 pro
1050 1507 1169 1551 sua
1213 1485 1475 1550 libidine
1513 1484 1809 1568 yrassari
1850 1484 2119 1563 possint.
2209 1483 2317 1546 Ea:
2361 1485 2640 1564 privatis
2684 1484 2881 1566 iyitur
2925 1484 3059 1547 illis
3112 1483 3458 1548 actionibus
3500 1484 3748 1549 nullam
3801 1504 3932 1548 esse
3988 1486 4372 1564 sperandam
4415 1490 4528 1549 aut
4564 1485 4673 1565 fir-

659 1620 829 1664 mam
884 1606 997 1664 aut
1053 1600 1422 1664 diuturnam
1461 1616 1710 1676 pacem,
1771 1600 1827 1659 et
1877 1596 1937 1659 si
1991 1615 2118 1675 qua
2170 1596 2329 1677 forte
2360 1594 2492 1675 siat,
2538 1615 2661 1658 non
2707 1595 2967 1658 dubium
3019 1615 3150 1660 esse
3192 1596 3348 1676 quin
3400 1617 3475 1659 ea
3526 1596 3889 1677 diynitatem
3937 1616 4180 1660 omnem
4220 1578 4392 1662 sedis
4435 1603 4673 1677 aposto-

660 1711 817 1779 licae
872 1716 928 1775 et
975 1712 1269 1795 politiam
1310 1708 1785 1772 ecclesiasticam
1827 1712 2080 1771 enervet.
2173 1705 2364 1771 Posse
2407 1707 2658 1787 quidem
2701 1707 2833 1770 alia
2877 1706 3077 1770 multa
3118 1707 3344 1787 referri
3387 1706 3495 1770 hoc
3529 1707 3681 1786 locO,
3736 1707 3844 1770 sed
3898 1728 3972 1770 ea
4014 1727 4080 1772 se
4122 1708 4438 1787 brevitatis
4476 1728 4674 1773 causa

650 1824 1143 1905 praetermittere
1156 1846 1174 1883 :
1226 1839 1390 1883 nunc
1445 1823 1648 1882 autem
1691 1839 1820 1884 esse
1848 1820 2221 1900 proximum
2236 1867 2251 1897 ,
2314 1823 2382 1881 ut
2426 1818 2725 1898 quomodo
2767 1817 2947 1882 salva
2990 1818 3282 1900 reliyione
3323 1819 3408 1882 sit
3451 1817 3601 1882 bello
3654 1818 3882 1882 turcico
3920 1819 4380 1899 providendum
4422 1820 4671 1885 investi-

656 1940 850 2018 9etur.
952 1932 1531 1998 Commodissimam
1590 1939 1720 1994 esse
1774 1930 2027 2011 quidem
2084 1930 2391 1994 rationem
2408 1979 2421 2006 ,
2472 1930 2533 1992 si
2576 1934 2989 2008 protestantes
3031 1929 3221 1993 simul
3279 1934 3332 1993 et
3388 1930 3621 2010 reliqui
3662 1930 3915 1994 ordines
3959 1930 4212 1995 auxilia
4253 1931 4640 1995 contribuant
4648 1955 4670 2011 ;

659 2047 767 2112 sed
810 2045 1106 2127 quoniam
1160 2042 1229 2105 id
1285 2043 1544 2106 obtineri
1595 2041 1754 2123 forte
1809 2061 1932 2105 non
1962 2041 2171 2121 possit
2224 2041 2358 2105 nisi
2386 2046 2625 2121 pacata
2668 2040 2991 2123 reliyione,
3057 2045 3114 2104 et
3155 2061 3296 2105 vero
3339 2042 3621 2105 tractatio
3665 2041 3987 2124 reliyionis
4030 2062 4153 2105 non
4186 2043 4273 2107 ad
4314 2042 4668 2125 sinyulares

661 2161 1019 2233 conventus,
1079 2175 1292 2219 verum
1348 2155 1432 2219 ad
1486 2153 1817 2217 concilium
1861 2153 2186 2234 publicum
2230 2154 2571 2233 pertineat,
2628 2156 2781 2216 recte
2820 2151 3138 2232 futurum,
3184 2153 3244 2216 si
3287 2153 3615 2217 concilium
3657 2151 3958 2216 habeatur
3988 2155 4204 2233 primo
4247 2174 4484 2243 quoque
4525 2159 4669 2219 tem-

649 2290 835 2350 pore,
891 2272 946 2331 et
988 2267 1072 2330 ad
1115 2265 1278 2331 illud
1321 2285 1516 2329 causa
1560 2270 1687 2330 tota
1728 2265 2053 2348 reliyionis
2094 2264 2452 2328 reiiciatur:
2507 2264 2601 2328 sic
2650 2263 2815 2327 enim
2865 2263 3001 2344 fore
3035 2268 3113 2326 ut
3155 2269 3210 2327 et
3265 2263 3530 2344 reliquis
3571 2263 3859 2328 omnibus
3903 2265 4172 2345 satisfiat
4227 2271 4283 2329 et
4323 2246 4671 2347 prote-stan·-

656 2378 823 2443 tibus
866 2379 1183 2460 inferatur
1236 2382 1436 2441 metus
1489 2383 1672 2458 atque
1715 2382 1945 2454 terror,
1991 2376 2101 2457 qui
2144 2395 2335 2464 quum
2377 2375 2541 2439 serio
2583 2394 2717 2438 rem
2758 2375 2865 2457 aqi
2909 2374 3196 2439 videbunt
3211 2424 3226 2453 ,
3271 2375 3463 2439 multo
3502 2374 3712 2455 futuri
3755 2376 3882 2439 sint
3922 2376 4402 2458 obsequentiores
4441 2377 4671 2459 mayis-

660 2511 779 2572 que
828 2488 1204 2567 tractabiles,
1257 2490 1417 2570 quod
1473 2489 1557 2554 ad
1612 2489 1945 2553 sanitatem
2000 2486 2125 2551 sibi
2178 2487 2605 2552 revertendum
2647 2506 2776 2551 esse
2791 2536 2806 2565 ‚
2862 2491 2918 2551 et
2969 2486 3038 2551 id
3095 2505 3259 2550 nunc
3302 2487 3411 2569 aqi
3455 2487 3733 2565 videant,
3791 2507 3868 2550 ne
3910 2488 4157 2552 diutius
4199 2488 4271 2552 in
4322 2487 4668 2553 Germania

657 2601 985 2666 tolerentur
1041 2599 1335 2665 haereses.
1434 2599 1686 2664 Etenim
1740 2620 1935 2681 quum
1986 2599 2073 2664 ad
2124 2618 2332 2663 omnes
2373 2597 2649 2663 homines
2689 2599 2762 2660 in
2802 2598 3168 2662 universum
3208 2597 3428 2681 reliyio
3485 2598 3834 2663 christiana
3875 2599 4194 2680 pertineat
4208 2648 4223 2677 ,
4279 2599 4442 2664 nihil
4484 2600 4553 2662 in
4594 2620 4669 2664 ea

659 2713 1036 2778 mutandum
1079 2716 1191 2775 aut
1230 2712 1680 2777 emendandum
1725 2731 1873 2788 esse,
1921 2710 2053 2775 nisi
2095 2711 2171 2775 de
2211 2709 2519 2774 communi
2564 2710 2842 2774 omnium
2878 2709 3166 2774 consilio.-
3213 2729 3325 2773 nec
3366 2710 3452 2773 ad
3493 2730 3688 2773 unam
3729 2710 3908 2776 modo
3957 2710 4387 2788 Germaniam,
4432 2712 4541 2777 sed
4585 2711 4669 2776 ad

667 2824 953 2891 Galliam
995 2829 1052 2888 et
1095 2823 1488 2904 Hispaniam
1546 2827 1603 2887 et
1647 2822 1911 2887 Italiam
1963 2827 2020 2887 et
2062 2821 2334 2902 reliquos
2378 2822 2567 2886 etiam
2602 2821 2871 2902 populos
2919 2821 3371 2900 respiciendum
3414 2841 3560 2886 esse.
3655 2820 3826 2886 Nam
3869 2822 3930 2885 si
3972 2822 4127 2901 quid
4165 2822 4267 2886 his
4301 2822 4668 2887 inconsultis

659 2937 732 3000 in
793 2935 1141 2999 Germania
1197 2939 1494 3013 mutetur,
1559 2935 1851 3016 futurum
1903 2940 1973 2998 ut
2027 2934 2096 2997 id
2152 2934 2221 2996 in
2267 2933 2698 3012 plurimorum
2749 2933 2934 2997 cadat
2976 2932 3501 3011 reprehensionem
3515 2982 3529 3010 ,
3575 2938 3630 2995 et
3674 2935 4100 3013 perniciosum
4129 2934 4433 3014 praebeat
4477 2953 4671 2997 eaeem-

651 3049 870 3130 plum:
915 3047 1177 3111 monstri
1218 3068 1453 3127 quoque
1492 3047 1700 3111 simile
1738 3048 2048 3128 futurum,
2093 3047 2153 3110 si
2196 3045 2446 3126 quidem
2488 3045 2769 3109 ecclesiae
2810 3044 3085 3109 membra
3133 3066 3256 3109 non
3299 3046 3546 3108 omnino
3591 3046 3999 3125 respondeant
4039 3066 4154 3111 suo
4196 3047 4455 3127 corpori.
4557 3045 4671 3109 Ve-

658 3165 889 3224 tustum
924 3160 1112 3223 etiam
1167 3178 1299 3222 esse
1354 3179 1585 3222 morem
1638 3165 1695 3223 et
1747 3158 1892 3222 inde
1934 3155 2014 3221 ab
2058 3157 2355 3238 apostolis
2400 3157 2733 3221 memoriae
2775 3157 3127 3236 proditum,
3186 3161 3256 3220 ut
3297 3157 3628 3221 autoritate
3680 3157 3926 3221 concilii
3972 3158 4421 3222 controversiae
4464 3176 4672 3222 omnes

656 3271 980 3353 finiantur.
1069 3268 1159 3332 Et
1200 3271 1500 3350 quoniam
1539 3290 1750 3334 omnes
1790 3270 1899 3349 pii
1941 3250 2247 3333 continuis
2277 3267 2575 3348 precibus
2615 3272 2798 3349 atque
2839 3269 2997 3331 votis
3036 3268 3365 3333 concilium
3405 3272 3707 3348 expdant,
3749 3288 3949 3350 nuper
3983 3270 4172 3333 etiam
4218 3269 4515 3334 Poloniae
4556 3287 4671 3332 rex

665 3381 1113 3465 Siyismundus
1168 3401 1241 3444 ea
1297 3382 1370 3445 de
1422 3402 1490 3445 re
1530 3382 1724 3446 misso
1771 3381 1964 3463 leyato
1994 3379 2342 3462 pontificem
2375 3380 2817 3459 interpellarit,
2860 3379 2993 3460 fore
3035 3400 3159 3444 non
3198 3380 3458 3468 difficile
3499 3379 3666 3444 illud
3706 3380 3994 3446 inchoare
4007 3431 4021 3460 ,
4054 3382 4438 3461 praesertim
4478 3399 4671 3461 quum

660 3494 791 3575 ipsi
834 3513 1074 3572 quoque
1115 3511 1315 3574 nuper
1357 3491 1513 3555 inito
1553 3492 1796 3573 foedere
1827 3512 1949 3572 per
1991 3491 2440 3556 iusiurandum
2481 3491 2891 3572 promiserint
2906 3540 2921 3569 ,
2989 3511 3245 3571 operam
3285 3511 3353 3555 36
3394 3491 3656 3556 daturos
3697 3503 3936 3556 omnem
3969 3496 4039 3555 ut
4080 3491 4410 3556 concilium
4451 3490 4670 3557 habea-

661 3611 780 3669 tur.
872 3603 1099 3683 Ipsum
1140 3603 1423 3668 videlicet
1475 3608 1715 3685 tempus
1758 3603 1866 3668 Itoc
1909 3622 2042 3668 esse
2083 3603 2448 3685 cumprimis
2491 3607 2905 3684 opportunum
2919 3651 2933 3679 ,
2990 3603 3239 3683 quando
3280 3623 3421 3666 cum
3473 3602 3725 3668 Galliae
3765 3624 3904 3685 reqe
3946 3604 4031 3668 sit
4072 3604 4229 3668 actio
4272 3605 4348 3669 de
4378 3623 4571 3686 pace,
4615 3608 4672 3669 et

662 3721 915 3779 mutuae
957 3713 1398 3779 benevolentiae
1450 3736 1573 3779 non
1615 3736 1813 3779 unum
1854 3716 2104 3797 siqnum
2147 3720 2454 3796 appareat
2469 3765 2483 3791 ,
2520 3719 2579 3778 et
2621 3714 2906 3795 ipsorum
2947 3714 3204 3777 ditionis
3246 3715 3552 3796 episcopis
3592 3714 3709 3778 hac
3747 3716 3987 3779 ratione
4030 3720 4156 3779 tuto
4201 3715 4384 3780 liceat
4425 3736 4492 3779 eo
4525 3736 4671 3797 pro-

658 3827 874 3910 ficisci.
963 3825 1208 3890 Deinde
1238 3829 1551 3907 pertinere
1594 3827 1701 3892 Itoc
1754 3828 1943 3892 etiam
1977 3827 2063 3891 ad
2118 3828 2401 3907 ipsorum
2435 3825 2952 3906 tranquillitatem
2999 3826 3227 3906 animi,
3288 3826 3350 3890 si
3391 3831 3608 3891 cuncta
3652 3826 4007 3907 referantur
4048 3828 4134 3892 ad
4179 3827 4525 3907 concilium,
4570 3848 4672 3892 ne-

660 3960 778 4021 que
808 3939 1091 4021 privatis
1135 3939 1481 4003 actionibus
1522 3938 1763 4002 decreta
1800 3939 1975 4018 liant,
2019 3937 2246 4019 quibus
2288 3937 2639 4018 offendatur
2681 3936 2888 4001 Deus.-
2930 3938 3022 4000 sic
3055 3939 3221 4001 enim
3261 3937 3503 4002 nullam
3545 3938 3706 4018 ipsis
3738 3940 4193 4019 praestandam
4235 3958 4366 4004 esse
4408 3939 4671 4021 culpam.

662 4051 773 4116 Ad
808 4051 955 4116 haec
998 4049 1148 4113 utile
1180 4069 1413 4131 quoque
1443 4051 1730 4130 futurum
1765 4051 1946 4132 ipsis,
1991 4049 2491 4131 quandoquidem
2532 4049 2604 4111 in
2628 4048 2956 4113 concilium
3000 4050 3169 4113 omni
3209 4051 3432 4113 reiecta
3457 4069 3630 4127 cura,
3667 4051 3928 4115 caeteris
3969 4051 4151 4114 rebus
4183 4070 4343 4132 quae
4385 4049 4675 4115 videbun-

662 4167 769 4227 tur
806 4162 991 4226 libere
1033 4182 1259 4225 vacare
1298 4167 1618 4241 poterunt,
1668 4168 1724 4226 et
1764 4162 1984 4242 foedus
2027 4161 2281 4226 interim
2326 4144 2728 4239 amplificare.
2796 4160 2971 4240 Quod
3013 4181 3081 4224 eo
3121 4159 3407 4226 conducet
3439 4165 3509 4223 ut
3538 4165 3951 4242 protestantes
3993 4167 4106 4227 aut
4151 4162 4384 4226 decreto
4427 4161 4676 4227 concilii

660 4295 728 4339 se
769 4272 1147 4352 submittant,
1193 4280 1306 4339 aut
1338 4296 1381 4340 a
1421 4274 1863 4355 confoederatis
1906 4272 2219 4338 catholicis
2263 4272 2349 4335 ad
2390 4271 2666 4352 officium
2700 4271 3110 4335 adducantur.
3198 4269 3286 4335 Et
3325 4270 3472 4335 haec
3514 4271 3763 4352 quidem
3803 4272 4110 4338 hactenus.
4201 4272 4348 4338 Iam
4383 4273 4469 4337 ad
4516 4273 4677 4337 Tur-

662 4405 802 4450 cam
847 4385 1008 4466 quod
1054 4386 1289 4465 attinet,
1338 4386 1581 4450 hortari
1632 4404 1696 4449 se
1739 4386 2108 4466 cumprimis
2167 4390 2223 4449 et
2276 4404 2473 4460 orare,
2527 4382 2693 4462 quod
2748 4387 2933 4447 antea
2977 4402 3216 4464 quoque
3270 4402 3454 4464 saepe
3493 4383 3731 4464 fecerit,
3780 4389 3850 4447 ut
3894 4405 4035 4465 pax
4075 4386 4192 4466 fiat
4232 4405 4372 4449 cum
4423 4384 4677 4450 Galliae

543 4507 551 4519 ⁰
661 4517 829 4579 reqe:
884 4515 1035 4559 nam
1094 4517 1230 4560 eam
1274 4517 1499 4578 pacem
1542 4516 1672 4560 esse
1704 4497 2084 4577 reipublicae
2125 4496 2509 4561 christianae
2555 4493 2898 4561 salutarem
2911 4543 2925 4571 ,
2979 4498 3035 4556 et
3076 4493 3205 4557 nisi
3240 4499 3436 4573 coeat,
3487 4495 3749 4560 dubium
3783 4516 3913 4560 esse
3970 4517 4056 4560 an
4091 4498 4398 4578 potentiae
4440 4497 4678 4561 Turca-

662 4628 806 4672 rum
857 4607 1072 4671 resisti
1106 4609 1330 4687 possit.
1438 4608 1685 4688 Quanta
1741 4629 1879 4672 vero
1923 4609 2049 4672 sint
2098 4610 2237 4673 eius
2280 4607 2470 4688 pacis
2514 4607 2860 4684 commoda,
2913 4625 3037 4670 non
3092 4605 3280 4669 semel
3322 4611 3507 4669 antea
3560 4626 3626 4669 se
3676 4607 4155 4689 demonstrasse,
4211 4629 4317 4674 nec
4349 4628 4506 4688 opus
4549 4627 4680 4672 esse

662 4739 829 4784 nunc
882 4718 999 4783 illa
1043 4723 1326 4799 repetere.
1438 4716 1721 4785 Caeteros
1762 4722 1952 4785 etiam
2003 4720 2255 4785 ordines
2295 4718 2549 4797 imperii
2603 4717 2679 4782 de
2730 4717 2998 4782 auxiliis
3049 4717 3286 4781 interea
3326 4737 3515 4797 posse
3569 4717 3923 4798 sollicitari,
3982 4724 4036 4783 et
4091 4722 4152 4786 si
4208 4721 4460 4802 quidem
4502 4724 4678 4784 aucto

661 4832 903 4913 foedere
948 4835 1003 4893 et
1045 4830 1325 4896 inchoato
1359 4831 1606 4896 concilio
1637 4831 2122 4913 protestantibus
2148 4828 2526 4911 persuaderi
2567 4835 2799 4911 posset,
2844 4828 3067 4893 idonw
3099 4830 3412 4908 praestita
3455 4829 3764 4908 cautione,
3809 4835 3878 4894 ut
3920 4832 4006 4895 ad
4048 4833 4372 4897 concilium
4411 4832 4677 4910 veniant,

662 4942 799 5024 fore
851 4963 975 5006 non
1024 4940 1302 5022 difficile,
1358 4942 1435 5006 ab
1481 4943 1643 5024 ipsis
1707 4945 1894 5008 etiam
1949 4944 2281 5025 impetrare
2334 4944 2548 5004 contra
2610 4939 2882 5004 Turcam
2936 4940 3199 5004 auxilia.
3306 4940 3479 5020 Quod
3530 4941 3591 5003 si
3646 4925 3855 5006 aute'm
3896 4944 4151 5008 nonnisi
4192 4944 4384 5008 malis
4442 4948 4497 5006 et
4537 4943 4681 5006 reli-

663 5046 837 5137 9ioni
869 5054 1245 5133 perniciosis
1286 5054 1733 5120 conditionibus
1777 5056 1846 5120 id
1889 5054 2151 5120 obtineri
2181 5052 2387 5133 possit
2401 5101 2415 5128 ,
2461 5050 2795 5116 videndum
2833 5071 2964 5116 esse
2984 5102 2999 5131 ,
3060 5071 3136 5116 ex
3177 5051 3415 5116 duobus
3456 5052 3646 5117 malis
3687 5058 3903 5118 utrum
3943 5056 4028 5120 sit
4071 5055 4417 5138 eliqendum
4436 5104 4451 5133 ,
4496 5059 4553 5120 et
4594 5073 4680 5118 an

656 5169 935 5247 praestet
976 5164 1267 5247 reliyione
1296 5166 1556 5247 prodita
1599 5165 1810 5231 Deum
1852 5165 2171 5246 offendere,
2216 5185 2304 5228 an
2344 5181 2486 5226 vero
2530 5163 2724 5228 unius
2755 5163 3121 5243 provinciae
3162 5183 3373 5228 carere
3414 5164 3718 5230 subsidiis
3759 5166 4062 5230 adversus
4115 5167 4419 5232 Turcam:
4460 5167 4681 5230 etenim

665 5298 790 5343 non
819 5276 1007 5358 facile
1036 5297 1219 5357 posse
1262 5277 1550 5354 discerni,
1596 5276 1727 5340 utri
1766 5277 1971 5359 mayis
2017 5274 2333 5340 Christum
2371 5277 2732 5357 oppuynent,
2765 5278 3173 5355 protestantes
3215 5294 3302 5339 an
3351 5276 3630 5343 Tuo-cae.-
3673 5296 3824 5341 nam
3865 5276 3975 5339 hos
4015 5278 4264 5358 quidem
4306 5279 4378 5342 in
4418 5297 4681 5361 corpora
