5100 6061
330 403 457 466 253

330 587 477 655 aliis
521 588 689 654 citra
729 589 1063 674 piaculum
1107 589 1370 673 aliquod
1423 592 1691 675 exsequi
1789 592 1969 660 ossis.
2033 591 2289 656 Verum

329 675 510 741 enim
553 675 911 759 prudentia
945 675 1053 741 hie
1086 683 1153 741 et
1184 675 1486 761 diligenti
1518 679 1735 742 anima
1786 678 2086 744 versione
2122 698 2287 760 opus

328 767 450 841 est,
499 782 633 844 qua
676 782 841 844 quae
886 762 1029 827 eius
1072 768 1267 827 notae
1311 771 1466 827 sunt
1500 770 1568 829 et
1600 765 1867 843 formae,
1914 763 2289 829 discernere

328 847 411 913 ab
464 846 548 912 iis
604 847 899 925 noveriS,
956 869 1123 930 quae
1178 867 1327 914 eum
1383 849 1514 914 Dei
1571 850 1772 915 verbo
1825 872 1960 915 non
2014 847 2287 914 obscure

324 942 662 1018 pugnant,
720 941 786 998 et
827 933 1012 999 velut
1054 935 1446 1017 impressam
1489 935 1561 999 in
1605 935 1818 1000 fronte
1864 943 2105 1020 gerunt
2144 956 2286 1000 ma·

324 1019 636 1084 nifestam
680 1020 1103 1102 impietatem.
1194 1018 1387 1101 Quod
1440 1028 1656 1085 totum
1700 1021 2001 1104 exempla
2044 1028 2109 1086 et
2164 1021 2286 1087 sub

327 1104 550 1170 oeulos
595 1105 947 1171 subiicient
982 1105 1235 1183 melius,
1281 1117 1347 1171 et
1382 1105 1647 1172 brevius
1683 1105 2051 1191 expedient.
2121 1105 2286 1172 Car-

324 1191 518 1256 nium
553 1212 737 1257 esum
772 1191 1111 1275 religionis
1145 1192 1410 1257 nomine
1445 1192 1853 1271 interdicere,
1900 1192 2150 1277 hocque
2185 1194 2286 1257 in-

325 1275 605 1343 terdicto
649 1276 943 1342 fidelium
987 1277 1279 1361 obligare
1320 1279 1773 1354 conscientias,
1821 1278 2013 1361 plane
2056 1286 2286 1363 tyran-

323 1363 569 1443 nicum,
617 1372 812 1445 atque
829 1364 1087 1442 aetiam,
1145 1372 1222 1427 ut
1276 1364 1607 1447 apostolus
1665 1364 1953 1447 loquitur
2011 1367 2073 1445 (1
2116 1365 2283 1429 Tim.

324 1455 386 1528 4,
431 1449 517 1532 l),
566 1448 958 1515 diabolicum
1000 1450 1141 1514 fuit.
1233 1454 1381 1528 [pag.
1426 1456 1530 1530 18]
1587 1451 1682 1515 At
1725 1472 1929 1535 quum
1972 1451 2057 1533 sit
2107 1449 2285 1515 istud

321 1535 601 1601 Domini
641 1537 969 1619 permissu
1010 1535 1127 1600 tibi
1169 1535 1241 1599 in
1284 1534 1500 1601 medio
1544 1537 1869 1614 relictunr,
1910 1537 2285 1603 vescarisne

322 1621 509 1687 omni
554 1621 662 1686 die
706 1620 1033 1699 carnibus,
1081 1642 1166 1685 an
1209 1622 1282 1685 in
1325 1630 1532 1687 totam
1569 1622 1774 1688 vitam
1810 1622 2157 1701 abstineas,
2203 1622 2284 1685 il·

322 1706 406 1774 lis
463 1705 695 1772 diebus
757 1707 915 1790 quin
970 1716 1036 1772 te
1090 1707 1452 1787 abstineas,
1513 1708 1680 1773 nihil
1734 1707 2055 1791 prohibet.
2144 1706 2285 1773 Cur

323 1794 503 1858 enim
540 1815 674 1858 non
709 1792 1045 1858 interdum
1080 1793 1292 1873 liceat,
1330 1792 1504 1876 quod
1539 1813 1800 1877 semper
1822 1795 2099 1859 liberum
2138 1791 2281 1859 est?

321 1879 431 1945 Ita
475 1879 792 1945 scelerato
829 1879 1103 1961 imperio
1140 1880 1381 1963 absque
1419 1880 1662 1945 scelere
1702 1879 1979 1963 parebis,
2023 1880 2283 1945 animus

322 1966 411 2032 sit
433 1965 556 2031 tibi
590 1966 804 2046 modo,
841 1963 1106 2029 rudium
1126 1966 1535 2049 ignorantiae
1568 1968 1639 2030 in
1675 1966 1801 2031 hoc
1835 1966 2206 2043 concedere,
2232 1964 2282 2049 ¹)

319 2073 458 2117 non
495 2052 697 2116 etiam
732 2052 1021 2116 animam
1054 2052 1127 2115 in
1162 2052 1307 2117 illos
1330 2052 1760 2116 traditionum
1795 2052 2062 2134 laqueos
2099 2060 2279 2116 tuam

317 2137 634 2203 inserere.
723 2140 971 2203 Arcere
1024 2138 1327 2221 coniugio
1372 2158 1510 2216 eos,
1568 2138 1685 2220 qui
1740 2138 1956 2203 carnis
2001 2138 2279 2202 inconti-

316 2225 551 2288 nentia
594 2223 1031 2307 exagitantur,
1053 2258 1057 2265 ι
1080 2244 1165 2287 ex
1200 2223 1425 2288 eodem
1463 2231 1565 2288 est
1598 2223 1973 2307 tyrannidis
2008 2244 2276 2308 genere:

315 2329 441 2374 neo
485 2319 712 2374 tamen
752 2308 984 2374 eadem
1023 2308 1145 2374 tibi
1189 2309 1465 2391 parendi
1501 2308 1700 2373 fuerit
1734 2309 2028 2387 facultas,
2076 2310 2279 2393 siqui-

318 2394 471 2460 dem
515 2395 632 2459 illo
678 2393 933 2460 ardoris
977 2395 1200 2460 aculeo
1244 2397 1581 2479 pungeris,
1621 2395 1795 2478 quod
1839 2417 1972 2460 non
2015 2402 2092 2460 ut
2134 2415 2278 2460 ear-

316 2483 541 2559 nium,
600 2482 695 2545 ita
737 2482 968 2547 uxoris
1007 2480 1472 2546 abstinentiam
1514 2481 1800 2546 libertati
1844 2490 1995 2546 tuae
2037 2483 2278 2564 permi-

315 2569 482 2632 serit
525 2568 872 2633 DominuS.
937 2568 1159 2647 Hunc,
1204 2588 1398 2650 quem
1440 2569 1511 2631 in
1555 2569 1980 2633 caeremoniis
2021 2577 2276 2634 vestra-

314 2653 530 2731 tibus,
588 2675 870 2737 quarum
925 2674 1123 2719 causa
1177 2653 1341 2719 baec
1396 2653 1702 2718 instituta
1755 2665 1857 2718 est
1899 2653 2273 2736 disputatio,

314 2760 438 2822 pro
482 2759 561 2804 eo
606 2749 901 2822 tempore
944 2760 1071 2822 quo
1114 2740 1259 2805 istie
1303 2740 1422 2804 tibi
1464 2739 1818 2805 vivendum
1853 2748 1969 2817 est,
2015 2760 2277 2822 semper

314 2826 654 2904 intuearis,
702 2845 970 2908 scopum
1016 2826 1135 2890 tibi
1179 2845 1497 2908 propono:
1558 2833 1635 2889 ut
1678 2846 1843 2908 quae
1889 2824 2073 2890 nulla
2118 2833 2275 2890 sunt

313 2911 657 2996 impietate
700 2911 1042 2990 notabiles,
1089 2913 1169 2976 iis
1214 2912 1427 2977 sobrie
1471 2909 1732 2993 quidem
1779 2919 1847 2975 et
1889 2931 2110 2993 parce,
2159 2910 2274 2975 sed

313 3004 546 3063 tamen
579 3019 781 3081 quum
816 3019 978 3064 usus
1013 2997 1372 3082 postulabit
1408 2997 1612 3062 libere
1647 3016 2002 3081 secureque
2040 2996 2273 3063 defun-

316 3084 525 3168 garis:
570 3084 761 3150 faeile
808 3094 883 3148 ut
926 3092 1266 3168 appareat,
1326 3083 1578 3148 nullam
1622 3105 1764 3149 esse
1809 3093 1991 3149 tuam
2036 3104 2158 3149 nee
2201 3085 2272 3149 in

314 3169 701 3248 affectando,
748 3192 869 3236 neo
914 3171 985 3234 in
1029 3169 1412 3254 refugiendo
1459 3171 2007 3254 superstitionem.
2083 3169 2274 3251 Quae

312 3257 420 3323 vel
462 3257 743 3320 minima
784 3257 1112 3340 sacrilegii
1127 3258 1184 3340 ²)
1230 3265 1385 3322 nota
1429 3264 1584 3321 sunt
1626 3276 1946 3339 aspersae,
1995 3278 2105 3322 eas
2141 3278 2273 3321 non

311 3344 526 3427 magis
546 3363 746 3425 quam
768 3351 1168 3408 venenatum
1189 3349 1566 3425 serpentem
1589 3342 1901 3426 attingas:
1929 3364 2070 3407 csse
2093 3342 2271 3407 enim

312 3449 384 3492 re
430 3450 593 3493 vera
635 3429 864 3511 quovis
922 3438 1228 3511 serpente
1282 3428 1419 3493 solo
1474 3434 1722 3493 attactu
1766 3427 2268 3511 pestilentiores,

311 3516 474 3597 quin
518 3515 637 3581 tibi
681 3515 807 3579 sim
849 3515 1263 3598 probaturus,
1306 3512 1477 3578 nihil
1518 3511 1757 3578 diffido.
1827 3514 2080 3578 Earum
2114 3535 2271 3579 vero

310 3600 384 3664 in
407 3621 686 3666 numero
720 3600 1219 3666 simulacrorum
1244 3601 1751 3678 venerationem,
1777 3600 2102 3665 unctionis
2125 3621 2269 3665 sus-

311 3688 698 3770 ceptionem,
741 3686 1303 3771 indulgentiarum
1347 3686 1774 3769 emptionem,
1817 3685 2270 3770 irrigationem

311 3793 393 3837 ex
440 3792 613 3855 aqua
656 3773 1079 3839 exsecrandis
1134 3772 1266 3836 illis
1318 3772 1701 3837 exorcismis
1756 3773 2120 3848 incantata,
2179 3773 2267 3839 si-

309 3859 634 3943 milesque
669 3858 833 3924 alios
870 3880 988 3941 per
1009 3881 1079 3924 se
1114 3858 1520 3924 damnabiles
1557 3858 1724 3922 ritus
1758 3878 2019 3941 repono.
2088 3856 2270 3939 Quid

308 3945 492 4010 enim
534 3944 805 4010 tandem
851 3945 1072 4010 afferri
1117 3951 1333 4028 queat,
1378 3944 1551 4028 quod
1594 3945 1664 4009 in
1708 3964 1935 4009 eorum
1970 3945 2266 4009 omnium

307 4032 805 4097 excusationem
850 4033 1008 4096 satis
1053 4032 1296 4108 valeat,
1344 4052 1471 4115 quo
1516 4032 1738 4095 minus
1781 4031 1951 4095 tanti
1994 4052 2034 4095 a
2078 4030 2266 4096 nobis

303 4116 617 4182 maleficii
652 4117 953 4183 damnari
987 4116 1310 4184 debeant?
1373 4115 1525 4184 Scio
1562 4117 1739 4183 enim
1772 4115 2087 4202 quosdam
2123 4137 2267 4182 esse

302 4202 784 4283 moderatores,
840 4204 1077 4287 quibus
1122 4203 1203 4268 ad
1247 4203 1677 4288 exagitandas
1720 4202 1899 4270 leves
1939 4203 2130 4281 istas,
2185 4209 2266 4267 ut

304 4288 493 4355 credi
536 4289 793 4369 volunt,
847 4300 914 4356 et
956 4291 1153 4355 nihili
1194 4309 1434 4375 nugas,
1480 4288 1787 4355 videmur
1829 4289 2105 4354 nimium
2159 4310 2263 4354 as-

391 4374 486 4440 ri:
531 4376 646 4441 sed
691 4376 847 4459 quid
891 4377 1021 4456 illi,
1077 4377 1381 4460 inquam,
1438 4375 1523 4441 ad
1567 4376 1944 4442 diluendam
1989 4375 2262 4440 nimiam

357 4481 486 4527 ano
538 4469 832 4528 nostram
889 4463 1183 4547 (quando
1239 4463 1334 4528 ita
1374 4463 1598 4529 vocan'
1640 4463 1886 4547 placet)
1945 4462 2262 4527 acerbita-

301 4553 449 4612 tem
487 4549 754 4614 tandem
798 4549 1126 4615 afferunt?
1215 4549 1477 4634 Negare
1521 4557 1697 4615 certe
1741 4569 1876 4613 non
1928 4547 2265 4613 audebunt

300 4633 681 4718 ubicunqde
725 4634 809 4700 ad
860 4635 1112 4702 cultum
1145 4644 1448 4719 prostant
1480 4637 1555 4700 in
1589 4635 1851 4718 templis
1890 4634 2258 4712 simulacra,

299 4720 667 4786 maximam
712 4729 779 4786 et
819 4743 1028 4807 prope
1070 4723 1450 4788 universam
1496 4722 1838 4787 hominum
1892 4720 2259 4785 multitudi-

301 4828 464 4872 nem
507 4807 750 4874 divinis
805 4809 949 4892 ipsa
1000 4809 1354 4874 honoribus
1409 4810 1744 4892 prosequi:
1802 4828 1878 4874 ae
1929 4807 2004 4872 in
2055 4827 2130 4870 eo
2187 4807 2262 4870 in

303 4893 674 4959 secundum
717 4895 881 4980 legis
924 4902 1365 4980 praeceptum,
1407 4894 1580 4979 quod
1615 4902 1717 4960 est
1751 4894 1833 4960 de
1865 4913 2004 4959 non
2041 4891 2260 4958 colen-

451 5203 509 5267 1)
550 5202 745 5259 Editio
778 5205 1062 5272 princeps.-
1094 5202 1420 5256 concredere
1469 5203 1675 5281 (versio
1693 5201 1909 5281 ‘gallica
1942 5201 2127 5256 habet.-
2158 5216 2260 5279 'ce-

303 5272 479 5397 (⁸123ss
480 5357 596 5412 ege·
641 5272 701 5334 2)
741 5272 891 5327 Ead.
929 5288 1061 5328 rece.
1099 5270 1233 5325 1576
1269 5285 1441 5339 seqq..·
1475 5268 1743 5324 sacrificii.
1809 5270 1997 5325 Versio
2028 5268 2260 5339 aenaea.-

1524 402 1653 469 DE
1696 370 2216 471 FoemNms
2259 402 2745 471 nffloaun
2789 403 3143 472 sAoRIs.

4219 416 4348 479 254

2392 589 2493 657 dis
2537 590 2749 672 idolis,
2795 593 2886 656 im
2931 592 3176 676 ingere.
3265 592 3418 658 Non
3462 594 3774 661 stolidum
3817 596 4158 665 hominum
4200 602 4346 666 vul-

2516 727 2532 757 ,
2579 676 2693 743 sed
2735 698 2858 759 pru
2907 678 3282 745 entissimos
3323 700 3630 763 quosque,
3676 689 3743 746 et
3774 685 4050 749 summis
4093 685 4347 770 ingenii

2437 763 2858 846 octrinaeque
2900 762 3159 830 dotibus
3189 765 3536 847 praeditos,
3580 767 3708 833 hoe
3737 789 3958 834 errore
3989 779 4211 854 captos
4242 774 4345 837 in-

2392 847 2783 931 volutosque
2829 870 2971 915 esse
3020 850 3193 916 dieo:
3253 851 3335 916 ad
3381 850 3681 934 ipsorum
3722 854 4096 938 opinionem
4141 858 4346 943 (quod

2393 934 2730 1016 apostolus
2773 936 2945 1011 fieri,
2989 943 3067 1000 ut
3108 937 3487 1015 meministi,
3533 939 3748 1024 iubet)
3792 948 3861 1005 te
3903 962 4155 1008 reveeO.
4245 941 4340 1024 Si,

2391 1040 2521 1102 quo
2563 1019 2699 1084 illis
2738 1027 3054 1086 testatum
3096 1023 3321 1100 facias,
3378 1024 3694 1108 religione
3750 1032 3817 1090 te
3869 1026 3953 1092 ab
4007 1028 4165 1111 ipsis
4208 1050 4345 1095 non

2392 1104 2783 1189 discrepare,
2828 1114 3028 1189 caput
3069 1129 3286 1173 eoram
3321 1108 3671 1176 simulacro
3704 1111 3973 1196 detegis,
4017 1121 4132 1178 aut
4163 1136 4342 1199 genu

2388 1212 2652 1257 curvas:
2714 1192 2874 1276 quid
2931 1192 3109 1258 aliud
3161 1215 3355 1276 quam
3412 1195 3657 1263 diserta
3702 1198 4158 1266 testificatione
4201 1201 4341 1266 ido-

2389 1277 2694 1342 lolatram
2736 1286 2805 1342 te
2849 1299 2991 1344 esse
3032 1280 3401 1361 profiteris?
3494 1288 3641 1364 [pag.
3688 1288 3788 1362 19]
3847 1285 3940 1348 At
3983 1293 4139 1350 utut
4161 1289 4210 1370 ¹)
4256 1288 4343 1352 si-

2388 1363 2681 1430 mulacro
2726 1371 2790 1428 te
2828 1363 3146 1430 honorem
3190 1365 3440 1432 deferre
3484 1368 3856 1434 hominibus
3913 1372 4152 1454 fingas,
4211 1373 4344 1438 Dei

2388 1457 2615 1515 tamen
2656 1450 2854 1515 unius
2897 1450 3148 1515 cultum
3178 1452 3569 1535 cogitatione
3601 1454 4067 1539 complecteris.
4133 1455 4344 1537 Quasi

2388 1557 2545 1601 vero
2589 1543 2779 1601 tuum
2824 1535 2942 1615 sit,
2998 1536 3312 1601 honorem
3368 1537 3453 1603 ad
3496 1541 3745 1605 arbitrii
3787 1541 3881 1606 tui
3927 1541 4195 1607 modum
4238 1545 4340 1609 in-

2388 1628 2490 1686 ter
2534 1622 2961 1688 simulacrum
3010 1630 3079 1687 et
3119 1623 3341 1688 Deum
3383 1624 3720 1689 viventem
3761 1628 4018 1709 partiri:
4065 1626 4341 1713 Deoque

2387 1708 2610 1772 omnia
2653 1708 2939 1773 intuenti
2992 1707 3265 1792 perinde
3318 1709 3534 1791 palam
3592 1710 3899 1792 illudere,
3957 1733 4033 1777 ao
4084 1715 4139 1779 si
4196 1716 4339 1781 eius

2388 1793 2639 1872 oeulos,
2706 1794 2878 1876 quod
2937 1796 3230 1860 omnium
3292 1794 3635 1860 hominum
3691 1797 4093 1880 perspiciunt
4146 1801 4338 1881 oculi,

2387 1881 2788 1962 praeteriret.
2860 1879 2966 1944 De
3000 1880 3356 1946 chrismate
3390 1881 3547 1964 quid
3592 1881 3804 1946 dicam
3829 1882 4050 1948 aliud?
4096 1885 4167 1950 in
4210 1908 4339 1969 quo

2386 1963 2798 2049 suscipiendo
2839 1967 2897 2031 si
2940 1975 3006 2031 te
3049 1967 3221 2031 nihil
3264 1988 3531 2050 peecare
3565 1967 3877 2045 defendis,
3922 1970 4095 2051 quod
4129 1971 4338 2037 homi-

2387 2072 2553 2115 num
2597 2052 2930 2134 iniquitati
2973 2061 3050 2116 ut
3092 2053 3480 2131 satisfacias,
3526 2054 3824 2119 membra
3867 2053 4192 2122 duntaxat
4233 2059 4337 2123 in-

2386 2138 2568 2220 ungi,
2613 2137 2800 2201 nulla
2843 2138 3276 2203 conscientiae
3318 2139 3632 2222 religione
3674 2140 3972 2222 patiaris:
4019 2162 4055 2205 e
4103 2163 4141 2206 o
4183 2162 4337 2209 oon-

2384 2230 2490 2286 tra
2544 2223 2839 2307 graviter
2882 2231 2947 2289 te
3001 2223 3379 2306 delinquere
3440 2246 3674 2309 argue,
3731 2226 3842 2308 qui
3886 2226 3997 2290 vel
4078 2237 4331 2295 rontem

2384 2308 2643 2387 afferas,
2689 2309 2760 2373 in
2805 2331 3000 2391 quam
3044 2310 3452 2388 inscribatur,
3499 2332 3666 2393 quae
3708 2311 3780 2374 in
3825 2332 3945 2376 sua
3985 2315 4330 2378 confirma-

2382 2393 2561 2459 tione
2607 2397 2688 2459 ab
2730 2395 2862 2460 illis
2889 2403 3248 2478 usurpatur
3291 2395 3711 2478 blasphemia,
3757 2404 3823 2461 te
3858 2398 4104 2464 salutis.
4128 2400 4338 2466 chris-

2382 2486 2557 2544 mate
2600 2481 2974 2546 confirmari
2986 2505 3003 2560 3
3048 2482 3153 2547 vel
3197 2502 3435 2546 manus
3475 2483 3791 2565 porrigas,
3835 2484 3907 2547 in
3939 2485 4175 2566 quibus
4218 2486 4332 2552 illa

2379 2565 2810 2649 insculpatur,
2867 2588 2999 2649 qua
3041 2566 3408 2632 sacerdotes
3467 2589 3621 2632 suos
3673 2577 4030 2652 peragunt,
4087 2574 4337 2638 sacrifi-

2381 2651 2574 2717 candi
2607 2660 2674 2715 te
2707 2660 3029 2735 potestate
3073 2652 3416 2717 donatum:
3461 2653 3568 2717 vel
3601 2675 3826 2718 omnes
3858 2658 4148 2737 corporis
4182 2680 4337 2741 par-

2381 2747 2479 2803 tes
2513 2738 2825 2803 exhibeas
2861 2760 2994 2801 non
3027 2739 3269 2802 minori
3302 2740 3750 2805 exseeratione
3785 2740 4166 2820 inurendas,
4206 2765 4335 2826 qua

2378 2824 2449 2888 in
2470 2831 2770 2888 extrema
2793 2827 3020 2907 (quam
3040 2825 3307 2903 vooant)
3330 2826 3638 2890 unctione
3657 2833 3952 2905 utuntur,
3977 2845 4095 2909 per
4112 2828 4333 2893 oleum

2378 2909 2499 2974 tibi
2542 2910 2791 2974 remitti
2834 2917 3115 2992 peecata.
3185 2908 3379 2990 Quod
3414 2910 3679 2993 quidem
3702 2911 3806 2976 vel
3840 2911 4005 2991 leve,
4042 2914 4146 2978 vel
4184 2914 4332 2978 nul-

2377 2995 2519 3061 lum
2552 3016 2694 3062 esse
2729 2993 3034 3061 delictum
3070 2995 3191 3060 tibi
3223 2995 3591 3075 concedam,
3628 2998 3755 3063 nisi
3789 3006 3905 3062 tua
3938 2999 4144 3082 ipsius
4177 3022 4330 3066 con-

2377 3083 2661 3148 fessione
2717 3081 3088 3162 obtinuero,
3145 3103 3287 3148 rem
3346 3105 3487 3149 esse
3528 3085 3680 3166 plus
3724 3106 3920 3167 quam
3964 3085 4328 3170 indignam,

2321 3132 2329 3286 ι
2377 3188 2543 3250 quae
2578 3167 2661 3232 ad
2696 3169 3252 3252 incorruptionem
3287 3170 3476 3253 regni
3498 3170 3626 3234 Dei
3660 3168 3988 3236 destinata
4020 3172 4156 3236 sint
4186 3192 4329 3237 oor-

2376 3274 2539 3337 pora
2554 3306 2570 3333 ,
2645 3262 2832 3320 tanta
2894 3254 3449 3339 blasphemiarum
3512 3255 3825 3322 foeditate
3890 3260 4327 3342 conspurcari,

2376 3362 2573 3424 quam
2625 3341 2695 3405 in
2751 3349 3176 3424 conspectum
3218 3342 3489 3406 Domini
3543 3343 3850 3422 afferant,
3903 3364 4031 3426 quo
4087 3344 4190 3410 die
4244 3343 4329 3410 ad

2375 3425 2822 3509 recipiendam
2874 3427 3316 3493 immortalem
3372 3427 3617 3512 gloriae
3670 3450 3978 3494 eoronam
4021 3429 4163 3496 eius
4207 3431 4328 3495 tri-

2372 3512 2606 3578 bunali
2645 3513 2977 3578 sistentur.
3068 3512 3182 3581 Sic
3223 3515 3338 3597 qui
3380 3516 3450 3578 in
3496 3513 3785 3580 arculam
3829 3515 4067 3599 stipem
4111 3518 4329 3582 conie-

2373 3598 2567 3676 cerit,
2626 3596 2741 3662 ubi
2796 3598 3063 3665 venales
3118 3606 3416 3682 prostent
3472 3601 3737 3680 veniae,
3804 3609 3921 3667 aut
3973 3602 4328 3686 quidquam

2372 3684 2640 3748 omnino
2684 3705 2769 3748 ex
2809 3683 2925 3748 illo
2970 3686 3117 3767 plus
3161 3686 3324 3750 satis
3355 3686 3672 3752 foeeundo
3704 3709 3779 3752 ac
3813 3687 4072 3753 liberali
4107 3689 4328 3753 indul-

2371 3771 2748 3854 gentiarum
2789 3768 3480 3854 dispensationumque
3521 3773 3831 3838 thesauro
3874 3775 3998 3840 sibi
4029 3773 4324 3840 redeme-

2371 3858 2478 3936 rit,
2522 3855 2597 3920 in
2639 3854 2957 3922 nefandas
3011 3856 3160 3922 illas
3204 3857 3715 3924 nundinationes
3759 3880 4004 3924 nomen
4043 3860 4321 3942 inserip-

2371 3942 2461 4008 sit
2505 3963 2728 4020 suum,
2784 3963 2861 4007 ao
2913 3943 2987 4007 in
3039 3964 3152 4009 eas
3198 3945 3571 4009 consentire
3629 3965 3729 4023 se,
3775 3944 3959 4010 velut
4002 3944 4153 4008 data
4195 3952 4326 4010 tes-

2370 4048 2534 4106 sera,
2580 4027 3049 4111 comprobavit.
3127 4028 3361 4112 Neque
3404 4028 3586 4094 illam
3604 4079 3619 4108 ,
3665 4051 3832 4113 quae
3876 4029 4076 4112 vulgo
4121 4031 4324 4096 iaeta—

2367 4122 2496 4189 tur,
2544 4114 3037 4179 excusationem
3079 4114 3355 4199 accipio:
3400 4138 3531 4179 non
3576 4136 3761 4181 secus
3801 4136 3875 4181 ao
3920 4115 4163 4180 iniecta
4196 4116 4329 4181 offa

2365 4200 2708 4266 maleficae
2777 4201 3010 4267 beluae
3074 4208 3613 4284 compescuntur,
3690 4201 3784 4264 ita
3849 4200 3958 4265 vel
4025 4201 4324 4283 pauculis

2366 4288 2659 4351 nummis
2675 4339 2689 4365 ,
2747 4286 2858 4352 vel
2923 4289 3120 4353 etiam
3175 4288 3458 4371 largiore
3514 4286 3845 4351 interdum
3900 4307 4325 4351 nummorum

2368 4374 2552 4456 copia
2606 4372 3054 4439 deliniendam
3110 4395 3252 4441 esse
3310 4372 3822 4439 sacrificulorum
3864 4373 4144 4439 rabiem:
4205 4373 4320 4457 qui

2366 4473 2572 4542 quum
2625 4459 2706 4524 de
2746 4460 2932 4527 lucro
2973 4461 3222 4544 agitur,
3270 4462 3363 4526 sic
3401 4458 3684 4541 praedae
3737 4459 4029 4538 inhiant,
4087 4459 4322 4543 quovis

2366 4555 2445 4609 ut
2497 4545 2796 4611 famelico
2847 4547 3039 4612 leone
3091 4547 3226 4611 sint
3280 4545 3638 4612 rabidiores
3652 4596 3671 4623 ,
3729 4545 4053 4626 praelium
4097 4547 4322 4630 (quem

2364 4653 2617 4697 morem
2637 4630 3222 4716 pseudoprophetis
3241 4652 3316 4697 ao
3341 4630 4039 4715 pseudosacerdotibus
4062 4652 4321 4714 semper

2364 4718 2584 4799 fuisse,
2629 4719 2819 4784 testis
2853 4725 2956 4784 est
2999 4718 3346 4803 propheta)
3383 4717 3617 4803 (Mich.
3654 4721 3714 4797 3,
3742 4718 3812 4801 5)
3849 4740 4048 4802 super
4082 4737 4319 4783 unum-

2506 4992 2565 5057 1)
2604 4992 2753 5046 Edd.
2801 5007 2936 5046 rece.
2970 4990 3107 5044 1576
3145 5007 3283 5063 seqq.
3340 4993 3386 5045 ze
3461 4999 3553 5047 nt.-
3598 5002 3672 5046 ut.
3757 4991 3985 5046 Sensum
4033 4993 4319 5047 subobscu-

2364 5078 2487 5115 rum
2522 5078 2634 5116 non
2671 5062 2914 5131 attigisse
2949 5061 3219 5115 videmur.
3296 5061 3342 5114 0
3396 5062 3558 5114 vinus
3592 5063 3797 5115 sedicet
3830 5063 4058 5116 alterius
4090 5076 4314 5116 exeusa-

2366 5133 2564 5184 tionem
2593 5131 2898 5198 praesumit
2941 5146 3067 5183 mox
3113 5131 3480 5196 refutandam.
3557 5129 3717 5198 Quod
3756 5129 3953 5184 Gallus
3984 5131 4150 5184 multo
4185 5131 4315 5185 luei-

2366 5199 2493 5253 dius
2526 5202 2817 5266 expressit:
2855 5198 3110 5253 Combien
3144 5215 3248 5268 que
3283 5201 3333 5253 ie
3369 5200 3488 5254 face
3525 5199 3790 5252 semblant
3824 5241 3837 5252 .
3876 5240 3889 5251 .
3928 5240 3940 5252 .
3979 5241 3992 5254 .
4028 5199 4095 5253 de
4130 5201 4317 5268 porter

2364 5269 2613 5323 honneur
2647 5269 2681 5323 a
2714 5266 2948 5336 l'image‚
2995 5269 3043 5322 ie
3080 5269 3246 5337 garde
3281 5268 3616 5322 neantmoins
3654 5283 3720 5322 en
3768 5285 3894 5322 mon
3932 5284 4080 5323 eoeur
4115 5268 4166 5322 le
4204 5285 4315 5324 ser·

2364 5339 2481 5392 vice
2517 5336 2589 5390 du
2623 5353 2755 5406 vray
2788 5336 2946 5392 Dieu.
