5100 6061
326 420 408 482 49
1802 420 2186 487 LIBERI.
2274 419 2578 489 CAPUT
2614 422 2736 489 IV.
2783 421 2866 488 V.
4257 432 4343 495 ⁶0

329 604 603 672 Curtius
646 605 753 671 lib.
792 605 896 670 IV
899 629 945 670 .:
993 606 1125 672 Hic
1159 607 1373 672 territi
1411 610 1562 690 equi
1608 608 1962 674 subsistere
1998 630 2130 673 non
2166 629 2280 692 po-
2386 609 2505 677 huc
2545 611 2889 693 colliyitur,
2944 612 3199 678 animus
3254 613 3630 694 reipublicae
3689 621 3756 680 tu
3805 637 3897 696 es,
3957 618 4071 682 illa
4112 638 4340 699 corpus

328 700 574 769 terant,
631 692 742 774 qui
794 691 1023 758 crebra
1075 692 1425 758 iactatione
1482 694 1816 761 cervicum
1869 714 2005 759 non
2050 694 2281 778 iugum
2387 700 2593 765 tuum,
2644 697 2847 771 vides,
2901 702 2970 761 ut
3002 703 3189 778 puto,
3246 719 3437 780 quam
3488 703 3842 767 necessaria
3885 703 4199 769 clementi-a
4234 707 4334 769 sit.

324 776 519 842 modo
583 786 1036 857 excusserant,
1105 778 1221 844 sed
1285 800 1553 844 currum
1619 781 1819 845 etiam
1885 788 2276 847 everterant.
2392 781 2535 846 Tibi
2580 783 2746 846 enim
2775 784 3028 864 parcis,
3071 804 3262 865 quum
3305 785 3542 851 videris
3582 787 3770 854 alteri
3803 810 4076 870 parcere.
4167 790 4336 855 Par-

325 862 580 928 Eadem
615 863 1044 928 translatione
1089 885 1246 930 usus
1289 872 1390 929 est
1422 865 1683 931 Plinius
1725 867 1798 930 in
1833 865 2273 951 Panegyrico:
2389 867 2650 932 cendctm
2683 868 2894 948 itaque
2926 874 3015 933 εει
3049 870 3237 934 etiam
3275 870 3707 951 improbandis
3748 874 4004 954 civibus,
4049 897 4174 941 non
4214 877 4334 941 ali-

326 949 509 1033 Ergo
545 950 948 1017 sustulerant
982 950 1254 1029 animos,
1302 959 1368 1015 et
1402 952 1628 1035 iugum
1666 961 2108 1030 excusserant,
2159 972 2277 1018 nec
2383 957 2475 1016 ter
2519 973 2710 1034 quam
2753 954 3043 1018 membris
3098 955 3563 1038 lanquentibus:
3617 962 3684 1022 et'
3727 961 3787 1023 si
3840 962 4086 1041 quando
4141 963 4332 1026 misso

324 1035 457 1099 iam
500 1034 580 1100 de
625 1056 746 1099 sua
789 1035 1109 1113 libertate,
1155 1037 1274 1102 sed
1314 1037 1395 1102 de
1439 1045 1662 1102 nostra
1705 1039 2023 1103 servitute
2068 1047 2275 1103 certa-
2381 1041 2688 1121 sanquine
2723 1059 2879 1118 opus
2901 1045 3017 1118 est,
3060 1041 3494 1108 sustinendum
3534 1050 3622 1107 est
3664 1066 3740 1108 ne
3784 1046 3953 1111 ultra
3995 1068 4185 1127 quam
4227 1069 4331 1111 ne-

325 1120 502 1185 bant,
2381 1144 2543 1188 cesse
2577 1125 2679 1199 sit,
2717 1125 2968 1189 incidat.
3059 1126 3177 1191 Est
3219 1147 3377 1211 erqo,
3413 1133 3482 1192 ut
3523 1129 3815 1203 dicebam,
3858 1132 4175 1197 clementia
4208 1153 4330 1197 om-

500 1206 650 1271 Ideo
691 1208 1022 1289 principes
1080 1206 1396 1295 reyes-que]
1491 1210 1831 1285 Amicitia,
1896 1209 2109 1291 inquit
2162 1207 2275 1273 Oi·
2380 1210 2568 1274 nibus
2620 1211 2871 1291 quidem
2910 1210 3260 1276 hominibus
3303 1215 3638 1279 secundum
3683 1223 4012 1297 naturam,
4056 1220 4330 1283 maxime

327 1313 502 1371 cero,
561 1314 644 1357 ex
700 1292 903 1357 variis
960 1293 1326 1360 rationibus
1384 1293 1819 1359 contrahitur:
1882 1293 1996 1359 sed
2048 1315 2276 1359 omnes
2379 1300 2583 1359 tamen
2636 1297 2858 1361 decora
2909 1298 3410 1378 imperatoribus,
3467 1306 3692 1381 quanto
3733 1303 3892 1382 plus
3936 1303 4113 1368 habet
4156 1307 4327 1385 apud

323 1378 620 1444 omnium
664 1377 1176 1445 necessitudines
1221 1381 1426 1445 vincit
1467 1400 1601 1444 una
1644 1382 1918 1445 societas
1962 1380 2274 1463 reipubli-
2326 1386 2329 1395 “
2378 1380 2522 1445 illos
2564 1382 2724 1462 quod
2757 1388 2986 1456 servet,
3043 1386 3388 1464 quantoque
3431 1386 3501 1449 in
3543 1388 3781 1451 maiore
3824 1391 4092 1454 materia
4127 1411 4325 1471 appa-

324 1485 436 1531 cae
492 1464 1065 1530 administrandae.
1168 1465 1497 1530 Lentulus
1556 1465 1639 1529 ad
1693 1464 2074 1530 Ciceronem
2136 1466 2271 1547 epi·
2376 1472 2482 1529 ret.
2579 1467 2956 1547 Quantulwn
3001 1469 3166 1532 enim
3199 1474 3364 1534 nocet
3398 1471 3654 1550 privata
3689 1474 4076 1539 crudelitas?
4129 1475 4324 1540 Prin-

325 1551 469 1615 stol.
516 1550 709 1615 XII.:
782 1551 1000 1633 Atque
1056 1550 1216 1615 haec
1276 1552 1495 1615 omnia
1549 1553 1603 1615 is
1657 1552 1805 1629 feci,
1879 1553 1991 1634 qui
2048 1560 2112 1616 et
2169 1574 2269 1616 so·
2374 1552 2586 1631 cipum
2643 1554 2936 1631 saevitia,
2990 1553 3212 1617 bellnam
3264 1559 3367 1619 est.
3464 1555 3666 1636 Quum
3722 1564 3929 1622 autem
3990 1562 4324 1625 virtutibus

327 1636 493 1703 dalis
549 1646 617 1701 et
668 1636 1215 1701 familiarissimus
1261 1636 1642 1703 Dolabellae
1697 1657 1907 1717 eram,
1966 1638 2270 1703 coniunc·
2377 1638 2541 1701 inter
2575 1658 2641 1703 se
2674 1640 2757 1702 sit
2789 1640 3135 1716 concordia,
3172 1659 3281 1704 nec
3314 1640 3452 1705 ulla
3485 1642 3686 1706 altera
3720 1645 3938 1709 melior
3972 1651 4082 1710 aut
4115 1646 4327 1711 hones-

322 1723 621 1788 tissimus
656 1723 974 1806 sanguine
1009 1724 1333 1801 Antoniis,
1379 1724 1781 1806 provinciam
1829 1744 2083 1806 quoque
2127 1723 2269 1787 illo-
2373 1724 2495 1787 tior
2562 1724 2675 1801 sit,
2733 1726 3042 1805 quaedam
3098 1730 3302 1790 tamen
3358 1725 3733 1808 quibusdam
3775 1733 4065 1809 personis
4120 1733 4325 1814 apti-or

322 1831 472 1873 rum
508 1808 824 1873 beneficio
859 1807 1198 1886 habebam,
1224 1810 1336 1873 sed
1361 1807 1623 1892 πατρίδα
1659 1809 1799 1888 ἐμὴν
1833 1812 2062 1888 μᾶλλον
2092 1811 2267 1891 φιλῶ.
2374 1815 2477 1874 εει.
2576 1810 2763 1875 Decet
2812 1811 3307 1893 maynanimitas
3360 1812 3684 1893 quemlibet
3739 1817 4087 1890 mortalem,
4136 1820 4323 1882 etiam

325 1893 658 1961 Omnibus
714 1896 876 1958 meis
930 1894 1177 1959 bellum
1234 1896 1489 1977 primus
1541 1895 1765 1960 indixi.
1858 1895 2157 1977 Namque
2200 1896 2269 1958 in
2372 1894 2553 1959 illum
2619 1896 2796 1978 infra
2861 1917 3043 1977 quem
3096 1896 3260 1961 nihil
3323 1903 3428 1961 εει.
3524 1900 3694 1979 Quid
3738 1900 3906 1963 enim
3962 1904 4172 1967 maius
4213 1909 4324 1968 aut

323 1979 638 2130 gradibus
692 1980 982 2046 caritatis
1036 1980 1250 2063 prima
1300 1982 1551 2063 patriae
1597 1980 1679 2045 ab
1723 1982 1967 2063 optimo
2011 2001 2269 2063 quoque
2371 1980 2627 2061 fortiuS,
2689 2002 2879 2061 quam
2929 1983 3167 2048 malam
3220 1984 3540 2064 fortunam
3593 1986 3964 2050 retundere?
4023 1988 4196 2053 Haec
4228 1995 4320 2054 ta-

368 2067 740 2144 eferuntur,
788 2075 884 2143 et,
930 2076 1008 2130 ut
1052 2067 1310 2131 subiicit
1352 2065 1632 2145 Seneca,
1690 2066 1949 2149 publica
1991 2067 2268 2149 privatis
2320 2116 2323 2135 .
2372 2086 2512 2129 men
2552 2068 3042 2149 maqnanimitas
3077 2070 3148 2134 in
3181 2067 3338 2132 bona
3370 2069 3627 2151 fortuna
3664 2071 4179 2138 zatwremoeooum
4216 2074 4324 2139 ha-

322 2152 580 2235 potiora
636 2160 790 2216 sunt
848 2153 1023 2217 sanis
1068 2152 1457 2217 hominibus.
1548 2153 1790 2217 Merito
1848 2154 2052 2237 igitur
2095 2151 2270 2217 ultra
2319 2160 2324 2295 4
2374 2152 2481 2225 bet,
2527 2153 2872 2234 meliusque
2914 2155 2985 2218 in
3019 2154 3327 2219 tribunali
3370 2176 3564 2236 quam
3600 2156 3668 2220 in
3697 2155 3895 2238 plano
3934 2161 4322 2240 conspicitur.

322 2237 617 2322 privatas
654 2238 1163 2303 necessitudines
1199 2248 1510 2303 amantur
1544 2238 2106 2302 administratores
2142 2239 2267 2302 rei·
2377 2236 2717 2303 Clementia
2747 2240 2817 2303 in
2845 2260 3250 2320 quancunque
3284 2240 3532 2305 donmm
3573 2245 3940 2323 pervenerit,
3987 2264 4123 2309 eam
4174 2250 4322 2326 [pag.

322 2324 637 2407 publicae,
684 2332 750 2388 et
798 2324 984 2408 quasi
1026 2332 1246 2407 patres
1291 2326 1558 2406 patriae.
1649 2323 1866 2407 Supra
1911 2323 2267 2389 declaravi·
2376 2326 2482 2399 39]
2534 2325 2775 2405 felicem
2823 2325 3348 2407 tranquillamque
3393 2326 3758 2407 praestabit.
3854 2327 3975 2392 Sed
4023 2330 4092 2394 in
4129 2333 4322 2415 requi,

322 2431 470 2475 mus
514 2430 658 2474 esse
702 2411 887 2492 quasi
930 2410 1222 2493 publicos
1264 2417 1532 2495 tutores.
2371 2429 2491 2489 quo
2517 2412 2747 2484 rarior,
2784 2432 2849 2476 eo
2881 2410 3253 2476 mirabilior.
3320 2413 3487 2493 Quid
3521 2413 3684 2476 enim
3720 2418 3806 2476 est
3839 2417 4321 2496 menwrabilius,

497 2497 867 2578 Quocunque
909 2501 1054 2560 sunt
1114 2494 1383 2583 nomine]
1473 2497 1715 2579 Utpote
1774 2516 1961 2579 reges
1975 2545 1991 2573 ,
2060 2496 2265 2577 impe-
2371 2516 2561 2575 quam
2589 2517 2743 2575 eum,
2789 2498 2968 2562 cuius
3003 2499 3139 2562 irae
3186 2497 3346 2561 nihil
3388 2498 3600 2575 obstat,
3645 2499 3827 2562 cuius
3863 2503 4151 2582 yraviori
4184 2524 4320 2568 sen-

316 2591 589 2660 ratores,
636 2582 978 2667 dynastae,
1028 2581 1421 2660 tetrarchae,
1469 2581 1898 2661 marchiones,
1946 2588 2263 2663 satrapae,

317 2668 526 2733 veluti
570 2676 796 2733 nostro
840 2667 1095 2732 saeculo
1138 2668 1582 2750 imperatores,
1626 2689 1845 2752 reges,
1891 2669 2105 2743 duces,
2151 2667 2265 2731 ba-

317 2774 531 2831 rones,
579 2756 864 2832 comites,
902 2755 1336 2830 vicecomites,
1385 2753 1606 2819 liberis
1649 2754 1903 2837 populis
1947 2752 2263 2829 consules,

314 2847 671 2921 praetores,
718 2837 1086 2916 dictatores,
1133 2861 1450 2917 censores,
1499 2854 1564 2904 et
1606 2840 1992 2905 huiusmodi.

494 2924 580 2990 In
621 2946 797 3006 quem
836 2946 918 2989 ase
969 2925 1316 3007 respublica
1357 2924 1671 3012 convertit]
1763 2925 2062 2991 Eandem
2117 2946 2265 2988 sen-

314 3011 597 3076 tentiam
642 3010 787 3076 aliis
830 3010 1049 3077 verbis
1093 3010 1334 3077 extulit
1377 3011 1606 3077 Cicero
1651 3012 1735 3077 ad
1770 3013 2062 3095 Appium
2104 3009 2266 3077 Pul-

315 3096 579 3162 chrum:
642 3095 892 3163 Omnes
935 3100 1110 3163 vires
1163 3098 1446 3163 civitatis
1503 3119 1572 3162 se
1628 3097 1710 3161 ad
1755 3099 2052 3180 Pompeii
2109 3098 2265 3163 duo-

314 3193 459 3247 tum
501 3184 1011 3267 applicaverunt.
1102 3182 1259 3247 Ideo
1304 3186 1477 3248 enim
1522 3206 1639 3249 nos
1683 3186 1751 3248 in
1796 3183 2081 3265 aliquem
2119 3189 2267 3262 [pag.

319 3274 426 3348 38]
487 3271 950 3348 convertimus,
1007 3280 1082 3333 ut
1125 3271 1195 3333 in
1241 3291 1390 3334 eum
1452 3280 1764 3352 tanquam
1819 3271 1889 3333 in
1946 3271 2263 3353 parietem

314 3354 793 3420 incumbamus.
880 3355 1215 3439 Vergilius
1260 3355 1423 3419 libro
1470 3355 1876 3422 duodecimo:

2370 2582 2594 2646 tentiae
2646 2582 2774 2664 ipsi
2822 2585 2932 2663 qui
2973 2587 3243 2664 pereunt
3282 2585 3720 2663 assentiuntur,
3772 2605 3950 2665 quem
4004 2607 4176 2654 nemo
4231 2590 4324 2653 in-

2370 2671 2798 2749 terroqaturus
2839 2673 2944 2747 εει,
2981 2671 3105 2733 imo
3131 2670 3189 2733 si
3232 2669 3643 2733 vehementius
3688 2672 4035 2751 accanduit,
4075 2695 4179 2740 nee
4220 2676 4318 2740 de-

2358 2758 2737 2833 precaturus
2787 2760 2876 2819 est
2938 2755 3219 2836 quidem,
3279 2755 3490 2834 ipsum
3544 2754 3666 2819 sibi
3732 2776 3989 2823 manum
4045 2759 4320 2837 iniicerc,

2370 2844 2425 2904 et
2456 2842 2756 2919 potestate
2790 2861 2907 2903 sua
2945 2841 3013 2904 in
3056 2840 3280 2904 melius
3311 2841 3749 2921 placidiusque
3781 2843 3922 2906 uti?
3959 2842 4067 2910 hoc
4111 2847 4321 2926 ipsum

2371 2925 2761 3007 coyitantemt
2839 2925 3127 2990 Occidere
3194 2931 3403 2990 contra
3459 2928 3648 3010 leyem
3703 2948 3875 2991 nemo
3931 2949 4051 2993 non
4094 2935 4316 3010 potest,

2369 3032 2618 3076 servare
2659 3032 2834 3077 nemo
2865 3015 3121 3094 praeter
3154 3033 3264 3077 me.
3355 3011 3662 3096 Maynam
3683 3012 4003 3095 fortunam
4053 3037 4320 3099 maynus

2370 3098 2622 3161 animus
2678 3099 2871 3175 decet,
2930 3099 3037 3179 qui
3090 3099 3222 3162 nisi
3279 3119 3345 3163 se
3388 3099 3473 3162 ad
3515 3098 3695 3163 illam
3739 3099 3981 3179 attulit,
4040 3107 4095 3166 et
4137 3101 4320 3166 altior

2368 3185 2549 3262 stetit,
2585 3183 2764 3248 illam
2799 3205 3035 3265 quoque
3069 3184 3249 3266 infra
3271 3189 3504 3249 terram
3538 3185 3797 3249 deducit.
3845 3185 4074 3269 Mayni
4110 3193 4318 3253 autem

2369 3271 2571 3333 animi
2615 3276 2706 3333 εει
2734 3272 3087 3352 proprium,
3119 3270 3444 3351 plac-idum
3489 3291 3619 3335 esse
3660 3272 4214 3356 tranquillumque,
4263 3280 4319 3339 et

2371 3356 2650 3420 iniurias
2697 3361 2880 3437 atque
2913 3357 3276 3436 offensiones
3309 3377 3552 3437 semper
3593 3358 3918 3438 despicere.
4010 3358 4319 3425 Muliebre

2368 3447 2455 3505 εει
2493 3441 2710 3523 furere
2748 3443 2816 3506 in
2857 3443 2990 3507 ira.-
3018 3442 3310 3524 ferarum
3351 3464 3510 3520 vero,
3555 3463 3664 3506 nec
3702 3463 4144 3525 qenerosarum
4184 3447 4315 3528 qui-

2368 3514 2535 3606 dem,
2591 3529 3032 3608 praemordere
3098 3534 3154 3592 et
3219 3549 3440 3611 uryere
3505 3529 3831 3609 proiectos.
3938 3530 4317 3613 Elephantcs

936 3467 1073 3535 Spes
1109 3475 1166 3520 tu
1204 3484 1343 3520 nunc
1379 3483 1494 3529 una,
1521 3475 1787 3533 senectae,

521 3534 605 3587 Tu
641 3537 854 3603 requies
890 3537 1134 3604 miserae,
1172 3536 1337 3590 decus
1374 3537 1756 3604 imperiumque
1793 3534 1972 3588 Latini

522 3604 602 3657 Te
640 3619 825 3672 penes,
862 3606 915 3658 in
952 3612 1005 3658 te
1045 3605 1214 3658 omnis
1252 3605 1441 3659 domus
1477 3604 1733 3658 inclinata
1769 3604 2044 3658 recumbit.

422 3731 462 3744 ,.
496 3698 665 3764 Olim
720 3700 811 3762 ita
865 3721 931 3762 se
998 3700 1207 3764 induit
1268 3698 1641 3780 reipublicae
1703 3696 1968 3784 Caesar]
2069 3697 2263 3764 Nunc

315 3785 647 3867 quandam
693 3786 924 3867 capitis
967 3784 1048 3850 ad
1096 3805 1328 3867 corpus
1374 3785 1867 3850 commissuram
1909 3783 2066 3849 facit
2081 3835 2095 3861 ,
2141 3783 2262 3850 hoc

315 3881 413 3937 cst
459 3872 775 3954 principis
820 3871 903 3935 ad
947 3871 1445 3953 rempublicam,
1503 3878 1579 3936 ut
1632 3872 1718 3935 sit
1768 3880 1999 3935 mutua
2041 3891 2263 3934 rerum

315 3959 607 4023 omnium
654 3957 1055 4042 sympathia,
1116 3955 1333 4020 diduci
1388 3956 1564 4020 enim
1623 3956 1907 4020 alterum
1961 3977 2091 4020 non
2146 3975 2262 4037 po-

316 4053 441 4108 test
484 4043 631 4107 sine
676 4042 1058 4107 alterutrius
1101 4043 1408 4124 pernicie.
1478 4041 1723 4108 Caesar
1756 4042 1895 4107 sine
1930 4040 2264 4124 republica

312 4150 446 4193 non
489 4140 593 4193 est
636 4128 908 4206 Caesar,
968 4129 1337 4210 respublica
1395 4150 1528 4193 non
1572 4136 1671 4193 est
1712 4127 2075 4209 respublica
2121 4128 2262 4192 sine

312 4213 617 4280 Caesare.
708 4215 924 4298 Capiti
969 4216 1339 4294 necessaria
1383 4224 1539 4279 sunt
1581 4213 2025 4279 membrorum
2058 4213 2262 4300 tmini-

311 4302 532 4378 steria,
580 4321 816 4383 corpus
861 4303 1000 4365 sine
1046 4302 1255 4383 capite
1295 4311 1396 4366 est
1438 4300 1671 4366 inutile
1725 4308 1940 4364 terrae
1983 4297 2258 4382 pondus.

500 4386 583 4452 Ut
633 4386 880 4474 deduci]
971 4388 1158 4470 Lego
1218 4386 1435 4452 diduci
1500 4394 1726 4452 contra
1789 4384 1985 4450 fidem
2041 4405 2261 4448 exem-

308 4471 629 4623 dibrillm'
687 4483 761 4537 ut
813 4486 941 4538 stet
996 4472 1254 4557 integer
1307 4493 1540 4537 sensus
1598 4493 1714 4554 pro
1767 4470 2088 4554 separari,
2147 4492 2261 4536 seu

360 4559 484 4624 'vel
519 4561 554 4623 ”.
2239 4557 2254 4574 ’

2367 3612 2685 3693 leonesque
2719 3618 3044 3678 transeunt
3078 3635 3257 3695 quem
3292 3614 3688 3696 impulerunt.
3760 3614 4063 3698 Iynobilis
4098 3618 4320 3682 bestiae

2354 3698 2712 3779 pertinacia
2753 3704 2856 3763 est.
2948 3699 3092 3762 Non
3126 3699 3288 3763 decet
3320 3720 3520 3783 reqem
3553 3720 3738 3764 saeva
3774 3721 3881 3766 nec
3915 3703 4320 3768 inexorabilis

2366 3785 2485 3847 ira.
2553 3783 2699 3847 Non
2731 3785 2996 3848 multum
3030 3785 3196 3849 enim
3231 3805 3433 3864 supra
3476 3807 3618 3850 eum
3659 3788 3898 3859 eminet,
3935 3788 4036 3852 cui
4079 3809 4145 3852 se
4189 3790 4319 3852 ira-

2365 3870 2585 3934 scendo
2642 3874 2957 3951 eaeaequat.
3045 3870 3136 3934 At
3189 3871 3249 3934 si
3298 3871 3404 3935 dat
3448 3873 3660 3950 vitam,
3702 3873 3762 3934 si
3805 3872 3914 3936 dat
3956 3874 4319 3956 diynitatem

2355 3955 2890 4036 periclitantibus,
2960 3961 3012 4020 et
3079 3957 3321 4020 meritis
3375 3958 3685 4035 amittere,
3729 3958 3885 4038 facit
3938 3959 4099 4038 quod
4154 3959 4317 4024 nulli

2366 4041 2496 4106 nisi
2549 4061 2763 4105 rerum
2804 4042 3070 4122 potienti
3115 4042 3265 4105 licet.
3370 4041 3515 4107 Vita
3558 4043 3724 4106 enim
3773 4043 3959 4106 etiam
4002 4048 4316 4124 superiori

2365 4128 2651 4208 eripitur,
2688 4148 3009 4208 nunquam
3044 4128 3176 4191 nisi
3219 4128 3508 4210 inferiori
3549 4129 3756 4193 datur.
3849 4127 4130 4207 Servare,
4168 4147 4319 4210 pro-

2353 4213 2582 4294 prium
2638 4218 2725 4278 est
2775 4212 3119 4278 eaecellentis
3172 4213 3489 4296 fortunae,
3543 4233 3702 4294 quae
3757 4234 4078 4295 nunquam
4111 4217 4316 4298 mayis

2365 4299 2605 4381 suspici
2628 4299 2809 4379 debet,
2834 4319 3022 4381 quam
3058 4320 3250 4381 quum
3283 4298 3383 4364 illi
3419 4298 3710 4380 continyit
3744 4300 3908 4364 idem
3932 4321 4118 4383 posse
4151 4303 4314 4383 quod

2364 4385 2511 4462 diis,
2549 4406 2813 4466 quorum
2845 4385 3126 4467 beneficio
3160 4386 3231 4450 in
3264 4386 3456 4449 lucem
3491 4385 3741 4448 edimur
3774 4390 3902 4449 tam
3944 4385 4084 4450 boni
4125 4408 4313 4468 quam

2365 4471 2541 4536 mali.
2610 4470 2893 4536 Deorum
2935 4473 3145 4553 itaque
3187 4471 3310 4535 sibi
3354 4471 3638 4534 animum
3680 4491 3967 4538 asserens
3997 4474 4312 4554 princeps,

2366 4557 2528 4622 alios
2577 4577 2652 4621 esc
2705 4557 2943 4621 civibus
2984 4559 3121 4622 suis
3154 4558 3307 4639 quia
3349 4557 3539 4621 utiles
3591 4555 3850 4638 bonique
3905 4566 4074 4637 sunt,
4120 4559 4315 4624 libens

2366 4644 2593 4724 videat,
2628 4645 2791 4709 alios
2823 4644 2892 4705 in
2923 4663 3251 4707 numerum
3289 4643 3620 4722 relinquat,
3658 4644 3962 4724 quosdam
3994 4665 4122 4711 esse
4159 4665 4313 4727 qau-

2367 4731 2525 4808 deat,
2566 4730 2868 4810 quosdam
2895 4729 3199 4810 patiatur.
3685 4767 3688 4772 >

1073 4849 1374 4915 CAPUT
1419 4850 1483 4913 V
2538 4815 2905 4881 Videbatur
2939 4815 3294 4897 exspatiari
3334 4814 3407 4877 in
3445 4814 3912 4897 digressionem
3947 4815 4152 4879 oratio
4190 4814 4311 4881 Se-

1487 4901 1500 4914 '
2367 4922 2582 4978 neoae‚
2632 4909 2698 4966 et
2730 4908 2947 4965 totum
2981 4910 3177 4982 caput
3217 4899 3611 4983 praecedens
3645 4921 3785 4966 esse
3820 4920 4162 4984 parergon,
4209 4904 4310 4966 ni-

486 4988 768 5071 Lonyius
788 4987 1033 5052 videtur
1051 4987 1376 5051 recessisse
1398 5007 1441 5051 a
1451 4987 1772 5067 proposito
1794 4986 1992 5051 oratio
2011 5007 2179 5052 mea.-
2200 4990 2264 5050 at
2368 4988 2462 5053 hil
2508 4988 2592 5052 ad
2635 5009 2776 5054 rem
2815 4985 3214 5070 propositam
3258 4987 3522 5063 faciens,
3567 4987 3693 5050 nisi
3729 4985 3900 5069 quod
3943 4987 4312 5072 principum

306 5094 407 5137 me
448 5073 804 5157 hercules1)
849 5093 979 5138 rem
1023 5073 1231 5154 ipsam
1266 5074 1517 5153 premit.
1609 5073 1783 5138 Nam
1821 5073 1909 5150 si,
1955 5073 2117 5153 quod
2153 5073 2265 5138 ad·
2366 5075 2704 5140 caritatem
2780 5072 3057 5139 subditis
3123 5073 3512 5138 insinuabat.
3632 5073 3825 5138 Nunc
3888 5073 4174 5137 ostendit
4239 5095 4308 5138 se

2366 5160 2497 5226 alio
2540 5169 2886 5242 spectasse,
2933 5166 3001 5224 ct
3041 5159 3422 5224 collimasse-
3448 5157 3528 5222 ad
3574 5158 3856 5222 alterum
3898 5177 4191 5243 scopum,
4235 5171 4311 5224 ut

1710 5317 1711 5320 Ἴ
2367 5246 2616 5312 scilicet
2671 5246 2977 5327 probaret
3028 5245 3442 5310 clementiam
3508 5244 3764 5308 nullum
3820 5245 4028 5327 magis
4081 5244 4310 5311 decere

454 5345 510 5412 1)
550 5348 748 5400 Amst..·
784 5347 1108 5402 mehsrcule.
2367 5352 2563 5414 quam
2604 5352 2826 5414 regem
2868 5337 2985 5396 aut
3036 5332 3413 5415 principem.
3501 5327 3579 5395 Si
3620 5330 3796 5395 enim
3840 5331 4094 5414 populi,
4151 5331 4312 5396 dum

520 5431 742 5488 Caluini
762 5447 945 5500 opera.
1026 5433 1141 5487 Vol.
1179 5432 1241 5486 V.
2413 5469 2427 5490 .
3871 5433 3908 5486 4
