5100 6061
680 436 802 499 199

851 619 1000 685 Hoc
1024 620 1219 685 etiam
1244 619 1635 684 acerrimum
1664 616 1867 681 telum
1903 622 2003 679 est
2037 618 2262 678 contra
2292 634 2419 691 eos,
2457 610 2630 695 quod

656 719 1063 790 'responsum
1086 718 1183 771 est
1205 705 1447 770 latroni
1478 702 1853 786 imploranti
1884 697 2399 765 misericordiam
2434 698 2630 782 (Luc.

682 796 785 872 23,
825 796 906 856 42
943 792 1076 876 88.).
1165 792 1543 875 Rogaverat
1583 789 1721 865 ille,
1771 787 2105 852 Memento
2146 786 2277 850 mei
2322 785 2626 863 Domine,

682 876 840 943 dum
872 878 1129 943 veneris
1175 879 1243 940 in
1286 896 1561 959 regnum
1595 880 1802 938 tuum.
1855 870 2077 950 Audit,
2123 870 2338 935 Hodie
2369 892 2628 937 meeum

685 965 814 1029 eris
857 965 931 1027 in
974 962 1290 1047 paradiso.
1380 960 1504 1024 Ille
1549 980 1621 1025 se
1665 959 2036 1023 affuturum
2069 957 2309 1021 latroni
2353 957 2628 1039 promit-

684 1051 796 1130 tit,
851 1050 966 1132 qui
1008 1049 1244 1131 ubique
1286 1054 1400 1111 est.
1490 1046 1583 1109 Et
1640 1043 2012 1126 paradisum
2067 1043 2422 1126 promittit,
2474 1039 2639 1142 quia'

685 1136 844 1200 satis
890 1134 1259 1199 delitiarum
1299 1132 1525 1208 habet,
1586 1130 1696 1211 qui
1739 1131 1882 1194 Deo
1926 1128 2182 1194 fruitur.
2271 1129 2501 1209 Neque
2545 1127 2626 1191 11-

682 1220 822 1284 lum
866 1220 1076 1285 reiicit
1114 1221 1184 1282 in
1229 1217 1493 1300 longam
1550 1215 1807 1280 dierum
1866 1216 2133 1294 seriem,
2191 1213 2306 1279 sed
2359 1234 2433 1278 eo
2486 1214 2626 1296 ipso

686 1307 789 1371 die
844 1312 1040 1370 vocat
1095 1303 1177 1368 ad
1234 1303 1494 1367 delitias
1552 1302 1739 1386 regni
1794 1301 1914 1365 sui.
2004 1300 2298 1365 Iactatur
2349 1300 2627 1365 istorum

682 1391 1018 1469 cavillum,
1081 1411 1204 1472 quo
1249 1388 1501 1453 Christi
1542 1387 1817 1452 verbum
1864 1385 2154 1451 eludunt.
2241 1385 2464 1463 UnuS‚
2524 1386 2627 1449 in-

681 1478 943 1560 quiunt,
1002 1476 1140 1541 dies
1192 1475 1359 1540 sicut
1413 1473 1595 1538 mille
1637 1473 1812 1550 anni,
1862 1473 1933 1536 in
1975 1479 2327 1554 conspectu
2374 1472 2511 1535 eius
2560 1473 2624 1553 (2

679 1564 857 1627 Petr.
898 1566 955 1640 3,
993 1562 1081 1642 8).
1172 1559 1307 1626 Sed
1360 1581 1493 1624 non
1550 1558 1992 1622 meminerunt
2044 1557 2261 1621 Deum
2324 1557 2628 1621 humanis

680 1649 976 1714 sensibus
1019 1668 1088 1711 se
1134 1644 1647 1723 accommodare,
1704 1645 1953 1725 quoties
1997 1643 2372 1708 hominibus
2416 1643 2627 1725 loqui-

681 1741 805 1797 tur.
895 1733 1123 1816 Neque
1166 1733 1397 1815 legunt
1441 1729 1613 1793 diem
1672 1735 1787 1810 [fol.
1828 1736 1935 1808 21]
1990 1751 2192 1793 unum
2235 1730 2307 1793 in
2349 1729 2627 1811 scriptu-

678 1822 770 1884 ris
814 1821 1115 1901 positum,
1163 1839 1280 1901 pro
1326 1816 1505 1880 mille
1551 1816 1757 1880 annis.
1849 1814 2018 1896 Quis
2069 1816 2238 1879 ferat
2291 1814 2471 1878 hunc
2524 1815 2627 1878 in-

680 1913 1050 1988 terpretem,
1098 1904 1209 1986 qui
1254 1924 1457 1986 quum
1501 1901 1783 1966 audierit
1825 1922 1906 1965 ex
1943 1900 2105 1978 Deo,
2151 1901 2394 1983 aliquid
2429 1898 2626 1964 hodie

675 1992 1004 2069 futurum,
1052 1990 1290 2072 cogitet
1332 2008 1655 2051 annorum
1699 1986 1947 2051 millia?
2038 1988 2149 2051 An
2193 2007 2378 2064 vero,
2423 2007 2626 2069 quum

675 2076 991 2142 Ninivitis
1016 2075 1211 2140 Ionas
1251 2073 1689 2152 denunciaret,
1727 2072 1966 2138 Adhuc
2000 2071 2432 2156 quadraginta
2468 2071 2623 2149 dies,

678 2170 745 2227 et
786 2162 1031 2226 Ninive
1089 2160 1533 2226 subvertetur:
1592 2166 1893 2241 poterant
1936 2158 2031 2222 illi
2075 2166 2454 2240 exspectare
2497 2157 2626 2222 Dei

677 2248 991 2312 iudicium
1037 2267 1278 2323 secure,
1327 2245 1531 2309 donec
1568 2244 1957 2328 quadragies
1991 2244 2173 2308 mille
2209 2244 2365 2308 anni
2400 2244 2625 2307 efflue-

678 2332 873 2397 rent?
963 2332 1193 2413 Neque
1251 2331 1372 2396 hoc
1430 2351 1625 2395 sensu
1684 2330 1849 2394 dixit
1890 2331 2131 2395 Petrus
2184 2328 2366 2393 mille
2419 2350 2625 2393 annos

678 2420 747 2483 in
781 2427 1129 2499 conspectu
1161 2416 1288 2481 Dei
1325 2418 1497 2482 sicut
1530 2414 1703 2480 diem
1737 2438 1959 2480 unum.
2029 2413 2163 2481 Sed
2196 2436 2395 2498 quum
2430 2435 2623 2497 pseu-

680 2502 1119 2586 doprophetae
1141 2503 1336 2584 aliqui
1364 2502 1499 2565 dies
1524 2510 1590 2565 et
1612 2502 1808 2565 horas
1831 2509 2281 2584 supputarent,
2307 2508 2381 2564 ut
2401 2502 2623 2566 Deum

677 2589 1000 2654 mendacii
1048 2597 1415 2672 arguerent,
1462 2587 1575 2670 qui
1619 2609 1748 2651 non
1793 2587 1876 2651 ad
1918 2589 2206 2670 primum
2242 2607 2468 2651 eorum
2503 2607 2624 2651 vo-

680 2682 824 2739 tum
880 2676 1200 2757 promissa
1254 2674 1565 2738 solveret:
1629 2673 1933 2738 admonet
1989 2672 2160 2755 apud
2204 2669 2422 2738 Deum
2478 2693 2624 2737 esse

681 2761 1155 2837 aeternitatem,
1196 2761 1302 2826 cui
1334 2759 1515 2824 mille
1551 2760 1706 2822 anni
1743 2760 1856 2823 vix
1894 2765 2052 2824 sunt
2086 2780 2292 2823 unum
2330 2779 2624 2823 momen-

677 2853 835 2911 tum.
927 2845 1253 2925 Quoniam
1300 2867 1453 2910 vero
1512 2845 1806 2910 sentiunt
1861 2865 1931 2910 se
1986 2846 2197 2910 teneri
2240 2844 2454 2911 adhuc
2497 2844 2623 2908 im-

675 2932 959 3015 plicitos,
1007 2931 1438 3009 contendunt,
1485 2930 1706 3009 hodie,
1751 2931 1823 2993 in
1868 2931 2208 3013 scripturis
2254 2931 2625 3014 significare

676 3026 935 3102 tempus
987 3018 1143 3084 novi
1200 3018 1607 3096 testamenti,
1667 3017 1835 3083 sicut
1888 3017 2060 3094 heri,
2121 3016 2381 3082 veteris.
2470 3015 2624 3081 Huc

677 3113 980 3187 torquent
1021 3103 1193 3187 quod
1236 3105 1304 3168 10
1347 3103 1622 3186 epistola
1676 3102 1758 3167 ad
1800 3103 2136 3167 Hebraeos
2188 3102 2456 3186 legitur:
2517 3101 2623 3166 Ie-

676 3212 789 3256 sus
836 3190 1146 3254 Christus
1189 3189 1352 3268 heri,
1400 3197 1466 3254 et
1508 3187 1733 3268 hodie,
1779 3189 1918 3270 ipse
1962 3191 2036 3253 in
2080 3188 2342 3254 saecula
2386 3187 2619 3270 (Hebr.

681 3281 775 3356 13,
816 3277 904 3358 8).
995 3277 1125 3341 Hie
1169 3295 1327 3341 vero
1383 3283 1517 3339 toto
1572 3274 1750 3339 coelo
1804 3283 2048 3338 errant.
2136 3274 2310 3338 Nam
2366 3274 2422 3338 si
2480 3274 2623 3337 heri

675 3359 934 3426 tantum
976 3361 1120 3438 fuit,
1167 3359 1513 3443 aliquando
1556 3361 1766 3441 coepit
1800 3380 1941 3425 esse
1976 3361 2088 3442 qui
2123 3380 2256 3423 non
2294 3370 2435 3424 erat
2469 3372 2622 3424 ante

2132 514 2143 526 ,Ν
2194 397 3142 491 PsYcHoPANNYomA.

4547 422 4675 485 200

2734 618 3075 677 aeternum
3131 614 3489 691 contineat,
3547 613 3699 678 licet
3741 634 3822 677 ex
3865 611 4188 694 propheta
4231 608 4504 690 discere,
4555 613 4667 694 qui

2732 698 2958 763 scribit
2982 706 3439 781 praeparatam
3459 698 3538 762 ab
3565 699 3872 764 hesterno
3897 696 4116 778 impiis
4129 697 4494 781 gehennam
4514 697 4668 778 (Ies.

2734 787 2834 861 30,
2863 784 3004 865 33):
3067 806 3267 868 quum
3312 784 3612 863 sciamus,
3674 800 3768 849 ex·
3802 783 4052 848 Christi
4098 782 4343 862 verbis,
4396 804 4669 867 praepa-

2732 878 2948 935 ratum
2972 871 3052 936 ab
3076 877 3339 935 aeterno
3362 871 3580 954 ignem
3603 869 3855 934 diabolo
3880 875 3946 932 et
3966 867 4215 951 angelis
4242 869 4380 933 eius
4402 869 4668 950 (Matth.

2734 960 2835 1034 25,
2875 958 3008 1037 41).
3075 954 3327 1019 Vident
3384 956 3518 1033 hic,
3577 954 3810 1038 quibus
3857 961 3956 1018 est
3998 953 4241 1036 aliquid
4286 954 4508 1020 iudicii
4550 964 4669 1022 aut

2731 1062 2927 1106 sanae
2970 1042 3229 1119 mentis,
3275 1040 3438 1105 nihil
3484 1042 3779 1105 futurum
3814 1039 3943 1103 illis
3981 1040 4323 1122 reliquum,
4368 1061 4494 1123 quo
4529 1042 4670 1107 elu-

2732 1126 2894 1191 dant
2935 1127 3351 1192 manifestam
3393 1126 3553 1192 adeo
3595 1127 3961 1193 veritatem.
4025 1126 4151 1190 Est
4194 1133 4413 1190 tamen
4457 1128 4670 1194 adhuc

2730 1211 3036 1296 quiddam
3073 1213 3243 1295 quod
3286 1212 3694 1295 obstrepunt:
3743 1213 3834 1278 sic
3878 1212 4269 1295 promissum
4315 1212 4513 1279 fuisse
4556 1236 4673 1297 pa-

2731 1298 3024 1364 radisum
3063 1299 3303 1364 latroni
3341 1319 3416 1363 eo
3453 1298 3574 1376 die,
3620 1297 4164 1381 quemadmodum
4209 1297 4455 1363 indicta
4496 1322 4672 1368 mors

2731 1385 2957 1468 primis
2991 1384 3390 1468 parentibus,
3432 1406 3559 1467 quo
3596 1383 3699 1448 die
3729 1390 4070 1468 gustarent
4089 1381 4169 1447 de
4192 1382 4421 1449 arbore
4460 1388 4667 1451 scien-

2730 1472 2858 1535 tiae
2901 1471 3053 1535 boni
3098 1480 3163 1536 et
3204 1470 3380 1535 mali.
3470 1468 3664 1550 Quod
3721 1478 3796 1534 ut
3850 1469 3978 1533 illis
4034 1467 4489 1550 concedamus,
4546 1473 4673 1539 hoo

2731 1565 2948 1621 tamen
3008 1557 3569 1639 extorquebimus,
3627 1556 3944 1621 latronem
4002 1576 4076 1619 eo
4134 1555 4239 1619 die
4294 1558 4672 1624 restitutum

2730 1664 2770 1707 a
2804 1642 3086 1721 miseria,
3133 1644 3201 1706 in
3237 1663 3433 1725 quam
3478 1648 3594 1720 [fol.
3634 1646 3741 1720 22]
3776 1640 4092 1705 inciderat
4126 1640 4359 1721 Adam,
4406 1665 4530 1725 quo
4565 1644 4671 1710 die

2729 1728 2945 1811 legem
2988 1728 3112 1794 sibi
3156 1728 3395 1792 dictam
3431 1729 3914 1809 praevaricatus
3949 1728 4189 1791 fuerat:
4236 1728 4434 1793 fuisse
4469 1731 4672 1813 igitur

2732 1812 3052 1878 redditam
3093 1814 3335 1880 latroni
3377 1813 3952 1878 immortalitatem.
4041 1811 4300 1877 Deinde
4344 1836 4543 1897 quum
4588 1815 4670 1882 de

2731 1908 2942 1963 morte
3002 1900 3224 1965 statim
3283 1900 3626 1976 disseram,
3686 1900 3845 1964 satis
3901 1899 4001 1982 (ni
4042 1898 4264 1980 fallor)
4315 1900 4671 1983 explicabo,

2731 1984 3050 2068 quomodo
3096 2006 3171 2050 00
3217 1985 3320 2050 die
3363 1985 3605 2050 mortui
3649 1986 3896 2049 luerint
3937 1985 4133 2067 primi
4176 1995 4498 2068 parentes,
4542 2009 4669 2070 quo

2733 2070 2836 2136 die
2879 2093 2949 2136 se
2990 2094 3028 2136 a
3070 2070 3214 2136 Deo
3259 2071 3814 2137 abalienaverunt.

2899 2243 3094 2310 Nunc
3137 2243 3302 2307 mihi
3345 2242 3428 2308 ad
3474 2263 3582 2307 eos
3617 2263 3830 2306 sermo
3867 2249 4308 2322 convertatur,
4353 2245 4466 2326 qui
4500 2245 4673 2312 bona

2774 2351 2886 2395 ace
2932 2329 3383 2406 conscientiae,
3429 2327 3893 2410 promissorum
3931 2327 4059 2392 Dei
4102 2349 4439 2410 memores,
4486 2331 4555 2395 in
4586 2331 4669 2395 il-

2760 2416 2810 2480 's
2853 2415 3293 2497 acquiescunt.
3381 2414 3567 2478 Haec
3609 2414 3908 2497 inquam,
3968 2413 4231 2492 fratres,
4280 2416 4441 2482 haec
4485 2417 4669 2483 vobis

2727 2500 2889 2566 fides
2932 2522 3068 2565 non
3114 2501 3498 2578 excutiatur,
3544 2498 3803 2564 etiamsi
3848 2519 4076 2563 omnes
4116 2500 4475 2566 inferorum
4519 2524 4669 2585 por-

2728 2594 2832 2652 tae
2877 2587 3213 2663 insultent,
3260 2587 3370 2651 ubi
3411 2586 3634 2650 Deum
3673 2583 3930 2649 habetis
3975 2606 4368 2667 sponsorem,
4414 2589 4523 2670 qui
4555 2611 4669 2654 ve-

2728 2673 2991 2738 ritatem
3045 2693 3233 2738 suam
3290 2673 3614 2755 abnegare
3671 2691 3802 2734 non
3856 2677 4085 2754 potest.
4166 2672 4318 2737 Vox
4375 2675 4514 2739 eius
4568 2682 4670 2740 est

2726 2758 2998 2823 minime
3041 2758 3331 2837 obscura,
3377 2756 3459 2822 ad
3493 2757 3833 2822 ecclesiam
3876 2755 4090 2821 adhuc
4132 2756 4203 2820 in
4248 2760 4440 2823 terris
4485 2781 4669 2842 pere-

2728 2844 3129 2929 grinantem:
3187 2844 3337 2908 Non
3394 2844 3521 2907 erit
3565 2841 3681 2905 tibi
3726 2840 4006 2924 amplius
4050 2842 4149 2907 sol
4192 2842 4274 2907 ad
4318 2845 4670 2910 lucendum

2728 2951 2844 3012 per
2885 2929 3075 3007 diem,
3122 2950 3332 3013 neque
3375 2928 3681 3011 splendor
3714 2928 3911 2992 lunae
3953 2929 4348 2994 illuminabit
4391 2939 4474 3007 te,
4520 2934 4673 3014 quia

2729 3017 2853 3080 erit
2907 3014 3026 3080 tibi
3068 3015 3398 3082 Dominus
3455 3015 3525 3080 in
3578 3014 3789 3080 lucem
3847 3014 4314 3098 sempiternam
4369 3016 4523 3100 (Ῑο8.
4565 3023 4668 3099 60,

2735 3104 2860 3182 19).
2951 3099 3144 3182 Quod
3187 3103 3243 3166 si
3287 3123 3403 3166 suo
3445 3121 3629 3165 more
3670 3100 3751 3164 ad
3795 3100 4092 3165 ultimam
4127 3101 4672 3169 resurrectionem

2728 3210 2848 3252 nos
2907 3188 3207 3266 trahunt,
3275 3193 3648 3271 promptum
3707 3188 3835 3251 erit
3886 3186 4181 3251 refellere
4235 3189 4590 3254 vanitatem
4616 3190 4668 3274 ¹)

2730 3295 2813 3338 ex
2848 3273 3126 3357 singulis
3147 3273 3368 3338 verbis
3405 3274 3661 3355 capitis:
3695 3270 3931 3355 quibus
3963 3293 4139 3336 0000
4160 3271 4485 3340 Dominus
4519 3297 4669 3359 pro-

2726 3359 2931 3423 mittit
2974 3379 3168 3423 suum
3214 3358 3578 3437 Christum,
3637 3379 3814 3423 nunc
3857 3366 4086 3441 gentes
4129 3359 4200 3422 in
4239 3359 4433 3424 fidem
4478 3383 4671 3444 coop-

676 3448 938 3510 initium
982 3447 1223 3511 veteris
1268 3447 1663 3511 testamenti.
1731 3444 1861 3511 Ubi
1898 3447 2024 3509 erit
2057 3445 2247 3509 Iesus
2290 3445 2401 3509 ille
2437 3444 2622 3510 Deus
2674 3427 2679 3516 4
2727 3444 2978 3524 tandas,
3014 3453 3132 3510 etc.
3198 3443 3476 3527 Semper
3505 3444 3573 3507 in
3608 3445 3990 3508 memoriam
4022 3442 4209 3508 nobis
4242 3444 4464 3510 redeat
4497 3447 4670 3529 quod

541 3584 553 3595 .
678 3538 1001 3610 aeternus,
1036 3533 1224 3596 iuxta
1257 3531 1729 3596 humanitatem
1767 3532 1962 3596 etiam
1987 3532 2459 3615 primogenitus
2484 3552 2621 3595 om-

674 3619 780 3681 nis
835 3625 1201 3696 creaturae,
1259 3624 1325 3682 et
1383 3637 1592 3700 agnus
1652 3619 1731 3683 ab
1788 3618 2039 3701 origine
2095 3616 2325 3681 mundi
2369 3618 2622 3683 occisus

2727 3531 2995 3614 spiritus
3041 3530 3258 3596 docuit
3300 3551 3417 3613 per
3460 3551 3530 3595 os
3566 3528 3868 3594 Davidis:
3909 3529 4133 3594 Iustus
4176 3538 4252 3594 ut
4292 3532 4509 3614 palma
4551 3535 4668 3598 flo-

2727 3616 2912 3696 rebit,
2958 3616 3127 3681 sicut
3165 3616 3398 3682 cedrus
3440 3616 3509 3680 in
3546 3614 3804 3680 Libano
3840 3614 4396 3698 multiplicabitur.
4465 3620 4669 3684 Plan-

678 3703 952 3787 (Coloss,
1001 3710 1051 3783 l,
1097 3708 1208 3781 15;
1247 3705 1445 3786 Apoc.
1498 3707 1586 3780 13,
1627 3709 1682 3767 3.
1723 3703 1833 3785 8)?
1901 3702 2178 3782 Deinde,
2226 3703 2284 3766 si
2319 3702 2511 3767 hodie
2553 3702 2621 3767 id
2673 3687 2678 3724 ²
2728 3704 2848 3767 tati
2889 3703 2960 3767 in
3005 3702 3195 3767 domo
3240 3703 3525 3780 Domini,
3571 3702 3636 3765 in
3682 3701 3864 3766 atriis
3899 3701 4026 3765 Dei
4071 3704 4277 3766 nostri
4322 3704 4666 3784 florebunt,

678 3789 986 3871 temporis
1032 3787 1358 3873 designat,
1416 3789 1586 3871 quod
1631 3789 1977 3853 intercedit
2018 3791 2196 3853 inter
2236 3788 2408 3854 diem
2451 3789 2621 3854 iudi-

675 3875 760 3940 cii
805 3881 872 3938 et
905 3874 1157 3939 Christi
1200 3874 1694 3954 humanitatem,
1740 3874 2056 3939 habemus
2092 3874 2468 3956 paradisum
2507 3876 2622 3940 ob-

675 3968 1035 4026 venturum
1080 3959 1320 4025 lat-roni
1363 3967 1517 4025 ante
1562 3983 1708 4024 eum
1759 3961 1947 4040 diem,
1994 3980 2120 4042 quo
2165 3981 2435 4044 surgere
2480 3962 2621 4025 ani-

673 4068 814 4111 mas
857 4067 897 4110 a
940 4067 1166 4111 somno
1214 4067 1335 4110 suo
1388 4045 1637 4111 docent.
1728 4048 1948 4129 Atque
2004 4047 2128 4123 ita,
2189 4066 2413 4110 eorum
2469 4067 2620 4110 con-

673 4132 981 4209 fessione,
1038 4132 1557 4215 extorquebitur,
1604 4131 1943 4214 impletam
1988 4132 2480 4215 promissionem
2526 4132 2621 4195 la-

642 4218 848 4281 troni
892 4216 1144 4296 datam,
1204 4225 1355 4282 ante
1409 4218 1753 4283 iudicium:
1798 4239 2028 4301 quam,
2090 4217 2215 4281 nisi
2261 4225 2411 4299 post
2452 4217 2622 4282 iudi-

673 4303 866 4382 cium,
912 4303 1314 4386 implendam
1357 4310 1616 4388 negant.
1685 4302 1876 4383 Quod
1922 4304 1979 4369 si
2022 4302 2295 4368 verbum
2339 4302 2501 4368 illud
2538 4302 2622 4369 ad

672 4396 934 4471 tempus
978 4389 1279 4467 trahunt,
1325 4389 1499 4472 quod
1540 4387 1854 4455 iudicium
1899 4389 2224 4472 sequitur:
2279 4410 2397 4454 cur
2439 4388 2623 4453 addit

670 4482 861 4540 autor
903 4475 1241 4556 epistolae,
1286 4476 1379 4539 Et
1421 4477 1493 4538 10
1534 4475 1835 4540 saecula?
1925 4477 2175 4557 Atque,
2232 4481 2309 4538 ut
2350 4474 2621 4558 palpare

669 4561 922 4643 possint
963 4581 1115 4624 suas
1152 4562 1487 4626 tenebras:
1535 4561 1591 4626 s'i
1632 4560 2018 4644 respiciebat
2062 4559 2372 4626 Christus
2428 4562 2499 4625 in
2545 4582 2622 4626 ea

668 4645 1095 4729 promissione
1131 4654 1390 4728 tempus
1422 4645 1674 4725 iudicii,
1712 4668 1846 4711 000
1881 4646 2108 4712 debuit
2143 4644 2358 4712 dicere
2401 4646 2618 4725 hodie,

671 4732 787 4797 sed
842 4733 1063 4796 futuro
1118 4731 1390 4796 saeculo.
1481 4730 2049 4812 Quemadmodum
2092 4732 2366 4811 Iesaias,
2415 4753 2618 4814 quum

670 4817 872 4884 vellet
916 4818 1284 4900 significare
1342 4819 1832 4883 resurrectionis
1889 4819 2307 4902 mysterium,
2352 4819 2617 4883 vocavit

670 4902 1037 4982 Christum,
1085 4910 1341 4986 patrem
1384 4903 1592 4967 futuri
1635 4904 1875 4969 saeculi
1919 4903 2070 4986 (Ies.
2113 4908 2170 4982 9,
2211 4904 2297 4984 6).
2390 4902 2615 4983 Quum

670 4995 890 5053 autem
936 4989 1078 5053 heri
1123 4995 1190 5052 et
1232 4988 1423 5053 hodie
1467 4996 1534 5053 et
1577 4990 1646 5051 10
1693 4990 1949 5053 saecula
1987 4989 2228 5054 dixerit
2260 4989 2609 5070 apostolus,

2728 3789 2942 3854 adhuc
2997 3788 3490 3872 germinabunt,
3548 3788 3618 3851 in
3673 3794 4004 3852 senectute
4062 3788 4337 3871 pingues
4392 3799 4458 3853 et
4504 3791 4666 3855 viri-

2728 3873 2841 3940 des
2887 3881 3081 3939 erunt
3134 3873 3337 3958 (Psal.
3390 3878 3491 3952 92,
3536 3877 3610 3936 13
3649 3871 3783 3956 88.).
3877 3871 3977 3937 Ne
4029 3895 4142 3938 vos
4191 3881 4435 3939 terreat
4493 3875 4668 3958 quod

2725 3982 2954 4025 omnes
2987 3970 3259 4034 naturae
3282 3960 3564 4025 virtutes
3596 3957 3870 4024 deficere
3902 3957 4285 4024 creduntur:
4323 3982 4526 4043 quum
4549 3984 4668 4026 au·

2726 4045 2880 4111 ditis
2925 4054 3326 4112 senectutem
3363 4044 3661 4124 viridem,
3706 4045 4017 4128 pinguem
4062 4051 4129 4108 et
4170 4048 4665 4128 germinantem.
4741 4107 4750 4115 .

2725 4131 2912 4197 Haec
2948 4131 3283 4197 vobiscum
3328 4139 3707 4213 reputantes
3743 4130 4041 4212 exemplo
4078 4130 4356 4196 Davidis
4392 4135 4666 4199 occinite

2725 4219 2979 4282 animae
3034 4225 3320 4284 vestrae:
3376 4215 3663 4281 Benedio
3716 4217 3934 4280 anima
3992 4237 4137 4280 mea
4187 4217 4497 4295 Domine,
4555 4222 4667 4302 qui

2725 4304 2919 4368 satiat
2961 4303 3127 4367 bono
3160 4325 3231 4367 os
3264 4310 3482 4366 tuum:
3527 4301 3965 4378 renovabitur,
4009 4311 4083 4366 ut
4115 4303 4388 4384 aquilae,
4430 4304 4666 4370 iuven-

2726 4395 2831 4453 tus
2885 4396 2999 4453 tua
3056 4388 3257 4469 (Psal.
3318 4391 3456 4466 103,
3517 4388 3604 4469 5).
3709 4386 3987 4453 Caetera
4042 4389 4328 4455 Domino
4394 4391 4666 4473 permit-

2725 4474 2861 4554 tite,
2908 4475 3018 4557 qui
3059 4472 3340 4539 custodit
3362 4473 3701 4537 introitum
3745 4480 4060 4551 nostrum,
4105 4481 4172 4538 et
4215 4476 4464 4540 exitum
4509 4497 4662 4542 nos-

2722 4565 2931 4639 trum,
2990 4580 3073 4624 ex
3128 4560 3252 4625 hoc
3307 4580 3510 4638 nunc,
3557 4565 3625 4623 et
3682 4580 3888 4641 usque
3947 4560 4014 4623 in
4073 4559 4402 4625 saeculum
4456 4563 4659 4644 (Psal.

2729 4649 2868 4724 121,
2907 4647 2996 4728 8).
3085 4645 3217 4709 Η10
3275 4653 3375 4710 est
3428 4644 3540 4728 qui
3595 4644 3767 4727 pluit
3823 4645 4099 4710 imbrem
4154 4649 4554 4713 matutinum
4595 4657 4664 4713 et

2721 4731 3096 4810 serotinum,
3140 4753 3336 4815 super
3380 4730 3616 4795 electos
3660 4751 3811 4796 suos
3856 4731 4040 4816 (Ioel.
4083 4735 4139 4811 2,
4180 4734 4307 4812 23).
4385 4732 4490 4799 De
4533 4756 4663 4818 quo

2719 4815 2905 4883 nobis
2951 4817 3195 4883 dictum
3241 4823 3370 4881 est:
3415 4814 3599 4881 Deus
3643 4824 3880 4894 noster,
3926 4818 4111 4882 Deus
4154 4817 4389 4885 salutis
4423 4827 4548 4885 est:
4593 4827 4665 4886 et

2717 4901 2990 4982 Domini
3022 4902 3152 4968 Dei
3186 4922 3486 4985 egressus
3509 4904 3737 4967 mortis
3782 4902 3985 4986 (Psal.
4016 4907 4115 4982 68,
4142 4904 4272 4986 21).
4320 4906 4512 4971 Hanc
4544 4928 4662 4989 pa-

2719 4989 2836 5054 tris
2880 4989 3235 5054 bonitatem
3282 4988 3582 5071 exposuit
3625 4989 3810 5053 nobis
3846 4988 4170 5065 Christus,
4218 5011 4422 5072 quum
4458 4992 4659 5058 dixit:

668 5094 786 5156 pro
839 5094 913 5137 eo
968 5075 1140 5157 quod
1194 5074 1500 5153 dicimus,
1555 5074 1709 5151 fuit,
1771 5083 1896 5152 est,
1952 5082 2019 5138 et
2062 5076 2187 5139 erit
2245 5075 2439 5158 (quae
2484 5077 2612 5140 tria
2712 5074 2932 5153 Pater,
2989 5096 3150 5157 0008
3193 5074 3428 5138 dedisti
3483 5074 3673 5151 mihi,
3722 5075 3867 5141 volo
3913 5087 3987 5139 ut
4027 5074 4140 5139 ubi
4185 5097 4307 5160 ego
4352 5099 4532 5157 sum,
4590 5087 4664 5144 et

668 5168 962 5240 tempora
973 5162 1159 5226 nobis
1172 5161 1625 5227 aeternitatem
1641 5159 2015 5243 designant)
2039 5153 2192 5242 quid
2211 5159 2390 5224 aliud
2404 5169 2611 5244 agunt

669 5244 805 5309 suis
861 5247 1227 5326 argutioliS,
1295 5268 1493 5329 quam
1540 5265 1805 5309 sensum
1855 5246 2130 5326 apostoli
2175 5246 2604 5327 pervertunt?

666 5331 861 5394 Hauc
918 5351 1056 5394 esse
1110 5335 1573 5416 proprietatem
1616 5331 1812 5413 primi
1858 5331 2183 5408 vocabuli,
2231 5341 2304 5395 ut
2347 5342 2605 5415 tempus

2779 5411 2784 5420 ἣ
2852 5349 2909 5414 1)
2951 5348 3098 5402 Edd.
3140 5347 3475 5402 1576—1611
3513 5348 3790 5402 mendose:
3825 5349 4096 5404 unitatem.
