<?xml version="1.0" encoding="UTF-8"?>
<!DOCTYPE html PUBLIC "-//W3C//DTD XHTML 1.0 Transitional//EN"
    "http://www.w3.org/TR/xhtml1/DTD/xhtml1-transitional.dtd">
<html xmlns="http://www.w3.org/1999/xhtml" xml:lang="en" lang="en">
 <head>
  <title>
</title>
<meta http-equiv="Content-Type" content="text/html;charset=utf-8" />
  <meta name='ocr-system' content='tesseract 3.04.00' />
  <meta name='ocr-capabilities' content='ocr_page ocr_carea ocr_par ocr_line ocrx_word'/>
</head>
<body>
  <div class='ocr_page' id='page_1' title='image "./ioanniscalvinio15calvgoog_0200.png"; bbox 0 0 5100 6061; ppageno 0'>
   <div class='ocr_carea' id='block_1_1' title="bbox 768 436 892 497">
    <p class='ocr_par' dir='ltr' id='par_1_1' title="bbox 768 436 892 497">
     <span class='ocr_line' id='line_1_1' title="bbox 768 436 892 497; baseline 0 0"><span class='ocrx_word' id='word_1_1' title='bbox 768 436 892 497; x_wconf 84' lang='lat'><strong>275</strong></span> 
     </span>
    </p>
   </div>
   <div class='ocr_carea' id='block_1_2' title="bbox 762 614 2718 1476">
    <p class='ocr_par' dir='ltr' id='par_1_2' title="bbox 762 614 2718 1476">
     <span class='ocr_line' id='line_1_2' title="bbox 834 614 2716 698; baseline -0.002 -14"><span class='ocrx_word' id='word_1_2' title='bbox 834 640 945 686; x_wconf 85' lang='lat' dir='ltr'><strong>ose</strong></span> <span class='ocrx_word' id='word_1_3' title='bbox 987 618 1104 685; x_wconf 85' lang='lat' dir='ltr'><strong>abs</strong></span> <span class='ocrx_word' id='word_1_4' title='bbox 1149 628 1213 683; x_wconf 88' lang='lat' dir='ltr'><strong>te</strong></span> <span class='ocrx_word' id='word_1_5' title='bbox 1257 619 1327 683; x_wconf 91' lang='lat' dir='ltr'><strong>in</strong></span> <span class='ocrx_word' id='word_1_6' title='bbox 1372 620 1606 684; x_wconf 86' lang='lat' dir='ltr'><strong>timore</strong></span> <span class='ocrx_word' id='word_1_7' title='bbox 1650 617 1922 682; x_wconf 82' lang='lat' dir='ltr'>Domini</span> <span class='ocrx_word' id='word_1_8' title='bbox 1967 614 2296 693; x_wconf 74' lang='lat' dir='ltr'><strong>educetur,</strong></span> <span class='ocrx_word' id='word_1_9' title='bbox 2343 615 2716 698; x_wconf 81' lang='lat' dir='ltr'><strong>optimaque</strong></span> 
     </span>
     <span class='ocr_line' id='line_1_3' title="bbox 765 643 2715 788; baseline -0.003 -17"><span class='ocrx_word' id='word_1_10' title='bbox 765 643 1112 788; x_wconf 54' lang='lat' dir='ltr'><strong>disciplina</strong></span> <span class='ocrx_word' id='word_1_11' title='bbox 1167 704 1517 770; x_wconf 76' lang='lat' dir='ltr'><strong>imbuatur.</strong></span> <span class='ocrx_word' id='word_1_12' title='bbox 1620 704 1794 769; x_wconf 89' lang='lat' dir='ltr'><strong>Nam</strong></span> <span class='ocrx_word' id='word_1_13' title='bbox 1850 703 1908 767; x_wconf 90' lang='grc'><strong>81</strong></span> <span class='ocrx_word' id='word_1_14' title='bbox 1964 721 2199 767; x_wconf 89' lang='lat' dir='ltr'><strong>verum</strong></span> <span class='ocrx_word' id='word_1_15' title='bbox 2254 709 2355 766; x_wconf 87' lang='grc'><strong>081</strong></span> <span class='ocrx_word' id='word_1_16' title='bbox 2409 700 2581 784; x_wconf 83' lang='grc' dir='ltr'><strong>(111οᾱ</strong></span> <span class='ocrx_word' id='word_1_17' title='bbox 2634 701 2715 766; x_wconf 89' lang='lat' dir='ltr'><strong>ab</strong></span> 
     </span>
     <span class='ocr_line' id='line_1_4' title="bbox 766 786 2717 871; baseline -0.004 -13"><span class='ocrx_word' id='word_1_18' title='bbox 766 792 1120 858; x_wconf 74' lang='lat' dir='ltr'>Aristotele</span> <span class='ocrx_word' id='word_1_19' title='bbox 1158 790 1414 869; x_wconf 90' lang='lat' dir='ltr'><strong>dicitur,</strong></span> <span class='ocrx_word' id='word_1_20' title='bbox 1461 811 1648 855; x_wconf 85' lang='lat' dir='ltr'><strong>suam</strong></span> <span class='ocrx_word' id='word_1_21' title='bbox 1688 789 2039 871; x_wconf 88' lang='lat' dir='ltr'><strong>unicuique</strong></span> <span class='ocrx_word' id='word_1_22' title='bbox 2077 786 2344 851; x_wconf 91' lang='lat' dir='ltr'><strong>domum</strong></span> <span class='ocrx_word' id='word_1_23' title='bbox 2385 786 2717 869; x_wconf 89' lang='lat' dir='ltr'><strong>quandam</strong></span> 
     </span>
     <span class='ocr_line' id='line_1_5' title="bbox 766 872 2716 961; baseline -0.003 -17"><span class='ocrx_word' id='word_1_24' title='bbox 766 896 908 944; x_wconf 87' lang='lat' dir='ltr'><strong>esse</strong></span> <span class='ocrx_word' id='word_1_25' title='bbox 937 877 1195 960; x_wconf 87' lang='lat' dir='ltr'><strong>parvuli</strong></span> <span class='ocrx_word' id='word_1_26' title='bbox 1232 878 1421 961; x_wconf 88' lang='lat' dir='ltr'><strong>regni</strong></span> <span class='ocrx_word' id='word_1_27' title='bbox 1458 876 1760 960; x_wconf 87' lang='lat' dir='ltr'><strong>effigiem,</strong></span> <span class='ocrx_word' id='word_1_28' title='bbox 1798 876 1868 938; x_wconf 90' lang='lat' dir='ltr'><strong>in</strong></span> <span class='ocrx_word' id='word_1_29' title='bbox 1904 893 2035 957; x_wconf 89' lang='lat' dir='ltr'><strong>qua</strong></span> <span class='ocrx_word' id='word_1_30' title='bbox 2068 872 2541 956; x_wconf 88' lang='lat' dir='ltr'><strong>paterfamilias</strong></span> <span class='ocrx_word' id='word_1_31' title='bbox 2578 874 2716 955; x_wconf 87' lang='lat' dir='ltr'><strong>ipse</strong></span> 
     </span>
     <span class='ocr_line' id='line_1_6' title="bbox 767 958 2718 1047; baseline -0.003 -20"><span class='ocrx_word' id='word_1_32' title='bbox 767 966 976 1029; x_wconf 86' lang='lat' dir='ltr'><strong>instar</strong></span> <span class='ocrx_word' id='word_1_33' title='bbox 1031 963 1248 1047; x_wconf 89' lang='lat' dir='ltr'><strong>reguli</strong></span> <span class='ocrx_word' id='word_1_34' title='bbox 1303 962 1483 1047; x_wconf 89' lang='lat' dir='ltr'><strong>leges</strong></span> <span class='ocrx_word' id='word_1_35' title='bbox 1540 962 1735 1039; x_wconf 87' lang='lat' dir='ltr'><strong>ferat,</strong></span> <span class='ocrx_word' id='word_1_36' title='bbox 1780 958 2014 1044; x_wconf 86' lang='lat' dir='ltr'><strong>quibus</strong></span> <span class='ocrx_word' id='word_1_37' title='bbox 2068 958 2474 1043; x_wconf 76' lang='lat' dir='ltr'><strong>plebeculam</strong></span> <span class='ocrx_word' id='word_1_38' title='bbox 2528 978 2718 1023; x_wconf 92' lang='lat' dir='ltr'><strong>suam</strong></span> 
     </span>
     <span class='ocr_line' id='line_1_7' title="bbox 766 1044 2715 1128; baseline -0.002 -16"><span class='ocrx_word' id='word_1_39' title='bbox 766 1049 849 1112; x_wconf 92' lang='lat' dir='ltr'><strong>ad</strong></span> <span class='ocrx_word' id='word_1_40' title='bbox 885 1070 1147 1113; x_wconf 89' lang='lat' dir='ltr'><strong>omnem</strong></span> <span class='ocrx_word' id='word_1_41' title='bbox 1183 1049 1500 1113; x_wconf 88' lang='lat' dir='ltr'><strong>iustitiam</strong></span> <span class='ocrx_word' id='word_1_42' title='bbox 1524 1047 2090 1128; x_wconf 75' lang='lat' dir='ltr'><strong>innocentiamque</strong></span> <span class='ocrx_word' id='word_1_43' title='bbox 2124 1047 2437 1110; x_wconf 86' lang='lat' dir='ltr'><strong>instruat:</strong></span> <span class='ocrx_word' id='word_1_44' title='bbox 2476 1066 2562 1108; x_wconf 86' lang='lat' dir='ltr'><strong>ne</strong></span> <span class='ocrx_word' id='word_1_45' title='bbox 2598 1044 2715 1109; x_wconf 92' lang='lat' dir='ltr'><strong>ho-</strong></span> 
     </span>
     <span class='ocr_line' id='line_1_8' title="bbox 765 1131 2716 1217; baseline -0.002 -19"><span class='ocrx_word' id='word_1_46' title='bbox 765 1135 1021 1199; x_wconf 90' lang='lat' dir='ltr'><strong>minum</strong></span> <span class='ocrx_word' id='word_1_47' title='bbox 1067 1133 1325 1217; x_wconf 91' lang='lat' dir='ltr'><strong>quidem</strong></span> <span class='ocrx_word' id='word_1_48' title='bbox 1371 1133 1609 1198; x_wconf 91' lang='lat' dir='ltr'><strong>iudicio</strong></span> <span class='ocrx_word' id='word_1_49' title='bbox 1653 1131 2066 1199; x_wconf 87' lang='lat' dir='ltr'><strong>excusandus</strong></span> <span class='ocrx_word' id='word_1_50' title='bbox 2111 1138 2213 1196; x_wconf 84' lang='lat' dir='ltr'><strong>est</strong></span> <span class='ocrx_word' id='word_1_51' title='bbox 2266 1131 2408 1209; x_wconf 89' lang='grc'><strong>1110,</strong></span> <span class='ocrx_word' id='word_1_52' title='bbox 2457 1132 2567 1213; x_wconf 88' lang='grc'><strong>(1111</strong></span> <span class='ocrx_word' id='word_1_53' title='bbox 2612 1151 2716 1195; x_wconf 86' lang='grc'><strong>10-</strong></span> 
     </span>
     <span class='ocr_line' id='line_1_9' title="bbox 766 1217 2715 1303; baseline -0.002 -19"><span class='ocrx_word' id='word_1_54' title='bbox 766 1220 1018 1303; x_wconf 88' lang='lat' dir='ltr'><strong>gendae</strong></span> <span class='ocrx_word' id='word_1_55' title='bbox 1059 1219 1343 1284; x_wconf 86' lang='lat' dir='ltr'><strong>familiae</strong></span> <span class='ocrx_word' id='word_1_56' title='bbox 1387 1240 1681 1299; x_wconf 86' lang='lat' dir='ltr'><strong>securus,</strong></span> <span class='ocrx_word' id='word_1_57' title='bbox 1728 1218 1921 1283; x_wconf 92' lang='lat' dir='ltr'><strong>modo</strong></span> <span class='ocrx_word' id='word_1_58' title='bbox 1975 1219 2184 1300; x_wconf 84' lang='lat' dir='ltr'>ipsam</span> <span class='ocrx_word' id='word_1_59' title='bbox 2244 1235 2401 1300; x_wconf 88' lang='lat' dir='ltr'><strong>erga</strong></span> <span class='ocrx_word' id='word_1_60' title='bbox 2447 1237 2517 1281; x_wconf 91' lang='lat' dir='ltr'><strong>se</strong></span> <span class='ocrx_word' id='word_1_61' title='bbox 2559 1217 2715 1281; x_wconf 84' lang='lat' dir='ltr'><strong>satis</strong></span> 
     </span>
     <span class='ocr_line' id='line_1_10' title="bbox 764 1301 2717 1387; baseline -0.003 -16"><span class='ocrx_word' id='word_1_62' title='bbox 764 1305 1060 1371; x_wconf 84' lang='lat' dir='ltr'><strong>sedulam</strong></span> <span class='ocrx_word' id='word_1_63' title='bbox 1113 1326 1187 1371; x_wconf 92' lang='lat' dir='ltr'><strong>ac</strong></span> <span class='ocrx_word' id='word_1_64' title='bbox 1245 1305 1602 1371; x_wconf 85' lang='lat' dir='ltr'><strong>officiosam</strong></span> <span class='ocrx_word' id='word_1_65' title='bbox 1655 1324 1917 1387; x_wconf 80' lang='lat' dir='ltr'><strong>semper</strong></span> <span class='ocrx_word' id='word_1_66' title='bbox 1958 1302 2227 1380; x_wconf 89' lang='lat' dir='ltr'><strong>habeat,</strong></span> <span class='ocrx_word' id='word_1_67' title='bbox 2272 1304 2346 1366; x_wconf 89' lang='lat' dir='ltr'><strong>in</strong></span> <span class='ocrx_word' id='word_1_68' title='bbox 2388 1301 2610 1367; x_wconf 91' lang='lat' dir='ltr'><strong>Deum</strong></span> <span class='ocrx_word' id='word_1_69' title='bbox 2651 1309 2717 1366; x_wconf 91' lang='lat' dir='ltr'><strong>et</strong></span> 
     </span>
     <span class='ocr_line' id='line_1_11' title="bbox 762 1388 2714 1476; baseline -0.002 -21"><span class='ocrx_word' id='word_1_70' title='bbox 762 1392 1063 1457; x_wconf 88' lang='lat' dir='ltr'><strong>homines</strong></span> <span class='ocrx_word' id='word_1_71' title='bbox 1107 1393 1495 1476; x_wconf 88' lang='lat' dir='ltr'><strong>flagitiosam</strong></span> <span class='ocrx_word' id='word_1_72' title='bbox 1537 1412 1679 1458; x_wconf 89' lang='lat' dir='ltr'><strong>esse</strong></span> <span class='ocrx_word' id='word_1_73' title='bbox 1724 1391 1897 1456; x_wconf 88' lang='lat' dir='ltr'><strong>sinit.</strong></span> <span class='ocrx_word' id='word_1_74' title='bbox 1963 1391 2058 1453; x_wconf 84' lang='lat' dir='ltr'><strong>At</strong></span> <span class='ocrx_word' id='word_1_75' title='bbox 2112 1389 2230 1453; x_wconf 91' lang='lat' dir='ltr'><strong>tibi</strong></span> <span class='ocrx_word' id='word_1_76' title='bbox 2274 1388 2470 1453; x_wconf 90' lang='lat' dir='ltr'><strong>altius</strong></span> <span class='ocrx_word' id='word_1_77' title='bbox 2515 1389 2714 1452; x_wconf 87' lang='lat' dir='ltr'><strong>etiam</strong></span> 
     </span>
    </p>
   </div>
   <div class='ocr_carea' id='block_1_3' title="bbox 654 1472 2714 1562">
    <p class='ocr_par' dir='ltr' id='par_1_3' title="bbox 654 1472 2714 1562">
     <span class='ocr_line' id='line_1_12' title="bbox 654 1472 2714 1562; baseline -0.002 -21"><span class='ocrx_word' id='word_1_78' title='bbox 654 1534 657 1541; x_wconf 88' lang='grc'><strong>.</strong></span> <span class='ocrx_word' id='word_1_79' title='bbox 762 1477 1155 1559; x_wconf 77' lang='lat' dir='ltr'><strong>cogitatione</strong></span> <span class='ocrx_word' id='word_1_80' title='bbox 1191 1477 1672 1562; x_wconf 87' lang='lat' dir='ltr'><strong>assurgendum</strong></span> <span class='ocrx_word' id='word_1_81' title='bbox 1714 1483 1839 1541; x_wconf 87' lang='lat' dir='ltr'><strong>cst:</strong></span> <span class='ocrx_word' id='word_1_82' title='bbox 1880 1495 2113 1557; x_wconf 88' lang='lat' dir='ltr'><strong>nempe</strong></span> <span class='ocrx_word' id='word_1_83' title='bbox 2158 1474 2489 1541; x_wconf 79' lang='lat' dir='ltr'><strong>custodiae</strong></span> <span class='ocrx_word' id='word_1_84' title='bbox 2529 1472 2714 1539; x_wconf 91' lang='lat' dir='ltr'><strong>fidei-</strong></span> 
     </span>
    </p>
   </div>
   <div class='ocr_carea' id='block_1_4' title="bbox 760 1560 2714 2248">
    <p class='ocr_par' dir='ltr' id='par_1_4' title="bbox 760 1560 2714 2248">
     <span class='ocr_line' id='line_1_13' title="bbox 762 1560 2713 1646; baseline -0.001 -19"><span class='ocrx_word' id='word_1_85' title='bbox 762 1584 888 1646; x_wconf 91' lang='lat' dir='ltr'><strong>que</strong></span> <span class='ocrx_word' id='word_1_86' title='bbox 955 1572 1107 1628; x_wconf 89' lang='lat' dir='ltr'><strong>tuae</strong></span> <span class='ocrx_word' id='word_1_87' title='bbox 1163 1565 1539 1629; x_wconf 90' lang='lat' dir='ltr'><strong>commissos</strong></span> <span class='ocrx_word' id='word_1_88' title='bbox 1598 1584 1636 1627; x_wconf 89' lang='lat' dir='ltr'><strong>a</strong></span> <span class='ocrx_word' id='word_1_89' title='bbox 1679 1560 1966 1626; x_wconf 92' lang='lat' dir='ltr'><strong>Domino</strong></span> <span class='ocrx_word' id='word_1_90' title='bbox 2011 1581 2149 1639; x_wconf 91' lang='lat' dir='ltr'><strong>eos,</strong></span> <span class='ocrx_word' id='word_1_91' title='bbox 2208 1560 2442 1643; x_wconf 91' lang='lat' dir='ltr'><strong>quibus</strong></span> <span class='ocrx_word' id='word_1_92' title='bbox 2488 1569 2556 1623; x_wconf 92' lang='lat' dir='ltr'><strong>te</strong></span> <span class='ocrx_word' id='word_1_93' title='bbox 2601 1560 2713 1625; x_wconf 92' lang='lat' dir='ltr'><strong>do-</strong></span> 
     </span>
     <span class='ocr_line' id='line_1_14' title="bbox 762 1647 2714 1730; baseline -0.002 -18"><span class='ocrx_word' id='word_1_94' title='bbox 762 1650 1017 1713; x_wconf 90' lang='lat' dir='ltr'><strong>minum</strong></span> <span class='ocrx_word' id='word_1_95' title='bbox 1061 1648 1436 1715; x_wconf 88' lang='lat' dir='ltr'><strong>destinarit:</strong></span> <span class='ocrx_word' id='word_1_96' title='bbox 1484 1670 1524 1712; x_wconf 88' lang='lat' dir='ltr'><strong>a</strong></span> <span class='ocrx_word' id='word_1_97' title='bbox 1554 1649 1868 1725; x_wconf 87' lang='lat' dir='ltr'><strong>Domino,</strong></span> <span class='ocrx_word' id='word_1_98' title='bbox 1914 1650 2200 1730; x_wconf 90' lang='lat' dir='ltr'><strong>inquam,</strong></span> <span class='ocrx_word' id='word_1_99' title='bbox 2237 1647 2355 1711; x_wconf 90' lang='lat' dir='ltr'><strong>tibi</strong></span> <span class='ocrx_word' id='word_1_100' title='bbox 2400 1647 2714 1730; x_wconf 85' lang='lat' dir='ltr'><strong>assignati</strong></span> 
     </span>
     <span class='ocr_line' id='line_1_15' title="bbox 763 1732 2712 1818; baseline -0.002 -18"><span class='ocrx_word' id='word_1_101' title='bbox 763 1743 947 1812; x_wconf 86' lang='lat' dir='ltr'><strong>sunt,</strong></span> <span class='ocrx_word' id='word_1_102' title='bbox 990 1736 1101 1818; x_wconf 93' lang='lat' dir='ltr'><strong>qui</strong></span> <span class='ocrx_word' id='word_1_103' title='bbox 1141 1736 1261 1801; x_wconf 91' lang='lat' dir='ltr'><strong>tibi</strong></span> <span class='ocrx_word' id='word_1_104' title='bbox 1306 1736 1588 1801; x_wconf 90' lang='lat' dir='ltr'><strong>subsunt</strong></span> <span class='ocrx_word' id='word_1_105' title='bbox 1625 1734 1829 1811; x_wconf 89' lang='lat' dir='ltr'><strong>servi,</strong></span> <span class='ocrx_word' id='word_1_106' title='bbox 1869 1754 2030 1816; x_wconf 89' lang='lat' dir='ltr'><strong>quos</strong></span> <span class='ocrx_word' id='word_1_107' title='bbox 2074 1734 2198 1817; x_wconf 90' lang='lat' dir='ltr'><strong>ipsi</strong></span> <span class='ocrx_word' id='word_1_108' title='bbox 2237 1732 2560 1814; x_wconf 85' lang='lat' dir='ltr'><strong>primum,</strong></span> <span class='ocrx_word' id='word_1_109' title='bbox 2601 1732 2712 1797; x_wconf 91' lang='lat' dir='ltr'><strong>de-</strong></span> 
     </span>
     <span class='ocr_line' id='line_1_16' title="bbox 766 1817 2713 1903; baseline -0.001 -20"><span class='ocrx_word' id='word_1_110' title='bbox 766 1820 921 1888; x_wconf 90' lang='lat' dir='ltr'><strong>inde</strong></span> <span class='ocrx_word' id='word_1_111' title='bbox 957 1829 1025 1885; x_wconf 92' lang='lat' dir='ltr'><strong>et</strong></span> <span class='ocrx_word' id='word_1_112' title='bbox 1073 1820 1195 1886; x_wconf 84' lang='lat' dir='ltr'><strong>sub</strong></span> <span class='ocrx_word' id='word_1_113' title='bbox 1252 1822 1395 1903; x_wconf 90' lang='lat' dir='ltr'><strong>ipso</strong></span> <span class='ocrx_word' id='word_1_114' title='bbox 1439 1819 1558 1884; x_wconf 86' lang='lat' dir='ltr'><strong>tibi</strong></span> <span class='ocrx_word' id='word_1_115' title='bbox 1601 1817 1862 1884; x_wconf 86' lang='lat' dir='ltr'><strong>obedire</strong></span> <span class='ocrx_word' id='word_1_116' title='bbox 1907 1820 2281 1902; x_wconf 78' lang='lat' dir='ltr'><strong>servii-eque</strong></span> <span class='ocrx_word' id='word_1_117' title='bbox 2335 1817 2568 1884; x_wconf 88' lang='lat' dir='ltr'><strong>doceas</strong></span> <span class='ocrx_word' id='word_1_118' title='bbox 2614 1826 2713 1882; x_wconf 85' lang='lat' dir='ltr'><strong>at-</strong></span> 
     </span>
     <span class='ocr_line' id='line_1_17' title="bbox 762 1903 2711 1990; baseline -0.001 -20"><span class='ocrx_word' id='word_1_119' title='bbox 762 1928 888 1990; x_wconf 90' lang='lat' dir='ltr'><strong>que</strong></span> <span class='ocrx_word' id='word_1_120' title='bbox 936 1907 1343 1972; x_wconf 87' lang='lat' dir='ltr'><strong>assuefacias.</strong></span> <span class='ocrx_word' id='word_1_121' title='bbox 1423 1903 1646 1986; x_wconf 78' lang='lat' dir='ltr'><strong>Quare</strong></span> <span class='ocrx_word' id='word_1_122' title='bbox 1701 1926 1835 1969; x_wconf 89' lang='lat' dir='ltr'><strong>non</strong></span> <span class='ocrx_word' id='word_1_123' title='bbox 1889 1908 2029 1969; x_wconf 91' lang='lat' dir='ltr'><strong>sine</strong></span> <span class='ocrx_word' id='word_1_124' title='bbox 2085 1924 2281 1969; x_wconf 88' lang='lat' dir='ltr'><strong>causa</strong></span> <span class='ocrx_word' id='word_1_125' title='bbox 2334 1910 2473 1968; x_wconf 90' lang='lat' dir='ltr'><strong>tam</strong></span> <span class='ocrx_word' id='word_1_126' title='bbox 2521 1904 2711 1988; x_wconf 87' lang='lat' dir='ltr'><strong>gravi</strong></span> 
     </span>
     <span class='ocr_line' id='line_1_18' title="bbox 762 1989 2712 2074; baseline -0.002 -16"><span class='ocrx_word' id='word_1_127' title='bbox 762 2011 1036 2058; x_wconf 78' lang='lat' dir='ltr'><strong>censura</strong></span> <span class='ocrx_word' id='word_1_128' title='bbox 1070 1990 1326 2058; x_wconf 85' lang='lat' dir='ltr'><strong>notavit</strong></span> <span class='ocrx_word' id='word_1_129' title='bbox 1361 2012 1470 2056; x_wconf 92' lang='lat' dir='ltr'><strong>eos</strong></span> <span class='ocrx_word' id='word_1_130' title='bbox 1495 1991 1839 2074; x_wconf 88' lang='lat' dir='ltr'><strong>apostolus,</strong></span> <span class='ocrx_word' id='word_1_131' title='bbox 1877 1992 1989 2073; x_wconf 88' lang='lat' dir='ltr'><strong>qui</strong></span> <span class='ocrx_word' id='word_1_132' title='bbox 2023 1989 2582 2056; x_wconf 76' lang='lat' dir='ltr'><strong>administrandae</strong></span> <span class='ocrx_word' id='word_1_133' title='bbox 2615 1991 2712 2056; x_wconf 89' lang='lat' dir='ltr'><strong>fa-</strong></span> 
     </span>
     <span class='ocr_line' id='line_1_19' title="bbox 760 2075 2713 2154; baseline -0.002 -11"><span class='ocrx_word' id='word_1_134' title='bbox 760 2078 977 2144; x_wconf 80' lang='lat' dir='ltr'><strong>miliae</strong></span> <span class='ocrx_word' id='word_1_135' title='bbox 1021 2076 1518 2144; x_wconf 89' lang='lat' dir='ltr'><strong>sollicitudinem</strong></span> <span class='ocrx_word' id='word_1_136' title='bbox 1563 2075 1943 2154; x_wconf 90' lang='lat' dir='ltr'><strong>abiicerent,</strong></span> <span class='ocrx_word' id='word_1_137' title='bbox 1988 2084 2065 2140; x_wconf 91' lang='lat' dir='ltr'><strong>ut</strong></span> <span class='ocrx_word' id='word_1_138' title='bbox 2119 2095 2228 2141; x_wconf 92' lang='lat' dir='ltr'><strong>eos</strong></span> <span class='ocrx_word' id='word_1_139' title='bbox 2270 2083 2595 2142; x_wconf 74' lang='lat' dir='ltr'><strong>assereret</strong></span> <span class='ocrx_word' id='word_1_140' title='bbox 2633 2077 2713 2140; x_wconf 89' lang='lat' dir='ltr'><strong>fi-</strong></span> 
     </span>
     <span class='ocr_line' id='line_1_20' title="bbox 763 2161 2708 2248; baseline -0.002 -20"><span class='ocrx_word' id='word_1_141' title='bbox 763 2163 910 2229; x_wconf 89' lang='lat' dir='ltr'><strong>dem</strong></span> <span class='ocrx_word' id='word_1_142' title='bbox 935 2165 1311 2248; x_wconf 83' lang='lat' dir='ltr'><strong>abnegasse,</strong></span> <span class='ocrx_word' id='word_1_143' title='bbox 1350 2170 1418 2227; x_wconf 90' lang='lat' dir='ltr'><strong>et</strong></span> <span class='ocrx_word' id='word_1_144' title='bbox 1450 2183 1592 2228; x_wconf 85' lang='lat' dir='ltr'><strong>esse</strong></span> <span class='ocrx_word' id='word_1_145' title='bbox 1626 2162 2001 2227; x_wconf 86' lang='lat' dir='ltr'><strong>infidelibus</strong></span> <span class='ocrx_word' id='word_1_146' title='bbox 2038 2161 2390 2227; x_wconf 87' lang='lat' dir='ltr'><strong>deteriores</strong></span> <span class='ocrx_word' id='word_1_147' title='bbox 2430 2162 2495 2245; x_wconf 84' lang='lat' dir='ltr'><strong>(l</strong></span> <span class='ocrx_word' id='word_1_148' title='bbox 2539 2162 2708 2226; x_wconf 79' lang='lat' dir='ltr'><strong>Tim.</strong></span> 
     </span>
    </p>
   </div>
   <div class='ocr_carea' id='block_1_5' title="bbox 765 2248 2746 2332">
    <p class='ocr_par' dir='ltr' id='par_1_5' title="bbox 765 2248 2746 2332">
     <span class='ocr_line' id='line_1_21' title="bbox 765 2248 2746 2332; baseline -0.001 -19"><span class='ocrx_word' id='word_1_149' title='bbox 765 2255 822 2328; x_wconf 85' lang='lat'><strong>5,</strong></span> <span class='ocrx_word' id='word_1_150' title='bbox 861 2250 951 2332; x_wconf 86' lang='lat'><strong>8).</strong></span> <span class='ocrx_word' id='word_1_151' title='bbox 1022 2248 1200 2329; x_wconf 78' lang='lat' dir='ltr'><strong>Quid</strong></span> <span class='ocrx_word' id='word_1_152' title='bbox 1225 2250 1401 2313; x_wconf 90' lang='lat' dir='ltr'><strong>enim</strong></span> <span class='ocrx_word' id='word_1_153' title='bbox 1426 2248 1621 2327; x_wconf 83' lang='lat' dir='ltr'><strong>aliud,</strong></span> <span class='ocrx_word' id='word_1_154' title='bbox 1659 2269 1855 2331; x_wconf 89' lang='lat' dir='ltr'><strong>quam</strong></span> <span class='ocrx_word' id='word_1_155' title='bbox 1890 2249 2293 2331; x_wconf 89' lang='lat' dir='ltr'><strong>provinciam</strong></span> <span class='ocrx_word' id='word_1_156' title='bbox 2329 2249 2453 2312; x_wconf 90' lang='lat' dir='ltr'><strong>sibi</strong></span> <span class='ocrx_word' id='word_1_157' title='bbox 2490 2268 2530 2312; x_wconf 90' lang='lat' dir='ltr'><strong>a</strong></span> <span class='ocrx_word' id='word_1_158' title='bbox 2565 2250 2709 2313; x_wconf 90' lang='lat' dir='ltr'><strong>Deo</strong></span> <span class='ocrx_word' id='word_1_159' title='bbox 2738 2276 2746 2283; x_wconf 59' lang='lat'><strong><em>¹</em></strong></span> 
     </span>
    </p>
   </div>
   <div class='ocr_carea' id='block_1_6' title="bbox 757 2333 2708 3261">
    <p class='ocr_par' dir='ltr' id='par_1_6' title="bbox 757 2333 2708 3261">
     <span class='ocr_line' id='line_1_22' title="bbox 762 2333 2708 2416; baseline 0 -18"><span class='ocrx_word' id='word_1_160' title='bbox 762 2334 1073 2399; x_wconf 53' lang='lat' dir='ltr'><strong>&amp;aditam</strong></span> <span class='ocrx_word' id='word_1_161' title='bbox 1127 2334 1439 2401; x_wconf 86' lang='lat' dir='ltr'><strong>deserunt</strong></span> <span class='ocrx_word' id='word_1_162' title='bbox 1492 2343 1561 2399; x_wconf 89' lang='lat' dir='ltr'><strong>et</strong></span> <span class='ocrx_word' id='word_1_163' title='bbox 1613 2333 1942 2411; x_wconf 83' lang='lat' dir='ltr'><strong>abiurant,</strong></span> <span class='ocrx_word' id='word_1_164' title='bbox 1988 2335 2522 2416; x_wconf 77' lang='lat' dir='ltr'><strong>vocationemque</strong></span> <span class='ocrx_word' id='word_1_165' title='bbox 2566 2335 2708 2398; x_wconf 88' lang='lat' dir='ltr'><strong>eius</strong></span> 
     </span>
     <span class='ocr_line' id='line_1_23' title="bbox 760 2419 2707 2504; baseline 0 -20"><span class='ocrx_word' id='word_1_166' title='bbox 760 2421 1191 2486; x_wconf 79' lang='lat' dir='ltr'><strong>renunciant?</strong></span> <span class='ocrx_word' id='word_1_167' title='bbox 1281 2422 1376 2486; x_wconf 85' lang='lat' dir='ltr'><strong>At</strong></span> <span class='ocrx_word' id='word_1_168' title='bbox 1433 2422 1713 2504; x_wconf 88' lang='lat' dir='ltr'><strong>pessimo</strong></span> <span class='ocrx_word' id='word_1_169' title='bbox 1779 2428 1939 2485; x_wconf 89' lang='lat' dir='ltr'><strong>sunt</strong></span> <span class='ocrx_word' id='word_1_170' title='bbox 1990 2421 2254 2504; x_wconf 88' lang='lat' dir='ltr'><strong>ingenio</strong></span> <span class='ocrx_word' id='word_1_171' title='bbox 2312 2419 2707 2484; x_wconf 87' lang='lat' dir='ltr'><strong>famulorum</strong></span> 
     </span>
     <span class='ocr_line' id='line_1_24' title="bbox 760 2504 2706 2590; baseline 0 -19"><span class='ocrx_word' id='word_1_172' title='bbox 760 2506 1076 2590; x_wconf 80' lang='lat' dir='ltr'><strong>plerique,</strong></span> <span class='ocrx_word' id='word_1_173' title='bbox 1115 2514 1181 2572; x_wconf 83' lang='lat' dir='ltr'><strong>et</strong></span> <span class='ocrx_word' id='word_1_174' title='bbox 1215 2507 1286 2572; x_wconf 90' lang='lat' dir='ltr'><strong>in</strong></span> <span class='ocrx_word' id='word_1_175' title='bbox 1320 2507 1556 2590; x_wconf 83' lang='lat' dir='ltr'><strong>quibus</strong></span> <span class='ocrx_word' id='word_1_176' title='bbox 1592 2525 1822 2572; x_wconf 86' lang='lat' dir='ltr'><strong>verum</strong></span> <span class='ocrx_word' id='word_1_177' title='bbox 1854 2508 1991 2571; x_wconf 91' lang='lat' dir='ltr'><strong>fere</strong></span> <span class='ocrx_word' id='word_1_178' title='bbox 2025 2514 2219 2572; x_wconf 88' lang='lat' dir='ltr'><strong>vetus</strong></span> <span class='ocrx_word' id='word_1_179' title='bbox 2254 2505 2419 2569; x_wconf 88' lang='lat' dir='ltr'><strong>illud</strong></span> <span class='ocrx_word' id='word_1_180' title='bbox 2454 2504 2535 2570; x_wconf 85' lang='lat' dir='ltr'><strong>de</strong></span> <span class='ocrx_word' id='word_1_181' title='bbox 2570 2525 2706 2571; x_wconf 76' lang='lat' dir='ltr'><strong>ser-</strong></span> 
     </span>
     <span class='ocr_line' id='line_1_25' title="bbox 760 2591 2705 2675; baseline -0.002 -16"><span class='ocrx_word' id='word_1_182' title='bbox 760 2594 865 2659; x_wconf 79' lang='lat' dir='ltr'><strong>vis</strong></span> <span class='ocrx_word' id='word_1_183' title='bbox 905 2592 1327 2675; x_wconf 80' lang='lat' dir='ltr'><strong>proverbium</strong></span> <span class='ocrx_word' id='word_1_184' title='bbox 1364 2595 1766 2675; x_wconf 79' lang='lat' dir='ltr'><strong>experimur:</strong></span> <span class='ocrx_word' id='word_1_185' title='bbox 1806 2593 1935 2658; x_wconf 77' lang='lat' dir='ltr'><strong>Tot</strong></span> <span class='ocrx_word' id='word_1_186' title='bbox 1968 2612 2110 2658; x_wconf 90' lang='lat' dir='ltr'><strong>esse</strong></span> <span class='ocrx_word' id='word_1_187' title='bbox 2134 2591 2308 2656; x_wconf 89' lang='lat' dir='ltr'><strong>domi</strong></span> <span class='ocrx_word' id='word_1_188' title='bbox 2345 2592 2533 2657; x_wconf 88' lang='lat' dir='ltr'><strong>nobis</strong></span> <span class='ocrx_word' id='word_1_189' title='bbox 2556 2592 2705 2656; x_wconf 90' lang='lat' dir='ltr'><strong>hos-</strong></span> 
     </span>
     <span class='ocr_line' id='line_1_26' title="bbox 761 2677 2706 2762; baseline -0.001 -18"><span class='ocrx_word' id='word_1_190' title='bbox 761 2686 890 2757; x_wconf 88' lang='lat' dir='ltr'><strong>tes,</strong></span> <span class='ocrx_word' id='word_1_191' title='bbox 949 2686 1109 2762; x_wconf 90' lang='lat' dir='ltr'><strong>quot</strong></span> <span class='ocrx_word' id='word_1_192' title='bbox 1161 2679 1298 2743; x_wconf 86' lang='lat' dir='ltr'><strong>sint</strong></span> <span class='ocrx_word' id='word_1_193' title='bbox 1354 2679 1546 2745; x_wconf 92' lang='lat' dir='ltr'><strong>servi.</strong></span> <span class='ocrx_word' id='word_1_194' title='bbox 1627 2677 1740 2745; x_wconf 79' lang='lat' dir='ltr'><strong>Sic</strong></span> <span class='ocrx_word' id='word_1_195' title='bbox 1794 2679 2055 2761; x_wconf 89' lang='lat' dir='ltr'><strong>quidem</strong></span> <span class='ocrx_word' id='word_1_196' title='bbox 2263 2698 2302 2742; x_wconf 95' lang='lat' dir='ltr'><strong>o</strong></span> <span class='ocrx_word' id='word_1_197' title='bbox 2358 2686 2425 2743; x_wconf 91' lang='lat' dir='ltr'><strong>et</strong></span> <span class='ocrx_word' id='word_1_198' title='bbox 2479 2678 2706 2744; x_wconf 74' lang='lat' dir='ltr'><strong>existi-</strong></span> 
     </span>
     <span class='ocr_line' id='line_1_27' title="bbox 759 2764 2707 2830; baseline -0.001 -1"><span class='ocrx_word' id='word_1_199' title='bbox 759 2772 979 2829; x_wconf 78' lang='lat' dir='ltr'><strong>matur</strong></span> <span class='ocrx_word' id='word_1_200' title='bbox 1031 2773 1099 2829; x_wconf 90' lang='lat' dir='ltr'><strong>et</strong></span> <span class='ocrx_word' id='word_1_201' title='bbox 1148 2765 1454 2830; x_wconf 75' lang='lat' dir='ltr'><strong>iactatur:</strong></span> <span class='ocrx_word' id='word_1_202' title='bbox 1515 2764 1630 2830; x_wconf 85' lang='lat' dir='ltr'><strong>sed</strong></span> <span class='ocrx_word' id='word_1_203' title='bbox 1684 2783 1819 2830; x_wconf 80' lang='lat' dir='ltr'><strong>non</strong></span> <span class='ocrx_word' id='word_1_204' title='bbox 1864 2765 1958 2830; x_wconf 88' lang='lat' dir='ltr'><strong>ita</strong></span> <span class='ocrx_word' id='word_1_205' title='bbox 2001 2772 2114 2830; x_wconf 84' lang='lat' dir='ltr'><strong>est.</strong></span> <span class='ocrx_word' id='word_1_206' title='bbox 2244 2784 2331 2827; x_wconf 90' lang='lat' dir='ltr'><strong>on</strong></span> <span class='ocrx_word' id='word_1_207' title='bbox 2376 2765 2554 2828; x_wconf 91' lang='lat' dir='ltr'><strong>enim</strong></span> <span class='ocrx_word' id='word_1_208' title='bbox 2596 2783 2707 2828; x_wconf 85' lang='lat' dir='ltr'><strong>eos</strong></span> 
     </span>
     <span class='ocr_line' id='line_1_28' title="bbox 758 2849 2706 2929; baseline -0.001 -15"><span class='ocrx_word' id='word_1_209' title='bbox 758 2850 1074 2916; x_wconf 82' lang='lat' dir='ltr'><strong>habemus</strong></span> <span class='ocrx_word' id='word_1_210' title='bbox 1099 2850 1341 2929; x_wconf 76' lang='lat' dir='ltr'><strong>hostes,</strong></span> <span class='ocrx_word' id='word_1_211' title='bbox 1377 2850 1495 2916; x_wconf 88' lang='lat' dir='ltr'><strong>sed</strong></span> <span class='ocrx_word' id='word_1_212' title='bbox 1531 2852 1690 2915; x_wconf 90' lang='lat' dir='ltr'><strong>vitio</strong></span> <span class='ocrx_word' id='word_1_213' title='bbox 1727 2858 1956 2915; x_wconf 86' lang='lat' dir='ltr'><strong>nostro</strong></span> <span class='ocrx_word' id='word_1_214' title='bbox 1990 2849 2179 2915; x_wconf 89' lang='lat' dir='ltr'><strong>nobis</strong></span> <span class='ocrx_word' id='word_1_215' title='bbox 2214 2849 2509 2928; x_wconf 77' lang='lat' dir='ltr'><strong>facimus,</strong></span> <span class='ocrx_word' id='word_1_216' title='bbox 2547 2849 2706 2913; x_wconf 90' lang='lat' dir='ltr'><strong>dum</strong></span> 
     </span>
     <span class='ocr_line' id='line_1_29' title="bbox 760 2935 2708 3012; baseline 0 -11"><span class='ocrx_word' id='word_1_217' title='bbox 760 2955 870 3001; x_wconf 87' lang='lat' dir='ltr'><strong>eos</strong></span> <span class='ocrx_word' id='word_1_218' title='bbox 909 2936 1118 3000; x_wconf 82' lang='lat' dir='ltr'><strong>instar</strong></span> <span class='ocrx_word' id='word_1_219' title='bbox 1160 2935 1503 3001; x_wconf 87' lang='lat' dir='ltr'><strong>brutarum</strong></span> <span class='ocrx_word' id='word_1_220' title='bbox 1548 2937 1981 3002; x_wconf 84' lang='lat' dir='ltr'><strong>animantium</strong></span> <span class='ocrx_word' id='word_1_221' title='bbox 2017 2938 2157 3001; x_wconf 86' lang='lat' dir='ltr'><strong>sine</strong></span> <span class='ocrx_word' id='word_1_222' title='bbox 2203 2936 2517 3012; x_wconf 77' lang='lat' dir='ltr'><strong>doctrina,</strong></span> <span class='ocrx_word' id='word_1_223' title='bbox 2564 2937 2708 3001; x_wconf 82' lang='lat' dir='ltr'><strong>sine</strong></span> 
     </span>
     <span class='ocr_line' id='line_1_30' title="bbox 758 3020 2708 3107; baseline 0.001 -20"><span class='ocrx_word' id='word_1_224' title='bbox 758 3020 889 3087; x_wconf 88' lang='lat' dir='ltr'><strong>Dei</strong></span> <span class='ocrx_word' id='word_1_225' title='bbox 933 3023 1320 3106; x_wconf 79' lang='lat' dir='ltr'><strong>cognitione,</strong></span> <span class='ocrx_word' id='word_1_226' title='bbox 1366 3023 1510 3088; x_wconf 89' lang='lat' dir='ltr'><strong>sine</strong></span> <span class='ocrx_word' id='word_1_227' title='bbox 1551 3024 1810 3107; x_wconf 74' lang='lat' dir='ltr'><strong>pietatis</strong></span> <span class='ocrx_word' id='word_1_228' title='bbox 1852 3023 2267 3089; x_wconf 82' lang='lat' dir='ltr'><strong>institutione</strong></span> <span class='ocrx_word' id='word_1_229' title='bbox 2322 3022 2585 3087; x_wconf 80' lang='lat' dir='ltr'><strong>alimus:</strong></span> <span class='ocrx_word' id='word_1_230' title='bbox 2634 3043 2708 3088; x_wconf 88' lang='lat' dir='ltr'><strong>ac</strong></span> 
     </span>
     <span class='ocr_line' id='line_1_31' title="bbox 758 3110 2707 3192; baseline -0.001 -18"><span class='ocrx_word' id='word_1_231' title='bbox 758 3127 1110 3174; x_wconf 83' lang='lat' dir='ltr'><strong>conservos</strong></span> <span class='ocrx_word' id='word_1_232' title='bbox 1166 3130 1310 3175; x_wconf 90' lang='lat' dir='ltr'><strong>esse</strong></span> <span class='ocrx_word' id='word_1_233' title='bbox 1362 3116 1621 3176; x_wconf 87' lang='lat' dir='ltr'><strong>nostros</strong></span> <span class='ocrx_word' id='word_1_234' title='bbox 1676 3110 2146 3187; x_wconf 88' lang='lat' dir='ltr'><strong>obliviscimur,</strong></span> <span class='ocrx_word' id='word_1_235' title='bbox 2203 3128 2481 3191; x_wconf 89' lang='lat' dir='ltr'><strong>quorum</strong></span> <span class='ocrx_word' id='word_1_236' title='bbox 2533 3110 2707 3192; x_wconf 89' lang='lat' dir='ltr'><strong>regi-</strong></span> 
     </span>
     <span class='ocr_line' id='line_1_32' title="bbox 757 3193 2703 3261; baseline 0 -3"><span class='ocrx_word' id='word_1_237' title='bbox 757 3205 910 3259; x_wconf 84' lang='lat' dir='ltr'><strong>men</strong></span> <span class='ocrx_word' id='word_1_238' title='bbox 954 3196 1144 3259; x_wconf 88' lang='lat' dir='ltr'><strong>nobis</strong></span> <span class='ocrx_word' id='word_1_239' title='bbox 1181 3195 1381 3259; x_wconf 70' lang='lat' dir='ltr'><strong>fuerit</strong></span> <span class='ocrx_word' id='word_1_240' title='bbox 1423 3215 1464 3258; x_wconf 90' lang='lat' dir='ltr'><strong>a</strong></span> <span class='ocrx_word' id='word_1_241' title='bbox 1507 3195 1769 3261; x_wconf 83' lang='lat' dir='ltr'><strong>coelesti</strong></span> <span class='ocrx_word' id='word_1_242' title='bbox 1811 3195 2103 3259; x_wconf 85' lang='lat' dir='ltr'><strong>Domino</strong></span> <span class='ocrx_word' id='word_1_243' title='bbox 2157 3193 2703 3259; x_wconf 87' lang='lat' dir='ltr'><strong>commendatum.</strong></span> 
     </span>
    </p>
   </div>
   <div class='ocr_carea' id='block_1_7' title="bbox 2480 422 3043 494">
    <p class='ocr_par' dir='ltr' id='par_1_7' title="bbox 2480 422 3043 494">
     <span class='ocr_line' id='line_1_33' title="bbox 2480 422 3043 494; baseline 0 -2"><span class='ocrx_word' id='word_1_244' title='bbox 2480 422 2947 494; x_wconf 67' lang='lat' dir='ltr'><strong>EPISTOLA</strong></span> <span class='ocrx_word' id='word_1_245' title='bbox 2990 425 3043 492; x_wconf 94' lang='lat' dir='ltr'><strong>I.</strong></span> 
     </span>
    </p>
   </div>
   <div class='ocr_carea' id='block_1_8' title="bbox 4650 430 4765 492">
    <p class='ocr_par' dir='ltr' id='par_1_8' title="bbox 4650 430 4765 492">
     <span class='ocr_line' id='line_1_34' title="bbox 4650 430 4765 492; baseline 0.026 -3"><span class='ocrx_word' id='word_1_246' title='bbox 4650 430 4765 492; x_wconf 83' lang='lat'><strong>276</strong></span> 
     </span>
    </p>
   </div>
   <div class='ocr_carea' id='block_1_9' title="bbox 2811 614 4768 3282">
    <p class='ocr_par' dir='ltr' id='par_1_9' title="bbox 2811 614 4768 2588">
     <span class='ocr_line' id='line_1_35' title="bbox 2820 614 4763 699; baseline 0.004 -21"><span class='ocrx_word' id='word_1_247' title='bbox 2820 615 2891 678; x_wconf 90' lang='grc'><strong>111</strong></span> <span class='ocrx_word' id='word_1_248' title='bbox 2934 635 3059 698; x_wconf 87' lang='grc'><strong>(1110</strong></span> <span class='ocrx_word' id='word_1_249' title='bbox 3107 614 3357 679; x_wconf 82' lang='lat' dir='ltr'><strong>hiscere</strong></span> <span class='ocrx_word' id='word_1_250' title='bbox 3403 615 3674 696; x_wconf 87' lang='lat' dir='ltr'><strong>audeas,</strong></span> <span class='ocrx_word' id='word_1_251' title='bbox 3731 616 3861 681; x_wconf 79' lang='lat' dir='ltr'><strong>nisi</strong></span> <span class='ocrx_word' id='word_1_252' title='bbox 3905 615 4006 681; x_wconf 92' lang='lat' dir='ltr'><strong>bis</strong></span> <span class='ocrx_word' id='word_1_253' title='bbox 4050 623 4205 679; x_wconf 87' lang='lat' dir='ltr'><strong>ante</strong></span> <span class='ocrx_word' id='word_1_254' title='bbox 4247 615 4763 699; x_wconf 77' lang='lat' dir='ltr'><strong>circumspectos,</strong></span> 
     </span>
     <span class='ocr_line' id='line_1_36' title="bbox 2823 700 4767 787; baseline 0.003 -22"><span class='ocrx_word' id='word_1_255' title='bbox 2823 722 2908 765; x_wconf 81' lang='lat' dir='ltr'><strong>an</strong></span> <span class='ocrx_word' id='word_1_256' title='bbox 2955 709 3019 764; x_wconf 87' lang='grc'><strong>10</strong></span> <span class='ocrx_word' id='word_1_257' title='bbox 3065 702 3445 766; x_wconf 82' lang='lat' dir='ltr'><strong>observent:</strong></span> <span class='ocrx_word' id='word_1_258' title='bbox 3543 723 3701 767; x_wconf 86' lang='lat' dir='ltr'><strong>nam</strong></span> <span class='ocrx_word' id='word_1_259' title='bbox 3757 702 3958 767; x_wconf 89' lang='lat' dir='ltr'><strong>semel</strong></span> <span class='ocrx_word' id='word_1_260' title='bbox 4002 720 4228 766; x_wconf 90' lang='lat' dir='ltr'><strong>eorum</strong></span> <span class='ocrx_word' id='word_1_261' title='bbox 4272 700 4472 767; x_wconf 83' lang='lat' dir='ltr'><strong>fidem</strong></span> <span class='ocrx_word' id='word_1_262' title='bbox 4513 703 4622 768; x_wconf 90' lang='lat' dir='ltr'><strong>vel</strong></span> <span class='ocrx_word' id='word_1_263' title='bbox 4660 722 4767 787; x_wconf 88' lang='lat' dir='ltr'><strong>pe-</strong></span> 
     </span>
     <span class='ocr_line' id='line_1_37' title="bbox 2823 787 4766 874; baseline 0.003 -24"><span class='ocrx_word' id='word_1_264' title='bbox 2823 787 3098 851; x_wconf 86' lang='lat' dir='ltr'><strong>riculose</strong></span> <span class='ocrx_word' id='word_1_265' title='bbox 3151 794 3426 851; x_wconf 85' lang='lat' dir='ltr'><strong>tentare.</strong></span> <span class='ocrx_word' id='word_1_266' title='bbox 3571 789 3632 851; x_wconf 93' lang='lat' dir='ltr'><strong>ic</strong></span> <span class='ocrx_word' id='word_1_267' title='bbox 3675 788 3857 854; x_wconf 90' lang='lat' dir='ltr'><strong>verbi</strong></span> <span class='ocrx_word' id='word_1_268' title='bbox 3918 788 4020 853; x_wconf 90' lang='lat' dir='ltr'><strong>sui</strong></span> <span class='ocrx_word' id='word_1_269' title='bbox 4076 795 4525 871; x_wconf 87' lang='lat' dir='ltr'><strong>contemptum</strong></span> <span class='ocrx_word' id='word_1_270' title='bbox 4579 806 4766 874; x_wconf 80' lang='lat' dir='ltr'><strong>saepe</strong></span> 
     </span>
     <span class='ocr_line' id='line_1_38' title="bbox 2822 872 4767 959; baseline 0.003 -23"><span class='ocrx_word' id='word_1_271' title='bbox 2822 873 3157 938; x_wconf 81' lang='lat' dir='ltr'><strong>ulciscitur</strong></span> <span class='ocrx_word' id='word_1_272' title='bbox 3178 874 3522 937; x_wconf 84' lang='lat' dir='ltr'><strong>Dominus.</strong></span> <span class='ocrx_word' id='word_1_273' title='bbox 3561 874 3645 938; x_wconf 90' lang='lat' dir='ltr'><strong>In</strong></span> <span class='ocrx_word' id='word_1_274' title='bbox 3668 873 3993 939; x_wconf 88' lang='lat' dir='ltr'><strong>connubio</strong></span> <span class='ocrx_word' id='word_1_275' title='bbox 4017 872 4460 939; x_wconf 88' lang='lat' dir='ltr'><strong>contrahendo</strong></span> <span class='ocrx_word' id='word_1_276' title='bbox 4486 874 4767 959; x_wconf 89' lang='lat' dir='ltr'><strong>(quando</strong></span> 
     </span>
     <span class='ocr_line' id='line_1_39' title="bbox 2823 958 4767 1044; baseline 0.003 -22"><span class='ocrx_word' id='word_1_277' title='bbox 2823 979 2968 1023; x_wconf 90' lang='lat' dir='ltr'><strong>eam</strong></span> <span class='ocrx_word' id='word_1_278' title='bbox 3013 959 3132 1024; x_wconf 88' lang='lat' dir='ltr'><strong>tibi</strong></span> <span class='ocrx_word' id='word_1_279' title='bbox 3176 958 3546 1023; x_wconf 89' lang='lat' dir='ltr'><strong>libertatem</strong></span> <span class='ocrx_word' id='word_1_280' title='bbox 3593 961 3920 1044; x_wconf 84' lang='lat' dir='ltr'><strong>integram</strong></span> <span class='ocrx_word' id='word_1_281' title='bbox 3978 958 4296 1024; x_wconf 88' lang='lat' dir='ltr'><strong>hactenus</strong></span> <span class='ocrx_word' id='word_1_282' title='bbox 4354 981 4497 1026; x_wconf 89' lang='grc'><strong>0880</strong></span> <span class='ocrx_word' id='word_1_283' title='bbox 4542 962 4767 1027; x_wconf 91' lang='lat' dir='ltr'><strong>Domi-</strong></span> 
     </span>
     <span class='ocr_line' id='line_1_40' title="bbox 2823 1044 4768 1128; baseline 0.003 -20"><span class='ocrx_word' id='word_1_284' title='bbox 2823 1066 2948 1109; x_wconf 90' lang='lat' dir='ltr'><strong>nus</strong></span> <span class='ocrx_word' id='word_1_285' title='bbox 2983 1044 3219 1125; x_wconf 87' lang='lat' dir='ltr'><strong>voluit)</strong></span> <span class='ocrx_word' id='word_1_286' title='bbox 3255 1044 3406 1109; x_wconf 87' lang='lat' dir='ltr'><strong>vide</strong></span> <span class='ocrx_word' id='word_1_287' title='bbox 3450 1065 3610 1127; x_wconf 88' lang='lat' dir='ltr'><strong>quos</strong></span> <span class='ocrx_word' id='word_1_288' title='bbox 3655 1046 3772 1111; x_wconf 89' lang='lat' dir='ltr'><strong>tibi</strong></span> <span class='ocrx_word' id='word_1_289' title='bbox 3807 1046 4075 1128; x_wconf 86' lang='lat' dir='ltr'><strong>laqueos</strong></span> <span class='ocrx_word' id='word_1_290' title='bbox 4107 1044 4361 1123; x_wconf 89' lang='lat' dir='ltr'><strong>induas,</strong></span> <span class='ocrx_word' id='word_1_291' title='bbox 4407 1048 4460 1111; x_wconf 90' lang='lat' dir='ltr'><strong>si</strong></span> <span class='ocrx_word' id='word_1_292' title='bbox 4498 1069 4768 1114; x_wconf 81' lang='lat' dir='ltr'><strong>uxorem</strong></span> 
     </span>
     <span class='ocr_line' id='line_1_41' title="bbox 2821 1129 4767 1217; baseline 0.003 -24"><span class='ocrx_word' id='word_1_293' title='bbox 2821 1131 3060 1213; x_wconf 83' lang='lat' dir='ltr'><strong>accipis</strong></span> <span class='ocrx_word' id='word_1_294' title='bbox 3094 1130 3405 1214; x_wconf 85' lang='lat' dir='ltr'><strong>religione</strong></span> <span class='ocrx_word' id='word_1_295' title='bbox 3442 1139 3662 1196; x_wconf 91' lang='lat' dir='ltr'><strong>tecum</strong></span> <span class='ocrx_word' id='word_1_296' title='bbox 3700 1130 4138 1196; x_wconf 84' lang='lat' dir='ltr'><strong>dissidentem.</strong></span> <span class='ocrx_word' id='word_1_297' title='bbox 4201 1129 4596 1215; x_wconf 79' lang='lat' dir='ltr'><strong>Quanquam</strong></span> <span class='ocrx_word' id='word_1_298' title='bbox 4617 1133 4767 1217; x_wconf 89' lang='lat' dir='ltr'><strong>quid</strong></span> 
     </span>
     <span class='ocr_line' id='line_1_42' title="bbox 2820 1215 4766 1302; baseline 0.004 -23"><span class='ocrx_word' id='word_1_299' title='bbox 2820 1222 2886 1279; x_wconf 89' lang='lat' dir='ltr'><strong>te</strong></span> <span class='ocrx_word' id='word_1_300' title='bbox 2930 1215 3344 1281; x_wconf 84' lang='lat' dir='ltr'><strong>considerare</strong></span> <span class='ocrx_word' id='word_1_301' title='bbox 3386 1217 3575 1282; x_wconf 90' lang='lat' dir='ltr'><strong>iubeo</strong></span> <span class='ocrx_word' id='word_1_302' title='bbox 3631 1216 4043 1302; x_wconf 82' lang='lat' dir='ltr'><strong>labyrinthos</strong></span> <span class='ocrx_word' id='word_1_303' title='bbox 4096 1217 4276 1296; x_wconf 90' lang='lat' dir='ltr'><strong>illos,</strong></span> <span class='ocrx_word' id='word_1_304' title='bbox 4335 1238 4497 1300; x_wconf 88' lang='lat' dir='ltr'><strong>quos</strong></span> <span class='ocrx_word' id='word_1_305' title='bbox 4555 1222 4766 1287; x_wconf 91' lang='lat' dir='ltr'><strong>animo</strong></span> 
     </span>
     <span class='ocr_line' id='line_1_43' title="bbox 2821 1302 4766 1385; baseline 0.003 -19"><span class='ocrx_word' id='word_1_306' title='bbox 2821 1302 3160 1384; x_wconf 89' lang='lat' dir='ltr'><strong>complecti</strong></span> <span class='ocrx_word' id='word_1_307' title='bbox 3205 1322 3397 1366; x_wconf 91' lang='lat' dir='ltr'><strong>nemo</strong></span> <span class='ocrx_word' id='word_1_308' title='bbox 3442 1310 3667 1385; x_wconf 85' lang='lat' dir='ltr'><strong>queat,</strong></span> <span class='ocrx_word' id='word_1_309' title='bbox 3727 1304 3854 1369; x_wconf 90' lang='lat' dir='ltr'><strong>nisi</strong></span> <span class='ocrx_word' id='word_1_310' title='bbox 3907 1304 4018 1385; x_wconf 91' lang='lat' dir='ltr'><strong>qui</strong></span> <span class='ocrx_word' id='word_1_311' title='bbox 4069 1304 4201 1366; x_wconf 87' lang='lat' dir='ltr'><strong>iam</strong></span> <span class='ocrx_word' id='word_1_312' title='bbox 4256 1304 4428 1369; x_wconf 90' lang='lat' dir='ltr'><strong>malo</strong></span> <span class='ocrx_word' id='word_1_313' title='bbox 4484 1327 4602 1370; x_wconf 93' lang='lat' dir='ltr'><strong>suo</strong></span> <span class='ocrx_word' id='word_1_314' title='bbox 4655 1328 4766 1371; x_wconf 81' lang='lat' dir='ltr'><strong>ex-</strong></span> 
     </span>
     <span class='ocr_line' id='line_1_44' title="bbox 2818 1388 4768 1474; baseline 0.004 -23"><span class='ocrx_word' id='word_1_315' title='bbox 2818 1396 3044 1471; x_wconf 87' lang='lat' dir='ltr'><strong>pertus</strong></span> <span class='ocrx_word' id='word_1_316' title='bbox 3066 1388 3308 1453; x_wconf 84' lang='lat' dir='ltr'><strong>fuerit?</strong></span> <span class='ocrx_word' id='word_1_317' title='bbox 3364 1389 3638 1454; x_wconf 88' lang='lat' dir='ltr'><strong>Utinam</strong></span> <span class='ocrx_word' id='word_1_318' title='bbox 3660 1388 3899 1454; x_wconf 88' lang='lat' dir='ltr'><strong>timeas</strong></span> <span class='ocrx_word' id='word_1_319' title='bbox 3933 1389 4153 1472; x_wconf 89' lang='lat' dir='ltr'><strong>potius</strong></span> <span class='ocrx_word' id='word_1_320' title='bbox 4189 1396 4256 1452; x_wconf 91' lang='lat' dir='ltr'><strong>et</strong></span> <span class='ocrx_word' id='word_1_321' title='bbox 4286 1410 4538 1468; x_wconf 83' lang='lat' dir='ltr'><strong>caveae,</strong></span> <span class='ocrx_word' id='word_1_322' title='bbox 4577 1412 4768 1474; x_wconf 84' lang='lat' dir='ltr'><strong>quam</strong></span> 
     </span>
     <span class='ocr_line' id='line_1_45' title="bbox 2819 1473 4759 1558; baseline 0.003 -20"><span class='ocrx_word' id='word_1_323' title='bbox 2819 1473 3167 1557; x_wconf 85' lang='lat' dir='ltr'><strong>aliquando</strong></span> <span class='ocrx_word' id='word_1_324' title='bbox 3213 1474 3379 1540; x_wconf 89' lang='lat' dir='ltr'><strong>velis</strong></span> <span class='ocrx_word' id='word_1_325' title='bbox 3434 1476 3735 1558; x_wconf 88' lang='lat' dir='ltr'><strong>experiri.</strong></span> <span class='ocrx_word' id='word_1_326' title='bbox 3804 1475 4083 1539; x_wconf 87' lang='lat' dir='ltr'><strong>Vestras</strong></span> <span class='ocrx_word' id='word_1_327' title='bbox 4139 1473 4288 1540; x_wconf 87' lang='lat' dir='ltr'><strong>illas</strong></span> <span class='ocrx_word' id='word_1_328' title='bbox 4343 1477 4539 1541; x_wconf 90' lang='lat' dir='ltr'><strong>tricas</strong></span> <span class='ocrx_word' id='word_1_329' title='bbox 4584 1481 4759 1544; x_wconf 83' lang='lat' dir='ltr'><strong>novi:</strong></span> 
     </span>
     <span class='ocr_line' id='line_1_46' title="bbox 2818 1559 4764 1643; baseline 0.003 -20"><span class='ocrx_word' id='word_1_330' title='bbox 2818 1559 2925 1623; x_wconf 92' lang='lat' dir='ltr'><strong>Ita</strong></span> <span class='ocrx_word' id='word_1_331' title='bbox 2967 1580 3146 1626; x_wconf 89' lang='lat' dir='ltr'><strong>nunc</strong></span> <span class='ocrx_word' id='word_1_332' title='bbox 3193 1559 3609 1639; x_wconf 82' lang='lat' dir='ltr'><strong>adversatur,</strong></span> <span class='ocrx_word' id='word_1_333' title='bbox 3669 1569 3744 1626; x_wconf 92' lang='lat' dir='ltr'><strong>ut</strong></span> <span class='ocrx_word' id='word_1_334' title='bbox 3783 1560 4105 1643; x_wconf 83' lang='lat' dir='ltr'><strong>paulatim</strong></span> <span class='ocrx_word' id='word_1_335' title='bbox 4147 1581 4420 1625; x_wconf 90' lang='lat' dir='ltr'><strong>manum</strong></span> <span class='ocrx_word' id='word_1_336' title='bbox 4465 1561 4764 1629; x_wconf 90' lang='lat' dir='ltr'><strong>daturam</strong></span> 
     </span>
     <span class='ocr_line' id='line_1_47' title="bbox 2819 1644 4763 1730; baseline 0.003 -20"><span class='ocrx_word' id='word_1_337' title='bbox 2819 1644 3158 1711; x_wconf 89' lang='lat' dir='ltr'><strong>confidam.</strong></span> <span class='ocrx_word' id='word_1_338' title='bbox 3192 1645 3239 1730; x_wconf 93' lang='lat'><strong>¹)</strong></span> <span class='ocrx_word' id='word_1_339' title='bbox 3326 1647 3480 1712; x_wconf 92' lang='lat' dir='ltr'><strong>Noli</strong></span> <span class='ocrx_word' id='word_1_340' title='bbox 3537 1648 3661 1713; x_wconf 91' lang='lat' dir='ltr'><strong>hoc</strong></span> <span class='ocrx_word' id='word_1_341' title='bbox 3719 1646 3798 1712; x_wconf 90' lang='lat' dir='ltr'><strong>de</strong></span> <span class='ocrx_word' id='word_1_342' title='bbox 3855 1654 3920 1711; x_wconf 92' lang='lat' dir='ltr'><strong>te</strong></span> <span class='ocrx_word' id='word_1_343' title='bbox 3975 1648 4219 1712; x_wconf 84' lang='lat' dir='ltr'><strong>frustra</strong></span> <span class='ocrx_word' id='word_1_344' title='bbox 4272 1647 4592 1729; x_wconf 89' lang='lat' dir='ltr'><strong>polliceri,</strong></span> <span class='ocrx_word' id='word_1_345' title='bbox 4653 1650 4763 1716; x_wconf 88' lang='lat' dir='ltr'><strong>sed</strong></span> 
     </span>
     <span class='ocr_line' id='line_1_48' title="bbox 2820 1730 4764 1817; baseline 0.004 -22"><span class='ocrx_word' id='word_1_346' title='bbox 2820 1730 2901 1796; x_wconf 92' lang='lat' dir='ltr'><strong>de</strong></span> <span class='ocrx_word' id='word_1_347' title='bbox 2944 1732 3261 1797; x_wconf 87' lang='lat' dir='ltr'><strong>Domino:</strong></span> <span class='ocrx_word' id='word_1_348' title='bbox 3321 1734 3506 1798; x_wconf 89' lang='lat' dir='ltr'><strong>cuius</strong></span> <span class='ocrx_word' id='word_1_349' title='bbox 3551 1731 3795 1797; x_wconf 91' lang='lat' dir='ltr'><strong>donum</strong></span> <span class='ocrx_word' id='word_1_350' title='bbox 3840 1740 3941 1798; x_wconf 91' lang='lat' dir='ltr'><strong>est</strong></span> <span class='ocrx_word' id='word_1_351' title='bbox 3984 1733 4342 1817; x_wconf 87' lang='lat' dir='ltr'><strong>singulare,</strong></span> <span class='ocrx_word' id='word_1_352' title='bbox 4390 1756 4557 1799; x_wconf 85' lang='lat' dir='ltr'><strong>uxor</strong></span> <span class='ocrx_word' id='word_1_353' title='bbox 4599 1736 4764 1802; x_wconf 85' lang='lat' dir='ltr'><strong>bona</strong></span> 
     </span>
     <span class='ocr_line' id='line_1_49' title="bbox 2821 1818 4761 1904; baseline 0.003 -22"><span class='ocrx_word' id='word_1_354' title='bbox 2821 1818 3042 1900; x_wconf 90' lang='lat' dir='ltr'><strong>(Prov.</strong></span> <span class='ocrx_word' id='word_1_355' title='bbox 3089 1821 3184 1896; x_wconf 88' lang='lat'><strong>19,</strong></span> <span class='ocrx_word' id='word_1_356' title='bbox 3232 1819 3355 1902; x_wconf 88' lang='lat'>14).</span> <span class='ocrx_word' id='word_1_357' title='bbox 3425 1820 3685 1884; x_wconf 90' lang='lat' dir='ltr'><strong>Bonam</strong></span> <span class='ocrx_word' id='word_1_358' title='bbox 3731 1827 3952 1884; x_wconf 89' lang='lat' dir='ltr'><strong>autem</strong></span> <span class='ocrx_word' id='word_1_359' title='bbox 3997 1819 4079 1884; x_wconf 87' lang='lat' dir='ltr'><strong>ab</strong></span> <span class='ocrx_word' id='word_1_360' title='bbox 4122 1840 4197 1884; x_wconf 91' lang='lat' dir='ltr'><strong>eo</strong></span> <span class='ocrx_word' id='word_1_361' title='bbox 4241 1829 4624 1901; x_wconf 83' lang='lat' dir='ltr'><strong>exspectare</strong></span> <span class='ocrx_word' id='word_1_362' title='bbox 4657 1824 4761 1904; x_wconf 90' lang='lat' dir='ltr'><strong>qui</strong></span> 
     </span>
     <span class='ocr_line' id='line_1_50' title="bbox 2819 1903 4760 1988; baseline 0.003 -21"><span class='ocrx_word' id='word_1_363' title='bbox 2819 1904 3011 1981; x_wconf 90' lang='lat' dir='ltr'><strong>ausis,</strong></span> <span class='ocrx_word' id='word_1_364' title='bbox 3057 1925 3251 1988; x_wconf 90' lang='lat' dir='ltr'><strong>quem</strong></span> <span class='ocrx_word' id='word_1_365' title='bbox 3295 1925 3432 1969; x_wconf 92' lang='lat' dir='ltr'><strong>non</strong></span> <span class='ocrx_word' id='word_1_366' title='bbox 3476 1903 3663 1969; x_wconf 89' lang='lat' dir='ltr'><strong>audis</strong></span> <span class='ocrx_word' id='word_1_367' title='bbox 3708 1926 3933 1970; x_wconf 86' lang='lat' dir='ltr'><strong>severe</strong></span> <span class='ocrx_word' id='word_1_368' title='bbox 3975 1905 4491 1985; x_wconf 88' lang='lat' dir='ltr'><strong>interdicentem,</strong></span> <span class='ocrx_word' id='word_1_369' title='bbox 4539 1927 4625 1972; x_wconf 89' lang='lat' dir='ltr'><strong>ne</strong></span> <span class='ocrx_word' id='word_1_370' title='bbox 4665 1909 4760 1972; x_wconf 92' lang='lat' dir='ltr'><strong>iu-</strong></span> 
     </span>
     <span class='ocr_line' id='line_1_51' title="bbox 2817 1988 4759 2075; baseline 0.004 -22"><span class='ocrx_word' id='word_1_371' title='bbox 2817 2010 2976 2073; x_wconf 89' lang='lat' dir='ltr'><strong>gum</strong></span> <span class='ocrx_word' id='word_1_372' title='bbox 3021 1988 3219 2056; x_wconf 87' lang='lat' dir='ltr'><strong>ducas</strong></span> <span class='ocrx_word' id='word_1_373' title='bbox 3263 2012 3412 2056; x_wconf 91' lang='lat' dir='ltr'><strong>cum</strong></span> <span class='ocrx_word' id='word_1_374' title='bbox 3467 1990 3839 2055; x_wconf 87' lang='lat' dir='ltr'><strong>infidelibus</strong></span> <span class='ocrx_word' id='word_1_375' title='bbox 3897 1992 3964 2075; x_wconf 87' lang='lat'><strong>(2</strong></span> <span class='ocrx_word' id='word_1_376' title='bbox 4005 1990 4153 2056; x_wconf 76' lang='grc'><strong>001.</strong></span> <span class='ocrx_word' id='word_1_377' title='bbox 4196 1996 4252 2068; x_wconf 87' lang='lat'><strong>6,</strong></span> <span class='ocrx_word' id='word_1_378' title='bbox 4297 1992 4452 2073; x_wconf 82' lang='lat'><strong>14)?</strong></span> <span class='ocrx_word' id='word_1_379' title='bbox 4543 1994 4759 2060; x_wconf 89' lang='lat' dir='ltr'><strong>Habes</strong></span> 
     </span>
     <span class='ocr_line' id='line_1_52' title="bbox 2818 2074 4760 2160; baseline 0.003 -21"><span class='ocrx_word' id='word_1_380' title='bbox 2818 2097 2857 2139; x_wconf 88' lang='lat' dir='ltr'><strong>a</strong></span> <span class='ocrx_word' id='word_1_381' title='bbox 2900 2095 3006 2139; x_wconf 92' lang='lat' dir='ltr'><strong>me</strong></span> <span class='ocrx_word' id='word_1_382' title='bbox 3050 2074 3224 2158; x_wconf 92' lang='lat' dir='ltr'><strong>quod</strong></span> <span class='ocrx_word' id='word_1_383' title='bbox 3268 2077 3659 2158; x_wconf 86' lang='lat' dir='ltr'><strong>postulabas,</strong></span> <span class='ocrx_word' id='word_1_384' title='bbox 3698 2077 3801 2141; x_wconf 91' lang='lat' dir='ltr'><strong>vel</strong></span> <span class='ocrx_word' id='word_1_385' title='bbox 3838 2078 4056 2160; x_wconf 88' lang='lat' dir='ltr'><strong>potius</strong></span> <span class='ocrx_word' id='word_1_386' title='bbox 4091 2099 4210 2160; x_wconf 92' lang='lat' dir='ltr'><strong>per</strong></span> <span class='ocrx_word' id='word_1_387' title='bbox 4243 2099 4516 2142; x_wconf 89' lang='lat' dir='ltr'><strong>manum</strong></span> <span class='ocrx_word' id='word_1_388' title='bbox 4551 2100 4760 2145; x_wconf 89' lang='lat' dir='ltr'><strong>meam</strong></span> 
     </span>
     <span class='ocr_line' id='line_1_53' title="bbox 2817 2160 4759 2246; baseline 0.003 -21"><span class='ocrx_word' id='word_1_389' title='bbox 2817 2182 2856 2225; x_wconf 89' lang='lat' dir='ltr'><strong>a</strong></span> <span class='ocrx_word' id='word_1_390' title='bbox 2877 2160 3184 2241; x_wconf 91' lang='lat' dir='ltr'><strong>Domino,</strong></span> <span class='ocrx_word' id='word_1_391' title='bbox 3221 2162 3598 2228; x_wconf 91' lang='lat' dir='ltr'><strong>consilium:</strong></span> <span class='ocrx_word' id='word_1_392' title='bbox 3636 2162 4079 2246; x_wconf 88' lang='lat' dir='ltr'><strong>periculosum</strong></span> <span class='ocrx_word' id='word_1_393' title='bbox 4104 2162 4367 2245; x_wconf 90' lang='lat' dir='ltr'><strong>quidem</strong></span> <span class='ocrx_word' id='word_1_394' title='bbox 4397 2163 4561 2229; x_wconf 91' lang='lat' dir='ltr'><strong>illud</strong></span> <span class='ocrx_word' id='word_1_395' title='bbox 4583 2168 4759 2231; x_wconf 84' lang='lat' dir='ltr'><strong>carni</strong></span> 
     </span>
     <span class='ocr_line' id='line_1_54' title="bbox 2815 2248 4760 2332; baseline 0.004 -23"><span class='ocrx_word' id='word_1_396' title='bbox 2815 2254 2982 2325; x_wconf 88' lang='lat' dir='ltr'><strong>tuae,</strong></span> <span class='ocrx_word' id='word_1_397' title='bbox 3030 2256 3098 2313; x_wconf 86' lang='lat' dir='ltr'><strong>et</strong></span> <span class='ocrx_word' id='word_1_398' title='bbox 3139 2269 3372 2332; x_wconf 88' lang='lat' dir='ltr'><strong>parum</strong></span> <span class='ocrx_word' id='word_1_399' title='bbox 3418 2248 3767 2327; x_wconf 88' lang='lat' dir='ltr'><strong>blandum,</strong></span> <span class='ocrx_word' id='word_1_400' title='bbox 3812 2248 3926 2313; x_wconf 91' lang='lat' dir='ltr'><strong>sed</strong></span> <span class='ocrx_word' id='word_1_401' title='bbox 3970 2249 4227 2313; x_wconf 86' lang='lat' dir='ltr'><strong>animae</strong></span> <span class='ocrx_word' id='word_1_402' title='bbox 4271 2258 4420 2315; x_wconf 86' lang='lat' dir='ltr'><strong>tuae</strong></span> <span class='ocrx_word' id='word_1_403' title='bbox 4464 2250 4659 2316; x_wconf 89' lang='lat' dir='ltr'><strong>fidele</strong></span> <span class='ocrx_word' id='word_1_404' title='bbox 4699 2260 4760 2316; x_wconf 86' lang='lat' dir='ltr'><strong>et</strong></span> 
     </span>
     <span class='ocr_line' id='line_1_55' title="bbox 2815 2333 4758 2418; baseline 0.003 -21"><span class='ocrx_word' id='word_1_405' title='bbox 2815 2333 3092 2418; x_wconf 85' lang='lat' dir='ltr'><strong>salubre,</strong></span> <span class='ocrx_word' id='word_1_406' title='bbox 3139 2334 3307 2398; x_wconf 91' lang='lat' dir='ltr'><strong>addo</strong></span> <span class='ocrx_word' id='word_1_407' title='bbox 3351 2342 3418 2399; x_wconf 91' lang='lat' dir='ltr'><strong>et</strong></span> <span class='ocrx_word' id='word_1_408' title='bbox 3460 2334 3576 2398; x_wconf 89' lang='lat' dir='ltr'><strong>tibi</strong></span> <span class='ocrx_word' id='word_1_409' title='bbox 3624 2354 3894 2417; x_wconf 87' lang='lat' dir='ltr'><strong>prorsus</strong></span> <span class='ocrx_word' id='word_1_410' title='bbox 3938 2337 4408 2413; x_wconf 87' lang='lat' dir='ltr'><strong>necessarium,</strong></span> <span class='ocrx_word' id='word_1_411' title='bbox 4455 2337 4582 2402; x_wconf 88' lang='grc'><strong>11181</strong></span> <span class='ocrx_word' id='word_1_412' title='bbox 4627 2336 4758 2402; x_wconf 62' lang='lat' dir='ltr'><strong>Do-</strong></span> 
     </span>
     <span class='ocr_line' id='line_1_56' title="bbox 2813 2420 4756 2509; baseline 0.003 -27"><span class='ocrx_word' id='word_1_413' title='bbox 2813 2420 2978 2483; x_wconf 91' lang='lat' dir='ltr'><strong>mini</strong></span> <span class='ocrx_word' id='word_1_414' title='bbox 3021 2421 3251 2505; x_wconf 87' lang='lat' dir='ltr'><strong>iugum</strong></span> <span class='ocrx_word' id='word_1_415' title='bbox 3295 2439 3336 2483; x_wconf 87' lang='lat' dir='ltr'><strong>a</strong></span> <span class='ocrx_word' id='word_1_416' title='bbox 3377 2421 3735 2509; x_wconf 77' lang='lat' dir='ltr'><strong>cervicibus</strong></span> <span class='ocrx_word' id='word_1_417' title='bbox 3779 2423 3911 2486; x_wconf 90' lang='lat' dir='ltr'><strong>tuis</strong></span> <span class='ocrx_word' id='word_1_418' title='bbox 3956 2428 4288 2500; x_wconf 87' lang='lat' dir='ltr'><strong>excutere,</strong></span> <span class='ocrx_word' id='word_1_419' title='bbox 4347 2422 4618 2505; x_wconf 90' lang='lat' dir='ltr'><strong>eiusque</strong></span> <span class='ocrx_word' id='word_1_420' title='bbox 4661 2444 4756 2489; x_wconf 90' lang='lat' dir='ltr'><strong>re-</strong></span> 
     </span>
     <span class='ocr_line' id='line_1_57' title="bbox 2811 2504 3713 2588; baseline 0.004 -21"><span class='ocrx_word' id='word_1_421' title='bbox 2811 2504 3125 2588; x_wconf 88' lang='lat' dir='ltr'><strong>ligionem</strong></span> <span class='ocrx_word' id='word_1_422' title='bbox 3169 2504 3472 2571; x_wconf 85' lang='lat' dir='ltr'><strong>abiurare</strong></span> <span class='ocrx_word' id='word_1_423' title='bbox 3515 2506 3713 2571; x_wconf 90' lang='lat' dir='ltr'><strong>voles.</strong></span> 
     </span>
    </p>

    <p class='ocr_par' dir='ltr' id='par_1_10' title="bbox 2811 2591 4756 3282">
     <span class='ocr_line' id='line_1_58' title="bbox 2984 2591 4756 2677; baseline 0.003 -22"><span class='ocrx_word' id='word_1_424' title='bbox 2984 2592 3202 2656; x_wconf 79' lang='lat' dir='ltr'><strong>Tuum</strong></span> <span class='ocrx_word' id='word_1_425' title='bbox 3245 2613 3426 2658; x_wconf 89' lang='lat' dir='ltr'><strong>nunc</strong></span> <span class='ocrx_word' id='word_1_426' title='bbox 3470 2600 3600 2672; x_wconf 84' lang='lat' dir='ltr'><strong>est,</strong></span> <span class='ocrx_word' id='word_1_427' title='bbox 3646 2593 3729 2658; x_wconf 89' lang='lat' dir='ltr'><strong>ad</strong></span> <span class='ocrx_word' id='word_1_428' title='bbox 3773 2591 4174 2657; x_wconf 85' lang='lat' dir='ltr'><strong>reddendam</strong></span> <span class='ocrx_word' id='word_1_429' title='bbox 4219 2591 4523 2672; x_wconf 90' lang='lat' dir='ltr'><strong>Domino,</strong></span> <span class='ocrx_word' id='word_1_430' title='bbox 4569 2614 4756 2677; x_wconf 83' lang='lat' dir='ltr'><strong>quam</strong></span> 
     </span>
     <span class='ocr_line' id='line_1_59' title="bbox 2813 2677 4752 2760; baseline 0.002 -19"><span class='ocrx_word' id='word_1_431' title='bbox 2813 2677 2927 2742; x_wconf 89' lang='lat' dir='ltr'><strong>abs</strong></span> <span class='ocrx_word' id='word_1_432' title='bbox 2974 2685 3038 2742; x_wconf 83' lang='lat' dir='ltr'><strong>te</strong></span> <span class='ocrx_word' id='word_1_433' title='bbox 3080 2679 3306 2760; x_wconf 87' lang='lat' dir='ltr'><strong>poscit,</strong></span> <span class='ocrx_word' id='word_1_434' title='bbox 3352 2677 3564 2743; x_wconf 86' lang='lat' dir='ltr'><strong>laudis</strong></span> <span class='ocrx_word' id='word_1_435' title='bbox 3609 2679 4113 2757; x_wconf 85' lang='lat' dir='ltr'><strong>confessionem,</strong></span> <span class='ocrx_word' id='word_1_436' title='bbox 4159 2686 4363 2744; x_wconf 90' lang='lat' dir='ltr'><strong>temet</strong></span> <span class='ocrx_word' id='word_1_437' title='bbox 4405 2680 4752 2757; x_wconf 73' lang='lat' dir='ltr'><strong>exhortari,</strong></span> 
     </span>
     <span class='ocr_line' id='line_1_60' title="bbox 2812 2762 4755 2848; baseline 0.002 -22"><span class='ocrx_word' id='word_1_438' title='bbox 2812 2762 2931 2826; x_wconf 77' lang='lat' dir='ltr'><strong>tibi</strong></span> <span class='ocrx_word' id='word_1_439' title='bbox 2972 2763 3241 2843; x_wconf 88' lang='lat' dir='ltr'><strong>instare,</strong></span> <span class='ocrx_word' id='word_1_440' title='bbox 3283 2771 3349 2829; x_wconf 79' lang='grc'><strong>10</strong></span> <span class='ocrx_word' id='word_1_441' title='bbox 3390 2786 3627 2848; x_wconf 89' lang='lat' dir='ltr'><strong>urgere</strong></span> <span class='ocrx_word' id='word_1_442' title='bbox 3666 2771 3732 2829; x_wconf 94' lang='lat' dir='ltr'><strong>et</strong></span> <span class='ocrx_word' id='word_1_443' title='bbox 3775 2765 4079 2843; x_wconf 80' lang='lat' dir='ltr'><strong>excitare,</strong></span> <span class='ocrx_word' id='word_1_444' title='bbox 4126 2765 4546 2848; x_wconf 67' lang='lat' dir='ltr'><strong>anirnumque</strong></span> <span class='ocrx_word' id='word_1_445' title='bbox 4582 2767 4755 2832; x_wconf 91' lang='lat' dir='ltr'><strong>colli-</strong></span> 
     </span>
     <span class='ocr_line' id='line_1_61' title="bbox 2813 2850 4755 2935; baseline 0.002 -23"><span class='ocrx_word' id='word_1_446' title='bbox 2813 2862 2998 2933; x_wconf 81' lang='lat' dir='ltr'><strong>gere:</strong></span> <span class='ocrx_word' id='word_1_447' title='bbox 3056 2870 3183 2932; x_wconf 91' lang='lat' dir='ltr'><strong>quo</strong></span> <span class='ocrx_word' id='word_1_448' title='bbox 3228 2850 3557 2917; x_wconf 73' lang='lat' dir='ltr'><strong>laba-scere</strong></span> <span class='ocrx_word' id='word_1_449' title='bbox 3603 2870 3868 2916; x_wconf 88' lang='lat' dir='ltr'><strong>servum</strong></span> <span class='ocrx_word' id='word_1_450' title='bbox 3914 2852 4070 2927; x_wconf 87' lang='lat' dir='ltr'><strong>Dei,</strong></span> <span class='ocrx_word' id='word_1_451' title='bbox 4127 2850 4198 2915; x_wconf 91' lang='lat' dir='ltr'><strong>in</strong></span> <span class='ocrx_word' id='word_1_452' title='bbox 4244 2858 4424 2915; x_wconf 72' lang='lat' dir='ltr'><strong>tanto</strong></span> <span class='ocrx_word' id='word_1_453' title='bbox 4468 2872 4755 2935; x_wconf 85' lang='lat' dir='ltr'><strong>praeser-</strong></span> 
     </span>
     <span class='ocr_line' id='line_1_62' title="bbox 2812 2932 4754 3022; baseline 0.003 -24"><span class='ocrx_word' id='word_1_454' title='bbox 2812 2937 2930 2999; x_wconf 84' lang='lat' dir='ltr'><strong>tim</strong></span> <span class='ocrx_word' id='word_1_455' title='bbox 2953 2932 3289 3020; x_wconf 83' lang='lat' dir='ltr'><strong>religionis</strong></span> <span class='ocrx_word' id='word_1_456' title='bbox 3317 2935 3600 3014; x_wconf 87' lang='lat' dir='ltr'><strong>cardine,</strong></span> <span class='ocrx_word' id='word_1_457' title='bbox 3637 2946 3954 3020; x_wconf 83' lang='lat' dir='ltr'><strong>perquam</strong></span> <span class='ocrx_word' id='word_1_458' title='bbox 3990 2936 4348 3001; x_wconf 86' lang='lat' dir='ltr'><strong>absurdum</strong></span> <span class='ocrx_word' id='word_1_459' title='bbox 4385 2937 4754 3022; x_wconf 83' lang='lat' dir='ltr'><strong>indignum-</strong></span> 
     </span>
     <span class='ocr_line' id='line_1_63' title="bbox 2811 3021 4752 3106; baseline 0.002 -20"><span class='ocrx_word' id='word_1_460' title='bbox 2811 3039 2937 3104; x_wconf 89' lang='lat' dir='ltr'><strong>que</strong></span> <span class='ocrx_word' id='word_1_461' title='bbox 2992 3029 3108 3087; x_wconf 89' lang='lat' dir='ltr'><strong>est.</strong></span> <span class='ocrx_word' id='word_1_462' title='bbox 3197 3022 3374 3088; x_wconf 89' lang='lat' dir='ltr'><strong>Nam</strong></span> <span class='ocrx_word' id='word_1_463' title='bbox 3416 3021 3588 3106; x_wconf 91' lang='lat' dir='ltr'><strong>quod</strong></span> <span class='ocrx_word' id='word_1_464' title='bbox 3647 3023 3763 3088; x_wconf 90' lang='lat' dir='ltr'><strong>tibi</strong></span> <span class='ocrx_word' id='word_1_465' title='bbox 3822 3044 4022 3106; x_wconf 88' lang='lat' dir='ltr'><strong>supra</strong></span> <span class='ocrx_word' id='word_1_466' title='bbox 4083 3024 4491 3103; x_wconf 86' lang='lat' dir='ltr'><strong>confirmavi,</strong></span> <span class='ocrx_word' id='word_1_467' title='bbox 4552 3024 4621 3089; x_wconf 90' lang='lat' dir='ltr'><strong>id</strong></span> <span class='ocrx_word' id='word_1_468' title='bbox 4684 3035 4752 3090; x_wconf 92' lang='lat' dir='ltr'><strong>ut</strong></span> 
     </span>
     <span class='ocr_line' id='line_1_64' title="bbox 2813 3107 4751 3192; baseline 0.003 -20"><span class='ocrx_word' id='word_1_469' title='bbox 2813 3107 3090 3172; x_wconf 89' lang='lat' dir='ltr'><strong>subinde</strong></span> <span class='ocrx_word' id='word_1_470' title='bbox 3134 3109 3454 3174; x_wconf 86' lang='lat' dir='ltr'><strong>memoria</strong></span> <span class='ocrx_word' id='word_1_471' title='bbox 3492 3119 3781 3191; x_wconf 86' lang='lat' dir='ltr'><strong>repetas,</strong></span> <span class='ocrx_word' id='word_1_472' title='bbox 3837 3110 4083 3192; x_wconf 88' lang='lat' dir='ltr'><strong>tibique</strong></span> <span class='ocrx_word' id='word_1_473' title='bbox 4130 3110 4390 3175; x_wconf 88' lang='lat' dir='ltr'><strong>assidue</strong></span> <span class='ocrx_word' id='word_1_474' title='bbox 4435 3111 4751 3187; x_wconf 79' lang='lat' dir='ltr'><strong>subiicias,</strong></span> 
     </span>
     <span class='ocr_line' id='line_1_65' title="bbox 2811 3195 4752 3282; baseline 0.002 -24"><span class='ocrx_word' id='word_1_475' title='bbox 2811 3213 2988 3260; x_wconf 90' lang='lat' dir='ltr'><strong>nunc</strong></span> <span class='ocrx_word' id='word_1_476' title='bbox 3035 3195 3235 3259; x_wconf 89' lang='lat' dir='ltr'><strong>etiam</strong></span> <span class='ocrx_word' id='word_1_477' title='bbox 3294 3202 3357 3259; x_wconf 87' lang='lat' dir='ltr'><strong>te</strong></span> <span class='ocrx_word' id='word_1_478' title='bbox 3409 3216 3628 3260; x_wconf 86' lang='lat' dir='ltr'><strong>coram</strong></span> <span class='ocrx_word' id='word_1_479' title='bbox 3672 3196 3816 3260; x_wconf 90' lang='lat' dir='ltr'><strong>Deo</strong></span> <span class='ocrx_word' id='word_1_480' title='bbox 3860 3203 3926 3260; x_wconf 89' lang='lat' dir='ltr'><strong>et</strong></span> <span class='ocrx_word' id='word_1_481' title='bbox 3969 3197 4212 3261; x_wconf 89' lang='lat' dir='ltr'><strong>sanctis</strong></span> <span class='ocrx_word' id='word_1_482' title='bbox 4257 3195 4462 3279; x_wconf 90' lang='lat' dir='ltr'><strong>ipsius</strong></span> <span class='ocrx_word' id='word_1_483' title='bbox 4509 3197 4752 3282; x_wconf 82' lang='lat' dir='ltr'><strong>angelis</strong></span> 
     </span>
    </p>
   </div>
   <div class='ocr_carea' id='block_1_10' title="bbox 756 3273 4753 3538">
    <p class='ocr_par' dir='ltr' id='par_1_11' title="bbox 756 3273 4753 3538">
     <span class='ocr_line' id='line_1_66' title="bbox 756 3273 4753 3390; baseline 0.001 -45"><span class='ocrx_word' id='word_1_484' title='bbox 756 3282 867 3379; x_wconf 74' lang='lat' dir='ltr'><strong>An</strong></span> <span class='ocrx_word' id='word_1_485' title='bbox 902 3301 1077 3379; x_wconf 35' lang='lat' dir='ltr'><strong>‘vero</strong></span> <span class='ocrx_word' id='word_1_486' title='bbox 1132 3281 1459 3363; x_wconf 88' lang='lat' dir='ltr'><strong>scriptura</strong></span> <span class='ocrx_word' id='word_1_487' title='bbox 1513 3280 1880 3380; x_wconf 79' lang='lat' dir='ltr'><strong>Christiani</strong></span> <span class='ocrx_word' id='word_1_488' title='bbox 1937 3281 2221 3380; x_wconf 76' lang='lat' dir='ltr'><strong>elogium</strong></span> <span class='ocrx_word' id='word_1_489' title='bbox 2289 3281 2533 3380; x_wconf 76' lang='lat' dir='ltr'><strong>homini</strong></span> <span class='ocrx_word' id='word_1_490' title='bbox 2566 3301 2706 3380; x_wconf 37' lang='lat' dir='ltr'><strong>&#39;ne—</strong></span> <span class='ocrx_word' id='word_1_491' title='bbox 2756 3273 2761 3390; x_wconf 64' lang='grc' dir='ltr'>Ι</span> <span class='ocrx_word' id='word_1_492' title='bbox 2811 3278 3127 3379; x_wconf 79' lang='lat' dir='ltr'><strong>obtestor:</strong></span> <span class='ocrx_word' id='word_1_493' title='bbox 3165 3302 3299 3344; x_wconf 89' lang='lat' dir='ltr'><strong>non</strong></span> <span class='ocrx_word' id='word_1_494' title='bbox 3331 3279 3437 3346; x_wconf 90' lang='lat' dir='ltr'><strong>hic</strong></span> <span class='ocrx_word' id='word_1_495' title='bbox 3471 3280 3716 3346; x_wconf 90' lang='lat' dir='ltr'><strong>leviore</strong></span> <span class='ocrx_word' id='word_1_496' title='bbox 3739 3280 3820 3346; x_wconf 90' lang='lat' dir='ltr'><strong>de</strong></span> <span class='ocrx_word' id='word_1_497' title='bbox 3841 3303 4038 3381; x_wconf 80' lang='lat' dir='ltr'><strong>causa</strong></span> <span class='ocrx_word' id='word_1_498' title='bbox 4074 3283 4585 3380; x_wconf 72' lang='lat' dir='ltr'><strong>controversiam</strong></span> <span class='ocrx_word' id='word_1_499' title='bbox 4621 3304 4753 3367; x_wconf 75' lang='lat' dir='ltr'><strong>agi-</strong></span> 
     </span>
     <span class='ocr_line' id='line_1_67' title="bbox 757 3364 4752 3451; baseline 0.002 -22"><span class='ocrx_word' id='word_1_500' title='bbox 757 3386 919 3430; x_wconf 86' lang='grc'><strong>1111111</strong></span> <span class='ocrx_word' id='word_1_501' title='bbox 967 3364 1229 3444; x_wconf 85' lang='lat' dir='ltr'><strong>deferet,</strong></span> <span class='ocrx_word' id='word_1_502' title='bbox 1274 3376 1350 3430; x_wconf 87' lang='lat' dir='ltr'><strong>ut</strong></span> <span class='ocrx_word' id='word_1_503' title='bbox 1384 3386 1520 3430; x_wconf 88' lang='lat' dir='ltr'><strong>non</strong></span> <span class='ocrx_word' id='word_1_504' title='bbox 1557 3367 1752 3431; x_wconf 76' lang='lat' dir='ltr'><strong>simul</strong></span> <span class='ocrx_word' id='word_1_505' title='bbox 1788 3365 2052 3432; x_wconf 72' lang='lat' dir='ltr'><strong>adiiciat</strong></span> <span class='ocrx_word' id='word_1_506' title='bbox 2084 3386 2299 3449; x_wconf 79' lang='lat' dir='ltr'><strong>ipsum</strong></span> <span class='ocrx_word' id='word_1_507' title='bbox 2336 3366 2706 3444; x_wconf 74' lang='lat' dir='ltr'><strong>credulisse,</strong></span> <span class='ocrx_word' id='word_1_508' title='bbox 2756 3397 2761 3436; x_wconf 75' lang='grc' dir='ltr'>ι</span> <span class='ocrx_word' id='word_1_509' title='bbox 2811 3373 2957 3442; x_wconf 86' lang='lat' dir='ltr'><strong>tan,</strong></span> <span class='ocrx_word' id='word_1_510' title='bbox 2993 3385 3190 3447; x_wconf 89' lang='lat' dir='ltr'><strong>quam</strong></span> <span class='ocrx_word' id='word_1_511' title='bbox 3223 3367 3542 3449; x_wconf 92' lang='lat' dir='ltr'><strong>quomodo</strong></span> <span class='ocrx_word' id='word_1_512' title='bbox 3566 3366 3908 3432; x_wconf 84' lang='lat' dir='ltr'><strong>Christum</strong></span> <span class='ocrx_word' id='word_1_513' title='bbox 3940 3390 4011 3431; x_wconf 89' lang='grc'><strong>111</strong></span> <span class='ocrx_word' id='word_1_514' title='bbox 4031 3367 4376 3433; x_wconf 80' lang='lat' dir='ltr'><strong>hominum</strong></span> <span class='ocrx_word' id='word_1_515' title='bbox 4406 3381 4752 3451; x_wconf 85' lang='lat' dir='ltr'><strong>conspectu</strong></span> 
     </span>
     <span class='ocr_line' id='line_1_68' title="bbox 759 3449 4752 3538; baseline 0.001 -23"><span class='ocrx_word' id='word_1_516' title='bbox 759 3459 827 3515; x_wconf 87' lang='lat' dir='ltr'><strong>et</strong></span> <span class='ocrx_word' id='word_1_517' title='bbox 876 3449 1141 3515; x_wconf 90' lang='lat' dir='ltr'><strong>domum</strong></span> <span class='ocrx_word' id='word_1_518' title='bbox 1198 3453 1337 3516; x_wconf 87' lang='lat' dir='ltr'><strong>eius</strong></span> <span class='ocrx_word' id='word_1_519' title='bbox 1393 3461 1625 3516; x_wconf 81' lang='lat' dir='ltr'><strong>tot-am:</strong></span> <span class='ocrx_word' id='word_1_520' title='bbox 1687 3471 1805 3517; x_wconf 88' lang='lat' dir='ltr'><strong>nos</strong></span> <span class='ocrx_word' id='word_1_521' title='bbox 1861 3461 2083 3516; x_wconf 80' lang='lat' dir='ltr'><strong>autem</strong></span> <span class='ocrx_word' id='word_1_522' title='bbox 2138 3452 2219 3516; x_wconf 91' lang='lat' dir='ltr'><strong>de</strong></span> <span class='ocrx_word' id='word_1_523' title='bbox 2272 3451 2523 3517; x_wconf 79' lang='lat' dir='ltr'><strong>christi</strong></span> <span class='ocrx_word' id='word_1_524' title='bbox 2577 3451 2707 3517; x_wconf 87' lang='lat' dir='ltr'><strong>fide</strong></span> <span class='ocrx_word' id='word_1_525' title='bbox 2811 3467 2944 3516; x_wconf 88' lang='grc'><strong>11011</strong></span> <span class='ocrx_word' id='word_1_526' title='bbox 2990 3452 3416 3535; x_wconf 84' lang='lat' dir='ltr'><strong>abnegemus:</strong></span> <span class='ocrx_word' id='word_1_527' title='bbox 3471 3474 3557 3517; x_wconf 91' lang='lat' dir='ltr'><strong>ne</strong></span> <span class='ocrx_word' id='word_1_528' title='bbox 3600 3453 3680 3518; x_wconf 89' lang='lat' dir='ltr'><strong>ab</strong></span> <span class='ocrx_word' id='word_1_529' title='bbox 3725 3454 3868 3536; x_wconf 88' lang='lat' dir='ltr'><strong>ipso</strong></span> <span class='ocrx_word' id='word_1_530' title='bbox 3910 3474 4029 3518; x_wconf 92' lang='grc'><strong>1108</strong></span> <span class='ocrx_word' id='word_1_531' title='bbox 4074 3474 4337 3519; x_wconf 83' lang='grc'><strong>1111811111</strong></span> <span class='ocrx_word' id='word_1_532' title='bbox 4395 3454 4601 3538; x_wconf 86' lang='grc' dir='ltr'><strong>((111οᾶ</strong></span> <span class='ocrx_word' id='word_1_533' title='bbox 4643 3475 4752 3538; x_wconf 88' lang='lat' dir='ltr'><strong>per</strong></span> 
     </span>
    </p>
   </div>
   <div class='ocr_carea' id='block_1_11' title="bbox 757 3536 2707 3621">
    <p class='ocr_par' dir='ltr' id='par_1_12' title="bbox 757 3536 2707 3621">
     <span class='ocr_line' id='line_1_69' title="bbox 757 3536 2707 3621; baseline 0.002 -22"><span class='ocrx_word' id='word_1_534' title='bbox 757 3536 1197 3619; x_wconf 77' lang='lat' dir='ltr'><strong>gloriabimur,</strong></span> <span class='ocrx_word' id='word_1_535' title='bbox 1241 3537 1383 3602; x_wconf 89' lang='lat' dir='ltr'><strong>eius</strong></span> <span class='ocrx_word' id='word_1_536' title='bbox 1425 3538 1925 3621; x_wconf 81' lang='lat' dir='ltr'><strong>abnegationem</strong></span> <span class='ocrx_word' id='word_1_537' title='bbox 1968 3540 2144 3603; x_wconf 85' lang='lat' dir='ltr'><strong>intra</strong></span> <span class='ocrx_word' id='word_1_538' title='bbox 2178 3537 2411 3604; x_wconf 89' lang='lat' dir='ltr'><strong>domus</strong></span> <span class='ocrx_word' id='word_1_539' title='bbox 2443 3547 2707 3603; x_wconf 86' lang='lat' dir='ltr'><strong>nostrae</strong></span> 
     </span>
    </p>
   </div>
   <div class='ocr_carea' id='block_1_12' title="bbox 2811 3536 4752 3622">
    <p class='ocr_par' dir='ltr' id='par_1_13' title="bbox 2811 3536 4752 3622">
     <span class='ocr_line' id='line_1_70' title="bbox 2811 3536 4752 3622; baseline 0.002 -21"><span class='ocrx_word' id='word_1_540' title='bbox 2811 3536 3178 3620; x_wconf 88' lang='lat' dir='ltr'><strong>apostolum</strong></span> <span class='ocrx_word' id='word_1_541' title='bbox 3222 3555 3414 3603; x_wconf 86' lang='lat' dir='ltr'><strong>suum</strong></span> <span class='ocrx_word' id='word_1_542' title='bbox 3450 3540 3771 3620; x_wconf 86' lang='lat' dir='ltr'><strong>minatur)</strong></span> <span class='ocrx_word' id='word_1_543' title='bbox 3799 3557 4017 3622; x_wconf 73' lang='lat' dir='ltr'><strong>,quum</strong></span> <span class='ocrx_word' id='word_1_544' title='bbox 4062 3555 4390 3604; x_wconf 83' lang='lat' dir='ltr'><strong>summum</strong></span> <span class='ocrx_word' id='word_1_545' title='bbox 4430 3540 4597 3604; x_wconf 89' lang='lat' dir='ltr'><strong>illud</strong></span> <span class='ocrx_word' id='word_1_546' title='bbox 4639 3542 4752 3605; x_wconf 79' lang='lat' dir='ltr'><strong>tri-</strong></span> 
     </span>
    </p>
   </div>
   <div class='ocr_carea' id='block_1_13' title="bbox 756 3621 4750 3795">
    <p class='ocr_par' dir='ltr' id='par_1_14' title="bbox 756 3621 4750 3795">
     <span class='ocr_line' id='line_1_71' title="bbox 756 3621 4749 3709; baseline 0.001 -24"><span class='ocrx_word' id='word_1_547' title='bbox 756 3622 1067 3704; x_wconf 78' lang='lat' dir='ltr'><strong>parietes,</strong></span> <span class='ocrx_word' id='word_1_548' title='bbox 1127 3623 1451 3689; x_wconf 83' lang='lat' dir='ltr'><strong>inservis</strong></span> <span class='ocrx_word' id='word_1_549' title='bbox 1493 3624 1737 3688; x_wconf 82' lang='lat' dir='ltr'><strong>nostris</strong></span> <span class='ocrx_word' id='word_1_550' title='bbox 1779 3621 2118 3690; x_wconf 76' lang='lat' dir='ltr'><strong>foventes?</strong></span> <span class='ocrx_word' id='word_1_551' title='bbox 2209 3621 2462 3705; x_wconf 77' lang='lat' dir='ltr'><strong>Quare,</strong></span> <span class='ocrx_word' id='word_1_552' title='bbox 2519 3626 2575 3689; x_wconf 93' lang='lat' dir='ltr'><strong>si</strong></span> <span class='ocrx_word' id='word_1_553' title='bbox 2633 3625 2706 3687; x_wconf 92' lang='lat' dir='ltr'><strong>in</strong></span> <span class='ocrx_word' id='word_1_554' title='bbox 2811 3624 3010 3688; x_wconf 88' lang='lat' dir='ltr'><strong>bunal</strong></span> <span class='ocrx_word' id='word_1_555' title='bbox 3071 3622 3152 3688; x_wconf 90' lang='lat' dir='ltr'><strong>ad</strong></span> <span class='ocrx_word' id='word_1_556' title='bbox 3210 3624 3635 3691; x_wconf 86' lang='lat' dir='ltr'><strong>iudicandum</strong></span> <span class='ocrx_word' id='word_1_557' title='bbox 3694 3624 4169 3704; x_wconf 84' lang='lat' dir='ltr'><strong>conscenderit,</strong></span> <span class='ocrx_word' id='word_1_558' title='bbox 4228 3625 4631 3709; x_wconf 88' lang='lat' dir='ltr'><strong>abnegemur</strong></span> <span class='ocrx_word' id='word_1_559' title='bbox 4686 3627 4749 3707; x_wconf 84' lang='lat'><strong>(2</strong></span> 
     </span>
     <span class='ocr_line' id='line_1_72' title="bbox 759 3708 4750 3795; baseline 0.002 -24"><span class='ocrx_word' id='word_1_560' title='bbox 759 3708 1027 3772; x_wconf 88' lang='lat' dir='ltr'><strong>homine</strong></span> <span class='ocrx_word' id='word_1_561' title='bbox 1070 3709 1243 3793; x_wconf 84' lang='lat' dir='ltr'><strong>frugi</strong></span> <span class='ocrx_word' id='word_1_562' title='bbox 1287 3709 1463 3775; x_wconf 85' lang='lat' dir='ltr'><strong>istud</strong></span> <span class='ocrx_word' id='word_1_563' title='bbox 1520 3711 1814 3792; x_wconf 85' lang='lat' dir='ltr'><strong>apprime</strong></span> <span class='ocrx_word' id='word_1_564' title='bbox 1858 3711 2236 3794; x_wconf 87' lang='lat' dir='ltr'><strong>requiritur,</strong></span> <span class='ocrx_word' id='word_1_565' title='bbox 2296 3721 2373 3774; x_wconf 88' lang='lat' dir='ltr'><strong>ut</strong></span> <span class='ocrx_word' id='word_1_566' title='bbox 2417 3717 2594 3776; x_wconf 90' lang='lat' dir='ltr'><strong>recte</strong></span> <span class='ocrx_word' id='word_1_567' title='bbox 2638 3719 2707 3774; x_wconf 83' lang='lat' dir='ltr'><strong>et</strong></span> <span class='ocrx_word' id='word_1_568' title='bbox 2812 3710 2977 3774; x_wconf 81' lang='lat' dir='ltr'><strong>Tim.</strong></span> <span class='ocrx_word' id='word_1_569' title='bbox 3019 3713 3077 3787; x_wconf 82' lang='lat'><strong>2,</strong></span> <span class='ocrx_word' id='word_1_570' title='bbox 3124 3711 3249 3793; x_wconf 80' lang='lat'><strong>12).</strong></span> <span class='ocrx_word' id='word_1_571' title='bbox 3346 3718 3488 3789; x_wconf 79' lang='lat' dir='ltr'><strong>[pag.</strong></span> <span class='ocrx_word' id='word_1_572' title='bbox 3529 3717 3637 3790; x_wconf 83' lang='lat'><strong>43]</strong></span> <span class='ocrx_word' id='word_1_573' title='bbox 3692 3713 3791 3776; x_wconf 86' lang='lat' dir='ltr'><strong>Ac</strong></span> <span class='ocrx_word' id='word_1_574' title='bbox 3836 3732 3920 3775; x_wconf 90' lang='lat' dir='ltr'><strong>ne</strong></span> <span class='ocrx_word' id='word_1_575' title='bbox 3964 3711 4295 3795; x_wconf 85' lang='lat' dir='ltr'><strong>singulare</strong></span> <span class='ocrx_word' id='word_1_576' title='bbox 4339 3713 4559 3777; x_wconf 86' lang='lat' dir='ltr'><strong>nescio</strong></span> <span class='ocrx_word' id='word_1_577' title='bbox 4602 3712 4750 3795; x_wconf 85' lang='lat' dir='ltr'><strong>quid</strong></span> 
     </span>
    </p>
   </div>
   <div class='ocr_carea' id='block_1_14' title="bbox 755 3792 2705 3875">
    <p class='ocr_par' dir='ltr' id='par_1_15' title="bbox 755 3792 2705 3875">
     <span class='ocr_line' id='line_1_73' title="bbox 755 3792 2705 3875; baseline 0.002 -18"><span class='ocrx_word' id='word_1_578' title='bbox 755 3792 985 3871; x_wconf 77' lang='lat' dir='ltr'><strong>ordine</strong></span> <span class='ocrx_word' id='word_1_579' title='bbox 1042 3795 1355 3860; x_wconf 88' lang='lat' dir='ltr'><strong>familiam</strong></span> <span class='ocrx_word' id='word_1_580' title='bbox 1414 3793 1858 3875; x_wconf 74' lang='lat' dir='ltr'><strong>administret,</strong></span> <span class='ocrx_word' id='word_1_581' title='bbox 1921 3798 2263 3861; x_wconf 79' lang='lat' dir='ltr'><strong>christiani</strong></span> <span class='ocrx_word' id='word_1_582' title='bbox 2316 3803 2538 3861; x_wconf 87' lang='lat' dir='ltr'><strong>autem</strong></span> <span class='ocrx_word' id='word_1_583' title='bbox 2586 3798 2705 3861; x_wconf 91' lang='lat' dir='ltr'><strong>ho-</strong></span> 
     </span>
    </p>
   </div>
   <div class='ocr_carea' id='block_1_15' title="bbox 2811 3794 4751 3895">
    <p class='ocr_par' dir='ltr' id='par_1_16' title="bbox 2811 3794 4751 3895">
     <span class='ocr_line' id='line_1_74' title="bbox 2811 3794 4751 3895; baseline 0.003 -37"><span class='ocrx_word' id='word_1_584' title='bbox 2811 3794 2928 3860; x_wconf 85' lang='lat' dir='ltr'><strong>tibi</strong></span> <span class='ocrx_word' id='word_1_585' title='bbox 2973 3796 3282 3880; x_wconf 84' lang='lat' dir='ltr'><strong>imperari</strong></span> <span class='ocrx_word' id='word_1_586' title='bbox 3329 3798 3584 3875; x_wconf 88' lang='lat' dir='ltr'><strong>credas,</strong></span> <span class='ocrx_word' id='word_1_587' title='bbox 3643 3798 3814 3880; x_wconf 90' lang='lat' dir='ltr'><strong>quod</strong></span> <span class='ocrx_word' id='word_1_588' title='bbox 3857 3805 4193 3879; x_wconf 85' lang='lat' dir='ltr'><strong>praestare</strong></span> <span class='ocrx_word' id='word_1_589' title='bbox 4215 3817 4368 3895; x_wconf 30' lang='lat' dir='ltr'><strong>‘non</strong></span> <span class='ocrx_word' id='word_1_590' title='bbox 4415 3799 4501 3861; x_wconf 89' lang='lat' dir='ltr'><strong>sit</strong></span> <span class='ocrx_word' id='word_1_591' title='bbox 4544 3801 4751 3864; x_wconf 86' lang='lat' dir='ltr'><strong>cuius-</strong></span> 
     </span>
    </p>
   </div>
   <div class='ocr_carea' id='block_1_16' title="bbox 756 3880 4750 4053">
    <p class='ocr_par' dir='ltr' id='par_1_17' title="bbox 756 3880 4750 4053">
     <span class='ocr_line' id='line_1_75' title="bbox 756 3880 4750 3990; baseline 0.002 -47"><span class='ocrx_word' id='word_1_592' title='bbox 756 3880 1238 3979; x_wconf 69' lang='lat' dir='ltr'><strong>minisfamilia</strong></span> <span class='ocrx_word' id='word_1_593' title='bbox 1273 3889 1412 3945; x_wconf 89' lang='lat' dir='ltr'><strong>tum</strong></span> <span class='ocrx_word' id='word_1_594' title='bbox 1448 3882 1575 3945; x_wconf 87' lang='lat' dir='ltr'><strong>rite</strong></span> <span class='ocrx_word' id='word_1_595' title='bbox 1610 3881 1875 3947; x_wconf 88' lang='lat' dir='ltr'><strong>demum</strong></span> <span class='ocrx_word' id='word_1_596' title='bbox 1911 3884 2270 3965; x_wconf 81' lang='lat' dir='ltr'><strong>composita</strong></span> <span class='ocrx_word' id='word_1_597' title='bbox 2304 3884 2556 3948; x_wconf 80' lang='lat' dir='ltr'><strong>censeri</strong></span> <span class='ocrx_word' id='word_1_598' title='bbox 2593 3881 2705 3946; x_wconf 88' lang='lat' dir='ltr'><strong>de·</strong></span> <span class='ocrx_word' id='word_1_599' title='bbox 2755 3905 2760 3990; x_wconf 70' lang='grc'><strong>1</strong></span> <span class='ocrx_word' id='word_1_600' title='bbox 2809 3881 2995 3960; x_wconf 83' lang='lat' dir='ltr'><strong>libet,</strong></span> <span class='ocrx_word' id='word_1_601' title='bbox 3054 3883 3122 3946; x_wconf 91' lang='lat' dir='ltr'><strong>in</strong></span> <span class='ocrx_word' id='word_1_602' title='bbox 3179 3891 3489 3981; x_wconf 79' lang='lat' dir='ltr'><strong>promptu</strong></span> <span class='ocrx_word' id='word_1_603' title='bbox 3545 3891 3672 3960; x_wconf 87' lang='lat' dir='ltr'><strong>est,</strong></span> <span class='ocrx_word' id='word_1_604' title='bbox 3732 3903 3858 3965; x_wconf 90' lang='lat' dir='ltr'><strong>quo</strong></span> <span class='ocrx_word' id='word_1_605' title='bbox 3913 3881 4233 3949; x_wconf 75' lang='lat' dir='ltr'><strong>eiusmodi</strong></span> <span class='ocrx_word' id='word_1_606' title='bbox 4288 3885 4492 3948; x_wconf 88' lang='lat' dir='ltr'><strong>errori</strong></span> <span class='ocrx_word' id='word_1_607' title='bbox 4536 3905 4750 3950; x_wconf 87' lang='lat' dir='ltr'><strong>occur-</strong></span> 
     </span>
     <span class='ocr_line' id='line_1_76' title="bbox 758 3965 4750 4053; baseline 0.001 -23"><span class='ocrx_word' id='word_1_608' title='bbox 758 3965 885 4042; x_wconf 80' lang='lat' dir='ltr'><strong>bet,</strong></span> <span class='ocrx_word' id='word_1_609' title='bbox 924 3985 978 4030; x_wconf 91' lang='lat' dir='ltr'><strong>s1</strong></span> <span class='ocrx_word' id='word_1_610' title='bbox 1004 3966 1343 4031; x_wconf 77' lang='lat' dir='ltr'><strong>cuiusdam</strong></span> <span class='ocrx_word' id='word_1_611' title='bbox 1365 3965 1572 4032; x_wconf 88' lang='lat' dir='ltr'><strong>veluti</strong></span> <span class='ocrx_word' id='word_1_612' title='bbox 1610 3968 1985 4034; x_wconf 79' lang='lat' dir='ltr'><strong>ecclesiolae</strong></span> <span class='ocrx_word' id='word_1_613' title='bbox 2021 3969 2269 4051; x_wconf 82' lang='lat' dir='ltr'><strong>species</strong></span> <span class='ocrx_word' id='word_1_614' title='bbox 2304 3969 2371 4032; x_wconf 89' lang='lat' dir='ltr'><strong>in</strong></span> <span class='ocrx_word' id='word_1_615' title='bbox 2409 3990 2487 4033; x_wconf 83' lang='lat' dir='ltr'><strong>ea</strong></span> <span class='ocrx_word' id='word_1_616' title='bbox 2521 3989 2706 4052; x_wconf 83' lang='lat' dir='ltr'><strong>spec-</strong></span> <span class='ocrx_word' id='word_1_617' title='bbox 2809 3987 2970 4032; x_wconf 88' lang='lat' dir='ltr'><strong>ram.</strong></span> <span class='ocrx_word' id='word_1_618' title='bbox 3030 3965 3374 4051; x_wconf 77' lang='lat' dir='ltr'><strong>Siquidem</strong></span> <span class='ocrx_word' id='word_1_619' title='bbox 3411 3970 3719 4052; x_wconf 87' lang='lat' dir='ltr'><strong>pietatem</strong></span> <span class='ocrx_word' id='word_1_620' title='bbox 3748 3977 3931 4032; x_wconf 89' lang='lat' dir='ltr'><strong>tuam</strong></span> <span class='ocrx_word' id='word_1_621' title='bbox 3956 3988 4089 4034; x_wconf 91' lang='lat' dir='ltr'><strong>non</strong></span> <span class='ocrx_word' id='word_1_622' title='bbox 4132 3977 4286 4052; x_wconf 89' lang='lat' dir='ltr'><strong>peto</strong></span> <span class='ocrx_word' id='word_1_623' title='bbox 4324 3980 4400 4033; x_wconf 85' lang='lat' dir='ltr'><strong>ut</strong></span> <span class='ocrx_word' id='word_1_624' title='bbox 4423 3971 4750 4053; x_wconf 80' lang='lat' dir='ltr'><strong>propalam</strong></span> 
     </span>
    </p>
   </div>
   <div class='ocr_carea' id='block_1_17' title="bbox 756 4051 2707 4654">
    <p class='ocr_par' dir='ltr' id='par_1_18' title="bbox 756 4051 2707 4654">
     <span class='ocr_line' id='line_1_77' title="bbox 759 4051 2705 4138; baseline 0.001 -22"><span class='ocrx_word' id='word_1_625' title='bbox 759 4058 964 4116; x_wconf 88' lang='lat' dir='ltr'><strong>tatur:</strong></span> <span class='ocrx_word' id='word_1_626' title='bbox 1012 4051 1228 4117; x_wconf 83' lang='lat' dir='ltr'><strong>danda</strong></span> <span class='ocrx_word' id='word_1_627' title='bbox 1270 4053 1539 4117; x_wconf 87' lang='lat' dir='ltr'><strong>omnino</strong></span> <span class='ocrx_word' id='word_1_628' title='bbox 1584 4053 1702 4117; x_wconf 86' lang='lat' dir='ltr'><strong>tibi</strong></span> <span class='ocrx_word' id='word_1_629' title='bbox 1745 4074 1946 4138; x_wconf 88' lang='lat' dir='ltr'><strong>opera</strong></span> <span class='ocrx_word' id='word_1_630' title='bbox 1988 4063 2104 4133; x_wconf 77' lang='lat' dir='ltr'><strong>est,</strong></span> <span class='ocrx_word' id='word_1_631' title='bbox 2148 4075 2231 4118; x_wconf 91' lang='lat' dir='ltr'><strong>ne</strong></span> <span class='ocrx_word' id='word_1_632' title='bbox 2275 4063 2455 4119; x_wconf 87' lang='lat' dir='ltr'><strong>tuam</strong></span> <span class='ocrx_word' id='word_1_633' title='bbox 2499 4056 2705 4137; x_wconf 88' lang='lat' dir='ltr'><strong>pieta-</strong></span> 
     </span>
     <span class='ocr_line' id='line_1_78' title="bbox 757 4135 2707 4223; baseline 0.001 -22"><span class='ocrx_word' id='word_1_634' title='bbox 757 4137 842 4201; x_wconf 86' lang='lat' dir='ltr'><strong>tis</strong></span> <span class='ocrx_word' id='word_1_635' title='bbox 884 4135 1113 4202; x_wconf 88' lang='lat' dir='ltr'><strong>rudem</strong></span> <span class='ocrx_word' id='word_1_636' title='bbox 1168 4147 1366 4222; x_wconf 88' lang='lat' dir='ltr'><strong>atque</strong></span> <span class='ocrx_word' id='word_1_637' title='bbox 1418 4140 1833 4223; x_wconf 86' lang='lat' dir='ltr'><strong>ignorantem</strong></span> <span class='ocrx_word' id='word_1_638' title='bbox 1886 4139 2231 4222; x_wconf 87' lang='lat' dir='ltr'><strong>relinquas.</strong></span> <span class='ocrx_word' id='word_1_639' title='bbox 2332 4139 2561 4223; x_wconf 86' lang='lat' dir='ltr'><strong>Neque</strong></span> <span class='ocrx_word' id='word_1_640' title='bbox 2607 4149 2707 4207; x_wconf 83' lang='lat' dir='ltr'><strong>est</strong></span> 
     </span>
     <span class='ocr_line' id='line_1_79' title="bbox 758 4221 2702 4309; baseline 0.003 -24"><span class='ocrx_word' id='word_1_641' title='bbox 758 4221 929 4304; x_wconf 88' lang='lat' dir='ltr'><strong>quod</strong></span> <span class='ocrx_word' id='word_1_642' title='bbox 980 4231 1045 4287; x_wconf 91' lang='lat' dir='ltr'><strong>te</strong></span> <span class='ocrx_word' id='word_1_643' title='bbox 1099 4225 1412 4308; x_wconf 84' lang='lat' dir='ltr'><strong>vulgares</strong></span> <span class='ocrx_word' id='word_1_644' title='bbox 1471 4231 1617 4303; x_wconf 75' lang='lat' dir='ltr'><strong>[pag.</strong></span> <span class='ocrx_word' id='word_1_645' title='bbox 1680 4233 1783 4302; x_wconf 82' lang='lat'><strong>42]</strong></span> <span class='ocrx_word' id='word_1_646' title='bbox 1845 4225 1941 4290; x_wconf 90' lang='lat' dir='ltr'><strong>illi</strong></span> <span class='ocrx_word' id='word_1_647' title='bbox 2000 4225 2290 4309; x_wconf 85' lang='lat' dir='ltr'><strong>scrupuli</strong></span> <span class='ocrx_word' id='word_1_648' title='bbox 2344 4234 2702 4292; x_wconf 84' lang='lat' dir='ltr'><strong>morentur.</strong></span> 
     </span>
     <span class='ocr_line' id='line_1_80' title="bbox 756 4307 2703 4396; baseline 0.002 -24"><span class='ocrx_word' id='word_1_649' title='bbox 756 4307 986 4391; x_wconf 77' lang='lat' dir='ltr'><strong>Egone</strong></span> <span class='ocrx_word' id='word_1_650' title='bbox 1009 4310 1182 4374; x_wconf 87' lang='lat' dir='ltr'><strong>vitae</strong></span> <span class='ocrx_word' id='word_1_651' title='bbox 1214 4330 1401 4375; x_wconf 86' lang='lat' dir='ltr'><strong>meae</strong></span> <span class='ocrx_word' id='word_1_652' title='bbox 1436 4311 1779 4376; x_wconf 89' lang='lat' dir='ltr'><strong>arbitrium</strong></span> <span class='ocrx_word' id='word_1_653' title='bbox 1802 4312 2048 4376; x_wconf 84' lang='lat' dir='ltr'><strong>famulo</strong></span> <span class='ocrx_word' id='word_1_654' title='bbox 2068 4312 2489 4395; x_wconf 82' lang='lat' dir='ltr'><strong>permittam?</strong></span> <span class='ocrx_word' id='word_1_655' title='bbox 2537 4314 2703 4396; x_wconf 85' lang='lat' dir='ltr'><strong>Ego,</strong></span> 
     </span>
     <span class='ocr_line' id='line_1_81' title="bbox 758 4392 2705 4480; baseline 0.003 -23"><span class='ocrx_word' id='word_1_656' title='bbox 758 4392 843 4457; x_wconf 86' lang='lat' dir='ltr'><strong>ad</strong></span> <span class='ocrx_word' id='word_1_657' title='bbox 863 4414 969 4459; x_wconf 86' lang='lat' dir='ltr'><strong>me</strong></span> <span class='ocrx_word' id='word_1_658' title='bbox 990 4394 1439 4479; x_wconf 88' lang='lat' dir='ltr'><strong>iugulandum,</strong></span> <span class='ocrx_word' id='word_1_659' title='bbox 1476 4405 1811 4462; x_wconf 80' lang='lat' dir='ltr'><strong>exsertum</strong></span> <span class='ocrx_word' id='word_1_660' title='bbox 1845 4419 2069 4463; x_wconf 90' lang='lat' dir='ltr'><strong>ensem</strong></span> <span class='ocrx_word' id='word_1_661' title='bbox 2103 4399 2170 4462; x_wconf 90' lang='lat' dir='ltr'><strong>in</strong></span> <span class='ocrx_word' id='word_1_662' title='bbox 2208 4417 2480 4462; x_wconf 88' lang='lat' dir='ltr'><strong>manum</strong></span> <span class='ocrx_word' id='word_1_663' title='bbox 2515 4419 2705 4480; x_wconf 85' lang='lat' dir='ltr'><strong>prae-</strong></span> 
     </span>
     <span class='ocr_line' id='line_1_82' title="bbox 756 4478 2702 4567; baseline 0.002 -23"><span class='ocrx_word' id='word_1_664' title='bbox 756 4478 966 4544; x_wconf 84' lang='lat' dir='ltr'><strong>bebo?</strong></span> <span class='ocrx_word' id='word_1_665' title='bbox 1035 4480 1355 4559; x_wconf 85' lang='lat' dir='ltr'><strong>Primum,</strong></span> <span class='ocrx_word' id='word_1_666' title='bbox 1402 4483 1503 4547; x_wconf 87' lang='lat' dir='ltr'><strong>fac</strong></span> <span class='ocrx_word' id='word_1_667' title='bbox 1548 4483 1711 4549; x_wconf 87' lang='lat' dir='ltr'><strong>tales</strong></span> <span class='ocrx_word' id='word_1_668' title='bbox 1747 4485 1815 4547; x_wconf 91' lang='lat' dir='ltr'><strong>in</strong></span> <span class='ocrx_word' id='word_1_669' title='bbox 1850 4484 2165 4548; x_wconf 89' lang='lat' dir='ltr'><strong>familiam</strong></span> <span class='ocrx_word' id='word_1_670' title='bbox 2211 4492 2391 4548; x_wconf 89' lang='lat' dir='ltr'><strong>tuam</strong></span> <span class='ocrx_word' id='word_1_671' title='bbox 2438 4484 2702 4567; x_wconf 86' lang='lat' dir='ltr'><strong>allegas,</strong></span> 
     </span>
     <span class='ocr_line' id='line_1_83' title="bbox 756 4566 2705 4654; baseline 0.002 -25"><span class='ocrx_word' id='word_1_672' title='bbox 756 4586 1035 4647; x_wconf 92' lang='lat' dir='ltr'><strong>quorum</strong></span> <span class='ocrx_word' id='word_1_673' title='bbox 1076 4566 1329 4632; x_wconf 88' lang='lat' dir='ltr'><strong>indoles</strong></span> <span class='ocrx_word' id='word_1_674' title='bbox 1372 4587 1447 4633; x_wconf 86' lang='lat' dir='ltr'><strong>ac</strong></span> <span class='ocrx_word' id='word_1_675' title='bbox 1491 4571 1792 4634; x_wconf 88' lang='lat' dir='ltr'><strong>nativum</strong></span> <span class='ocrx_word' id='word_1_676' title='bbox 1834 4571 2173 4654; x_wconf 88' lang='lat' dir='ltr'><strong>ingenium</strong></span> <span class='ocrx_word' id='word_1_677' title='bbox 2210 4571 2361 4634; x_wconf 91' lang='lat' dir='ltr'><strong>boni</strong></span> <span class='ocrx_word' id='word_1_678' title='bbox 2399 4569 2705 4634; x_wconf 83' lang='lat' dir='ltr'><strong>nonnihil</strong></span> 
     </span>
    </p>
   </div>
   <div class='ocr_carea' id='block_1_18' title="bbox 756 4651 2760 4734">
    <p class='ocr_par' dir='ltr' id='par_1_19' title="bbox 756 4651 2760 4734">
     <span class='ocr_line' id='line_1_84' title="bbox 756 4651 2760 4734; baseline 0.004 -19"><span class='ocrx_word' id='word_1_679' title='bbox 756 4651 1165 4734; x_wconf 78' lang='lat' dir='ltr'><strong>polliceatur:</strong></span> <span class='ocrx_word' id='word_1_680' title='bbox 1226 4673 1334 4718; x_wconf 89' lang='grc'><strong>008</strong></span> <span class='ocrx_word' id='word_1_681' title='bbox 1390 4663 1623 4720; x_wconf 86' lang='lat' dir='ltr'><strong>nactus</strong></span> <span class='ocrx_word' id='word_1_682' title='bbox 1667 4655 1797 4720; x_wconf 89' lang='lat' dir='ltr'><strong>Dei</strong></span> <span class='ocrx_word' id='word_1_683' title='bbox 1840 4656 2134 4722; x_wconf 86' lang='lat' dir='ltr'><strong>doctrina</strong></span> <span class='ocrx_word' id='word_1_684' title='bbox 2176 4655 2472 4722; x_wconf 81' lang='lat' dir='ltr'><strong>excolere</strong></span> <span class='ocrx_word' id='word_1_685' title='bbox 2516 4655 2701 4732; x_wconf 86' lang='lat' dir='ltr'><strong>aude,</strong></span> <span class='ocrx_word' id='word_1_686' title='bbox 2754 4661 2760 4724; x_wconf 65' lang='lat' dir='ltr'><strong>l</strong></span> 
     </span>
    </p>
   </div>
   <div class='ocr_carea' id='block_1_19' title="bbox 756 4738 2705 4823">
    <p class='ocr_par' dir='ltr' id='par_1_20' title="bbox 756 4738 2705 4823">
     <span class='ocr_line' id='line_1_85' title="bbox 756 4738 2705 4823; baseline 0.002 -21"><span class='ocrx_word' id='word_1_687' title='bbox 756 4738 1068 4820; x_wconf 89' lang='lat' dir='ltr'><strong>verbique</strong></span> <span class='ocrx_word' id='word_1_688' title='bbox 1092 4740 1233 4802; x_wconf 87' lang='lat' dir='ltr'><strong>eius</strong></span> <span class='ocrx_word' id='word_1_689' title='bbox 1268 4740 1518 4804; x_wconf 90' lang='lat' dir='ltr'><strong>semine</strong></span> <span class='ocrx_word' id='word_1_690' title='bbox 1554 4761 1907 4806; x_wconf 87' lang='lat' dir='ltr'><strong>conserere.</strong></span> <span class='ocrx_word' id='word_1_691' title='bbox 1966 4741 2349 4808; x_wconf 86' lang='lat' dir='ltr'><strong>Providebit</strong></span> <span class='ocrx_word' id='word_1_692' title='bbox 2384 4742 2523 4823; x_wconf 88' lang='lat' dir='ltr'><strong>ipse</strong></span> <span class='ocrx_word' id='word_1_693' title='bbox 2561 4762 2705 4806; x_wconf 90' lang='lat' dir='ltr'><strong>cae-</strong></span> 
     </span>
    </p>
   </div>
   <div class='ocr_carea' id='block_1_20' title="bbox 758 4815 2760 4996">
    <p class='ocr_par' dir='ltr' id='par_1_21' title="bbox 758 4815 2760 4996">
     <span class='ocr_line' id='line_1_86' title="bbox 758 4815 2760 4906; baseline 0.003 -20"><span class='ocrx_word' id='word_1_694' title='bbox 758 4832 918 4901; x_wconf 86' lang='lat' dir='ltr'><strong>tera,</strong></span> <span class='ocrx_word' id='word_1_695' title='bbox 966 4823 1242 4906; x_wconf 89' lang='lat' dir='ltr'><strong>datoque</strong></span> <span class='ocrx_word' id='word_1_696' title='bbox 1285 4845 1587 4890; x_wconf 88' lang='lat' dir='ltr'><strong>successu</strong></span> <span class='ocrx_word' id='word_1_697' title='bbox 1634 4828 1898 4906; x_wconf 86' lang='lat' dir='ltr'><strong>efficiet,</strong></span> <span class='ocrx_word' id='word_1_698' title='bbox 1956 4848 2040 4892; x_wconf 90' lang='lat' dir='ltr'><strong>ne</strong></span> <span class='ocrx_word' id='word_1_699' title='bbox 2083 4837 2151 4892; x_wconf 91' lang='lat' dir='ltr'><strong>te</strong></span> <span class='ocrx_word' id='word_1_700' title='bbox 2177 4826 2523 4892; x_wconf 85' lang='lat' dir='ltr'><strong>-mandatis</strong></span> <span class='ocrx_word' id='word_1_701' title='bbox 2570 4828 2705 4892; x_wconf 90' lang='lat' dir='ltr'><strong>suis</strong></span> <span class='ocrx_word' id='word_1_702' title='bbox 2754 4815 2760 4872; x_wconf 70' lang='grc' dir='ltr'>Ι</span> 
     </span>
     <span class='ocr_line' id='line_1_87' title="bbox 758 4911 2758 4996; baseline 0.002 -23"><span class='ocrx_word' id='word_1_703' title='bbox 758 4911 1193 4993; x_wconf 90' lang='lat' dir='ltr'><strong>obsequutum</strong></span> <span class='ocrx_word' id='word_1_704' title='bbox 1238 4912 1440 4977; x_wconf 89' lang='lat' dir='ltr'><strong>fuisse</strong></span> <span class='ocrx_word' id='word_1_705' title='bbox 1484 4933 1777 4995; x_wconf 88' lang='lat' dir='ltr'><strong>unquam</strong></span> <span class='ocrx_word' id='word_1_706' title='bbox 1818 4916 2161 4996; x_wconf 84' lang='lat' dir='ltr'><strong>poeniteat.</strong></span> <span class='ocrx_word' id='word_1_707' title='bbox 2214 4914 2331 4977; x_wconf 78' lang='lat' dir='ltr'><strong>·Et</strong></span> <span class='ocrx_word' id='word_1_708' title='bbox 2375 4933 2534 4978; x_wconf 89' lang='lat' dir='ltr'><strong>sane</strong></span> <span class='ocrx_word' id='word_1_709' title='bbox 2578 4914 2704 4976; x_wconf 91' lang='lat' dir='ltr'><strong>nisi</strong></span> <span class='ocrx_word' id='word_1_710' title='bbox 2755 4921 2758 4988; x_wconf 80' lang='grc' dir='ltr'>ξ</span> 
     </span>
    </p>
   </div>
   <div class='ocr_carea' id='block_1_21' title="bbox 756 4994 2703 5425">
    <p class='ocr_par' dir='ltr' id='par_1_22' title="bbox 756 4994 2703 5425">
     <span class='ocr_line' id='line_1_88' title="bbox 758 4994 2703 5084; baseline 0.004 -29"><span class='ocrx_word' id='word_1_711' title='bbox 758 4994 873 5057; x_wconf 85' lang='lat' dir='ltr'><strong>tibi</strong></span> <span class='ocrx_word' id='word_1_712' title='bbox 916 5005 1147 5079; x_wconf 88' lang='lat' dir='ltr'><strong>sponte</strong></span> <span class='ocrx_word' id='word_1_713' title='bbox 1190 4999 1499 5084; x_wconf 86' lang='lat' dir='ltr'><strong>imponis,</strong></span> <span class='ocrx_word' id='word_1_714' title='bbox 1560 4997 1875 5081; x_wconf 90' lang='lat' dir='ltr'><strong>dispicere</strong></span> <span class='ocrx_word' id='word_1_715' title='bbox 1919 5008 2135 5066; x_wconf 91' lang='lat' dir='ltr'><strong>tecum</strong></span> <span class='ocrx_word' id='word_1_716' title='bbox 2181 5007 2395 5082; x_wconf 89' lang='lat' dir='ltr'><strong>potes,</strong></span> <span class='ocrx_word' id='word_1_717' title='bbox 2455 5006 2703 5081; x_wconf 89' lang='lat' dir='ltr'><strong>quanto</strong></span> 
     </span>
     <span class='ocr_line' id='line_1_89' title="bbox 758 5081 2703 5168; baseline 0.003 -26"><span class='ocrx_word' id='word_1_718' title='bbox 758 5081 1002 5146; x_wconf 87' lang='lat' dir='ltr'><strong>maiore</strong></span> <span class='ocrx_word' id='word_1_719' title='bbox 1036 5091 1178 5147; x_wconf 89' lang='lat' dir='ltr'><strong>tum</strong></span> <span class='ocrx_word' id='word_1_720' title='bbox 1199 5084 1517 5162; x_wconf 88' lang='lat' dir='ltr'><strong>molestia,</strong></span> <span class='ocrx_word' id='word_1_721' title='bbox 1555 5092 1699 5148; x_wconf 91' lang='lat' dir='ltr'><strong>tum</strong></span> <span class='ocrx_word' id='word_1_722' title='bbox 1739 5085 2022 5166; x_wconf 84' lang='lat' dir='ltr'><strong>periculo</strong></span> <span class='ocrx_word' id='word_1_723' title='bbox 2061 5085 2408 5151; x_wconf 89' lang='lat' dir='ltr'><strong>habiturus</strong></span> <span class='ocrx_word' id='word_1_724' title='bbox 2440 5086 2531 5149; x_wconf 91' lang='lat' dir='ltr'><strong>sis</strong></span> <span class='ocrx_word' id='word_1_725' title='bbox 2556 5105 2703 5168; x_wconf 89' lang='lat' dir='ltr'><strong>per-</strong></span> 
     </span>
     <span class='ocr_line' id='line_1_90' title="bbox 757 5169 2703 5254; baseline 0.004 -26"><span class='ocrx_word' id='word_1_726' title='bbox 757 5175 954 5245; x_wconf 88' lang='lat' dir='ltr'><strong>petuo</strong></span> <span class='ocrx_word' id='word_1_727' title='bbox 998 5169 1065 5232; x_wconf 92' lang='lat' dir='ltr'><strong>in</strong></span> <span class='ocrx_word' id='word_1_728' title='bbox 1110 5170 1267 5251; x_wconf 89' lang='lat' dir='ltr'><strong>ipsis</strong></span> <span class='ocrx_word' id='word_1_729' title='bbox 1313 5169 1542 5235; x_wconf 89' lang='lat' dir='ltr'><strong>domus</strong></span> <span class='ocrx_word' id='word_1_730' title='bbox 1586 5178 1738 5234; x_wconf 87' lang='lat' dir='ltr'><strong>tuae</strong></span> <span class='ocrx_word' id='word_1_731' title='bbox 1780 5171 2251 5252; x_wconf 88' lang='lat' dir='ltr'><strong>penetralibus,</strong></span> <span class='ocrx_word' id='word_1_732' title='bbox 2299 5192 2461 5254; x_wconf 92' lang='lat' dir='ltr'><strong>quos</strong></span> <span class='ocrx_word' id='word_1_733' title='bbox 2506 5191 2703 5254; x_wconf 90' lang='lat' dir='ltr'><strong>appo-</strong></span> 
     </span>
     <span class='ocr_line' id='line_1_91' title="bbox 759 5252 2703 5338; baseline 0.004 -24"><span class='ocrx_word' id='word_1_734' title='bbox 759 5252 917 5315; x_wconf 83' lang='lat' dir='ltr'><strong>sitos</strong></span> <span class='ocrx_word' id='word_1_735' title='bbox 951 5254 1071 5318; x_wconf 90' lang='lat' dir='ltr'><strong>tibi</strong></span> <span class='ocrx_word' id='word_1_736' title='bbox 1106 5255 1402 5321; x_wconf 83' lang='lat' dir='ltr'><strong>custodes</strong></span> <span class='ocrx_word' id='word_1_737' title='bbox 1439 5255 1656 5332; x_wconf 90' lang='lat' dir='ltr'><strong>ducas,</strong></span> <span class='ocrx_word' id='word_1_738' title='bbox 1704 5278 1744 5319; x_wconf 91' lang='lat' dir='ltr'><strong>a</strong></span> <span class='ocrx_word' id='word_1_739' title='bbox 1778 5277 2053 5338; x_wconf 90' lang='lat' dir='ltr'><strong>quorum</strong></span> <span class='ocrx_word' id='word_1_740' title='bbox 2092 5257 2348 5323; x_wconf 88' lang='lat' dir='ltr'><strong>insidiis</strong></span> <span class='ocrx_word' id='word_1_741' title='bbox 2383 5256 2495 5321; x_wconf 89' lang='lat' dir='ltr'><strong>tibi</strong></span> <span class='ocrx_word' id='word_1_742' title='bbox 2534 5278 2703 5322; x_wconf 91' lang='lat' dir='ltr'><strong>sem-</strong></span> 
     </span>
     <span class='ocr_line' id='line_1_92' title="bbox 756 5342 2702 5425; baseline 0.003 -23"><span class='ocrx_word' id='word_1_743' title='bbox 756 5357 873 5418; x_wconf 84' lang='lat' dir='ltr'><strong>per</strong></span> <span class='ocrx_word' id='word_1_744' title='bbox 906 5350 1178 5416; x_wconf 82' lang='lat' dir='ltr'><strong>metuas,</strong></span> <span class='ocrx_word' id='word_1_745' title='bbox 1216 5362 1495 5423; x_wconf 91' lang='lat' dir='ltr'><strong>quorum</strong></span> <span class='ocrx_word' id='word_1_746' title='bbox 1533 5343 1764 5406; x_wconf 89' lang='lat' dir='ltr'><strong>timore</strong></span> <span class='ocrx_word' id='word_1_747' title='bbox 1801 5343 2114 5425; x_wconf 86' lang='lat' dir='ltr'><strong>angulum</strong></span> <span class='ocrx_word' id='word_1_748' title='bbox 2152 5342 2405 5407; x_wconf 90' lang='lat' dir='ltr'><strong>nullum</strong></span> <span class='ocrx_word' id='word_1_749' title='bbox 2444 5343 2702 5420; x_wconf 79' lang='lat' dir='ltr'><strong>habeas,</strong></span> 
     </span>
    </p>
   </div>
   <div class='ocr_carea' id='block_1_22' title="bbox 2809 4054 4764 4990">
    <p class='ocr_par' dir='ltr' id='par_1_23' title="bbox 2809 4054 4764 4990">
     <span class='ocr_line' id='line_1_93' title="bbox 2809 4054 4752 4138; baseline 0.002 -21"><span class='ocrx_word' id='word_1_750' title='bbox 2809 4054 3206 4136; x_wconf 80' lang='lat' dir='ltr'><strong>profitearis:</strong></span> <span class='ocrx_word' id='word_1_751' title='bbox 3266 4055 3476 4120; x_wconf 90' lang='lat' dir='ltr'><strong>solum</strong></span> <span class='ocrx_word' id='word_1_752' title='bbox 3537 4069 3621 4120; x_wconf 87' lang='lat' dir='ltr'><strong>ne</strong></span> <span class='ocrx_word' id='word_1_753' title='bbox 3676 4055 4034 4138; x_wconf 86' lang='lat' dir='ltr'><strong>impietatis</strong></span> <span class='ocrx_word' id='word_1_754' title='bbox 4093 4054 4492 4138; x_wconf 83' lang='lat' dir='ltr'><strong>professione</strong></span> <span class='ocrx_word' id='word_1_755' title='bbox 4550 4058 4752 4138; x_wconf 88' lang='lat' dir='ltr'><strong>ipsam</strong></span> 
     </span>
     <span class='ocr_line' id='line_1_94' title="bbox 2811 4139 4753 4224; baseline 0.002 -20"><span class='ocrx_word' id='word_1_756' title='bbox 2811 4139 3109 4224; x_wconf 88' lang='lat' dir='ltr'><strong>abneges,</strong></span> <span class='ocrx_word' id='word_1_757' title='bbox 3155 4140 3270 4205; x_wconf 86' lang='lat' dir='ltr'><strong>abs</strong></span> <span class='ocrx_word' id='word_1_758' title='bbox 3307 4148 3371 4206; x_wconf 89' lang='lat' dir='ltr'><strong>te</strong></span> <span class='ocrx_word' id='word_1_759' title='bbox 3406 4140 3744 4207; x_wconf 88' lang='lat' dir='ltr'><strong>contendo.</strong></span> <span class='ocrx_word' id='word_1_760' title='bbox 3814 4139 3993 4221; x_wconf 80' lang='lat' dir='ltr'><strong>Quid</strong></span> <span class='ocrx_word' id='word_1_761' title='bbox 4029 4142 4205 4205; x_wconf 91' lang='lat' dir='ltr'><strong>enim</strong></span> <span class='ocrx_word' id='word_1_762' title='bbox 4241 4140 4436 4219; x_wconf 91' lang='lat' dir='ltr'><strong>aliud,</strong></span> <span class='ocrx_word' id='word_1_763' title='bbox 4484 4143 4589 4207; x_wconf 91' lang='lat' dir='ltr'><strong>vel</strong></span> <span class='ocrx_word' id='word_1_764' title='bbox 4625 4151 4753 4207; x_wconf 89' lang='lat' dir='ltr'><strong>tota</strong></span> 
     </span>
     <span class='ocr_line' id='line_1_95' title="bbox 2811 4225 4754 4311; baseline 0.001 -20"><span class='ocrx_word' id='word_1_765' title='bbox 2811 4225 3251 4309; x_wconf 87' lang='lat' dir='ltr'><strong>disputatione</strong></span> <span class='ocrx_word' id='word_1_766' title='bbox 3296 4229 3602 4311; x_wconf 91' lang='lat' dir='ltr'><strong>spectavi,</strong></span> <span class='ocrx_word' id='word_1_767' title='bbox 3650 4227 3758 4292; x_wconf 92' lang='lat' dir='ltr'><strong>vel</strong></span> <span class='ocrx_word' id='word_1_768' title='bbox 3799 4247 3976 4291; x_wconf 89' lang='lat' dir='ltr'><strong>nunc</strong></span> <span class='ocrx_word' id='word_1_769' title='bbox 4019 4229 4311 4292; x_wconf 84' lang='lat' dir='ltr'><strong>obtinere</strong></span> <span class='ocrx_word' id='word_1_770' title='bbox 4347 4228 4516 4306; x_wconf 91' lang='lat' dir='ltr'><strong>volo,</strong></span> <span class='ocrx_word' id='word_1_771' title='bbox 4563 4249 4754 4311; x_wconf 91' lang='lat' dir='ltr'><strong>quam</strong></span> 
     </span>
     <span class='ocr_line' id='line_1_96' title="bbox 2810 4312 4754 4397; baseline 0.002 -22"><span class='ocrx_word' id='word_1_772' title='bbox 2810 4334 2891 4376; x_wconf 92' lang='lat' dir='ltr'><strong>ne</strong></span> <span class='ocrx_word' id='word_1_773' title='bbox 2928 4312 3271 4377; x_wconf 82' lang='lat' dir='ltr'><strong>horrendis</strong></span> <span class='ocrx_word' id='word_1_774' title='bbox 3307 4313 3664 4397; x_wconf 86' lang='lat' dir='ltr'><strong>sacrilegiis</strong></span> <span class='ocrx_word' id='word_1_775' title='bbox 3700 4321 3989 4379; x_wconf 86' lang='lat' dir='ltr'><strong>sanctam</strong></span> <span class='ocrx_word' id='word_1_776' title='bbox 4021 4314 4150 4377; x_wconf 90' lang='lat' dir='ltr'><strong>Dei</strong></span> <span class='ocrx_word' id='word_1_777' title='bbox 4185 4312 4571 4397; x_wconf 83' lang='lat' dir='ltr'><strong>religionem</strong></span> <span class='ocrx_word' id='word_1_778' title='bbox 4608 4336 4754 4380; x_wconf 90' lang='lat' dir='ltr'><strong>con-</strong></span> 
     </span>
     <span class='ocr_line' id='line_1_97' title="bbox 2810 4398 4753 4484; baseline 0.002 -24"><span class='ocrx_word' id='word_1_779' title='bbox 2810 4398 3135 4462; x_wconf 85' lang='lat' dir='ltr'><strong>tamines?</strong></span> <span class='ocrx_word' id='word_1_780' title='bbox 3197 4419 3283 4463; x_wconf 93' lang='lat' dir='ltr'><strong>ne</strong></span> <span class='ocrx_word' id='word_1_781' title='bbox 3340 4418 3572 4482; x_wconf 89' lang='lat' dir='ltr'><strong>corpus</strong></span> <span class='ocrx_word' id='word_1_782' title='bbox 3629 4407 3850 4478; x_wconf 87' lang='lat' dir='ltr'><strong>tuum,</strong></span> <span class='ocrx_word' id='word_1_783' title='bbox 3909 4398 4080 4481; x_wconf 90' lang='lat' dir='ltr'><strong>quod</strong></span> <span class='ocrx_word' id='word_1_784' title='bbox 4134 4399 4254 4464; x_wconf 90' lang='lat' dir='ltr'><strong>sibi</strong></span> <span class='ocrx_word' id='word_1_785' title='bbox 4311 4401 4378 4462; x_wconf 91' lang='lat' dir='ltr'><strong>in</strong></span> <span class='ocrx_word' id='word_1_786' title='bbox 4439 4401 4753 4484; x_wconf 90' lang='lat' dir='ltr'><strong>templum</strong></span> 
     </span>
     <span class='ocr_line' id='line_1_98' title="bbox 2810 4483 4751 4567; baseline 0.001 -19"><span class='ocrx_word' id='word_1_787' title='bbox 2810 4483 3153 4562; x_wconf 80' lang='lat' dir='ltr'><strong>dedicavit,</strong></span> <span class='ocrx_word' id='word_1_788' title='bbox 3190 4484 3395 4549; x_wconf 84' lang='lat' dir='ltr'><strong>foedis</strong></span> <span class='ocrx_word' id='word_1_789' title='bbox 3431 4484 4017 4550; x_wconf 87' lang='lat' dir='ltr'><strong>abominationibus</strong></span> <span class='ocrx_word' id='word_1_790' title='bbox 4053 4484 4396 4567; x_wconf 81' lang='lat' dir='ltr'><strong>profanes?</strong></span> <span class='ocrx_word' id='word_1_791' title='bbox 4420 4508 4502 4552; x_wconf 92' lang='lat' dir='ltr'><strong>ne</strong></span> <span class='ocrx_word' id='word_1_792' title='bbox 4538 4487 4609 4550; x_wconf 91' lang='lat' dir='ltr'><strong>in</strong></span> <span class='ocrx_word' id='word_1_793' title='bbox 4645 4509 4751 4551; x_wconf 86' lang='lat' dir='ltr'><strong>ex·</strong></span> 
     </span>
     <span class='ocr_line' id='line_1_99' title="bbox 2810 4569 4764 4654; baseline 0.001 -20"><span class='ocrx_word' id='word_1_794' title='bbox 2810 4569 3156 4634; x_wconf 88' lang='lat' dir='ltr'><strong>secrabiles</strong></span> <span class='ocrx_word' id='word_1_795' title='bbox 3199 4571 3642 4654; x_wconf 88' lang='lat' dir='ltr'><strong>blasphemias</strong></span> <span class='ocrx_word' id='word_1_796' title='bbox 3696 4580 3884 4635; x_wconf 90' lang='lat' dir='ltr'><strong>tuum</strong></span> <span class='ocrx_word' id='word_1_797' title='bbox 3937 4591 4175 4635; x_wconf 89' lang='lat' dir='ltr'><strong>nomen</strong></span> <span class='ocrx_word' id='word_1_798' title='bbox 4221 4572 4578 4638; x_wconf 83' lang='lat' dir='ltr'><strong>inscribas?</strong></span> <span class='ocrx_word' id='word_1_799' title='bbox 4668 4573 4764 4636; x_wconf 87' lang='lat' dir='ltr'><strong>Et·</strong></span> 
     </span>
     <span class='ocr_line' id='line_1_100' title="bbox 2809 4656 4748 4740; baseline 0.002 -21"><span class='ocrx_word' id='word_1_800' title='bbox 2809 4657 3008 4721; x_wconf 87' lang='lat' dir='ltr'><strong>istaec</strong></span> <span class='ocrx_word' id='word_1_801' title='bbox 3052 4656 3300 4721; x_wconf 88' lang='lat' dir='ltr'><strong>scilicet</strong></span> <span class='ocrx_word' id='word_1_802' title='bbox 3342 4659 3558 4721; x_wconf 91' lang='lat' dir='ltr'><strong>omnia</strong></span> <span class='ocrx_word' id='word_1_803' title='bbox 3602 4659 3768 4721; x_wconf 90' lang='lat' dir='ltr'><strong>tanti</strong></span> <span class='ocrx_word' id='word_1_804' title='bbox 3825 4678 3965 4721; x_wconf 90' lang='lat' dir='ltr'><strong>esse</strong></span> <span class='ocrx_word' id='word_1_805' title='bbox 4020 4677 4214 4740; x_wconf 89' lang='lat' dir='ltr'><strong>aegre</strong></span> <span class='ocrx_word' id='word_1_806' title='bbox 4266 4658 4748 4739; x_wconf 86' lang='lat' dir='ltr'><strong>persuademur,</strong></span> 
     </span>
     <span class='ocr_line' id='line_1_101' title="bbox 2811 4742 4751 4828; baseline 0 -22"><span class='ocrx_word' id='word_1_807' title='bbox 2811 4761 2977 4823; x_wconf 89' lang='lat' dir='ltr'><strong>quac</strong></span> <span class='ocrx_word' id='word_1_808' title='bbox 3023 4761 3169 4807; x_wconf 91' lang='lat' dir='ltr'><strong>cum</strong></span> <span class='ocrx_word' id='word_1_809' title='bbox 3213 4742 3428 4825; x_wconf 86' lang='lat' dir='ltr'><strong>aliquo</strong></span> <span class='ocrx_word' id='word_1_810' title='bbox 3472 4744 3646 4808; x_wconf 89' lang='lat' dir='ltr'><strong>vitae</strong></span> <span class='ocrx_word' id='word_1_811' title='bbox 3692 4744 4008 4825; x_wconf 91' lang='lat' dir='ltr'><strong>periculo,</strong></span> <span class='ocrx_word' id='word_1_812' title='bbox 4064 4750 4177 4807; x_wconf 90' lang='lat' dir='ltr'><strong>aut</strong></span> <span class='ocrx_word' id='word_1_813' title='bbox 4223 4744 4448 4822; x_wconf 87' lang='lat' dir='ltr'><strong>etiam,</strong></span> <span class='ocrx_word' id='word_1_814' title='bbox 4498 4746 4552 4808; x_wconf 91' lang='lat' dir='ltr'><strong>si</strong></span> <span class='ocrx_word' id='word_1_815' title='bbox 4596 4765 4751 4828; x_wconf 91' lang='lat' dir='ltr'><strong>opus</strong></span> 
     </span>
     <span class='ocr_line' id='line_1_102' title="bbox 2809 4828 4751 4912; baseline 0.001 -20"><span class='ocrx_word' id='word_1_816' title='bbox 2809 4828 2913 4904; x_wconf 87' lang='lat' dir='ltr'><strong>sit,</strong></span> <span class='ocrx_word' id='word_1_817' title='bbox 2960 4828 3106 4892; x_wconf 86' lang='lat' dir='ltr'><strong>fuso</strong></span> <span class='ocrx_word' id='word_1_818' title='bbox 3153 4829 3469 4912; x_wconf 87' lang='lat' dir='ltr'><strong>sanguine</strong></span> <span class='ocrx_word' id='word_1_819' title='bbox 3513 4828 3884 4911; x_wconf 88' lang='lat' dir='ltr'><strong>fugiamus?</strong></span> <span class='ocrx_word' id='word_1_820' title='bbox 3951 4829 4095 4894; x_wconf 89' lang='lat' dir='ltr'><strong>Imo</strong></span> <span class='ocrx_word' id='word_1_821' title='bbox 4131 4850 4286 4895; x_wconf 89' lang='lat' dir='ltr'><strong>vero</strong></span> <span class='ocrx_word' id='word_1_822' title='bbox 4321 4830 4592 4905; x_wconf 89' lang='lat' dir='ltr'><strong>brevem</strong></span> <span class='ocrx_word' id='word_1_823' title='bbox 4635 4830 4751 4893; x_wconf 89' lang='lat' dir='ltr'><strong>mi-</strong></span> 
     </span>
     <span class='ocr_line' id='line_1_103' title="bbox 2809 4914 4750 4990; baseline 0.002 -14"><span class='ocrx_word' id='word_1_824' title='bbox 2809 4934 2992 4978; x_wconf 87' lang='lat' dir='ltr'><strong>serae</strong></span> <span class='ocrx_word' id='word_1_825' title='bbox 3030 4914 3228 4979; x_wconf 90' lang='lat' dir='ltr'><strong>huius</strong></span> <span class='ocrx_word' id='word_1_826' title='bbox 3265 4916 3438 4979; x_wconf 79' lang='lat' dir='ltr'><strong>vitae</strong></span> <span class='ocrx_word' id='word_1_827' title='bbox 3472 4935 3739 4978; x_wconf 87' lang='lat' dir='ltr'><strong>usuram</strong></span> <span class='ocrx_word' id='word_1_828' title='bbox 3777 4915 3982 4980; x_wconf 89' lang='lat' dir='ltr'><strong>nimio</strong></span> <span class='ocrx_word' id='word_1_829' title='bbox 4020 4917 4458 4990; x_wconf 86' lang='lat' dir='ltr'><strong>aestimamus,</strong></span> <span class='ocrx_word' id='word_1_830' title='bbox 4498 4919 4553 4981; x_wconf 85' lang='lat' dir='ltr'><strong>si</strong></span> <span class='ocrx_word' id='word_1_831' title='bbox 4588 4916 4750 4981; x_wconf 88' lang='lat' dir='ltr'><strong>tanti</strong></span> 
     </span>
    </p>
   </div>
   <div class='ocr_carea' id='block_1_23' title="bbox 2948 5218 4750 5292">
    <p class='ocr_par' dir='ltr' id='par_1_24' title="bbox 2948 5218 4750 5292">
     <span class='ocr_line' id='line_1_104' title="bbox 2948 5218 4750 5292; baseline 0.001 -16"><span class='ocrx_word' id='word_1_832' title='bbox 2948 5225 3003 5290; x_wconf 84' lang='lat'><strong>1)</strong></span> <span class='ocrx_word' id='word_1_833' title='bbox 3043 5223 3279 5277; x_wconf 82' lang='lat' dir='ltr'><strong>I&#39;entens</strong></span> <span class='ocrx_word' id='word_1_834' title='bbox 3304 5223 3424 5277; x_wconf 86' lang='lat' dir='ltr'><strong>bien</strong></span> <span class='ocrx_word' id='word_1_835' title='bbox 3464 5240 3521 5277; x_wconf 81' lang='lat' dir='ltr'><strong>ce</strong></span> <span class='ocrx_word' id='word_1_836' title='bbox 3561 5223 3718 5292; x_wconf 88' lang='lat' dir='ltr'><strong>qu’on</strong></span> <span class='ocrx_word' id='word_1_837' title='bbox 3758 5241 3792 5278; x_wconf 86' lang='lat' dir='ltr'><strong>a</strong></span> <span class='ocrx_word' id='word_1_838' title='bbox 3828 5218 4172 5278; x_wconf 72' lang='lat' dir='ltr'><strong>accoustume</strong></span> <span class='ocrx_word' id='word_1_839' title='bbox 4194 5224 4259 5279; x_wconf 91' lang='lat' dir='ltr'><strong>de</strong></span> <span class='ocrx_word' id='word_1_840' title='bbox 4281 5225 4394 5279; x_wconf 86' lang='lat' dir='ltr'><strong>dire</strong></span> <span class='ocrx_word' id='word_1_841' title='bbox 4418 5224 4512 5280; x_wconf 86' lang='lat' dir='ltr'><strong>des</strong></span> <span class='ocrx_word' id='word_1_842' title='bbox 4535 5225 4750 5279; x_wconf 83' lang='lat' dir='ltr'><strong>femmes</strong></span> 
     </span>
    </p>
   </div>
   <div class='ocr_carea' id='block_1_24' title="bbox 2754 5291 4747 5431">
    <p class='ocr_par' dir='ltr' id='par_1_25' title="bbox 2754 5291 4747 5431">
     <span class='ocr_line' id='line_1_105' title="bbox 2754 5291 4747 5362; baseline 0 -17"><span class='ocrx_word' id='word_1_843' title='bbox 2754 5331 2758 5362; x_wconf 76' lang='grc'>,</span> <span class='ocrx_word' id='word_1_844' title='bbox 2808 5293 3066 5347; x_wconf 86' lang='lat' dir='ltr'><strong>rebelles:</strong></span> <span class='ocrx_word' id='word_1_845' title='bbox 3118 5292 3241 5346; x_wconf 90' lang='lat' dir='ltr'><strong>Elle</strong></span> <span class='ocrx_word' id='word_1_846' title='bbox 3277 5291 3416 5346; x_wconf 85' lang='lat' dir='ltr'><strong>n’est</strong></span> <span class='ocrx_word' id='word_1_847' title='bbox 3462 5292 3738 5348; x_wconf 85' lang='lat' dir='ltr'><strong>tellement</strong></span> <span class='ocrx_word' id='word_1_848' title='bbox 3786 5295 4078 5360; x_wconf 83' lang='lat' dir='ltr'><strong>contraire,</strong></span> <span class='ocrx_word' id='word_1_849' title='bbox 4130 5310 4231 5361; x_wconf 90' lang='lat' dir='ltr'><strong>que</strong></span> <span class='ocrx_word' id='word_1_850' title='bbox 4280 5291 4506 5362; x_wconf 86' lang='lat' dir='ltr'><strong>i’espere</strong></span> <span class='ocrx_word' id='word_1_851' title='bbox 4554 5311 4657 5361; x_wconf 86' lang='lat' dir='ltr'><strong>que</strong></span> <span class='ocrx_word' id='word_1_852' title='bbox 4704 5295 4747 5346; x_wconf 81' lang='lat' dir='ltr'><strong>ic</strong></span> 
     </span>
     <span class='ocr_line' id='line_1_106' title="bbox 2755 5359 4613 5431; baseline 0.001 -18"><span class='ocrx_word' id='word_1_853' title='bbox 2755 5395 2758 5402; x_wconf 27' lang='grc' dir='ltr'><em>ν</em></span> <span class='ocrx_word' id='word_1_854' title='bbox 2809 5359 3011 5431; x_wconf 81' lang='lat' dir='ltr'><strong>l’auray</strong></span> <span class='ocrx_word' id='word_1_855' title='bbox 3043 5367 3250 5416; x_wconf 77' lang='lat' dir='ltr'><strong>tantost</strong></span> <span class='ocrx_word' id='word_1_856' title='bbox 3288 5363 3526 5431; x_wconf 66' lang='lat' dir='ltr'><strong>gaignee.</strong></span> <span class='ocrx_word' id='word_1_857' title='bbox 3604 5361 3694 5416; x_wconf 77' lang='lat' dir='ltr'><strong>Sic</strong></span> <span class='ocrx_word' id='word_1_858' title='bbox 3731 5363 3930 5429; x_wconf 70' lang='lat' dir='ltr'><strong>optime</strong></span> <span class='ocrx_word' id='word_1_859' title='bbox 3964 5365 4360 5429; x_wconf 72' lang='lat' dir='ltr'><strong>interpretatur</strong></span> <span class='ocrx_word' id='word_1_860' title='bbox 4403 5361 4613 5416; x_wconf 71' lang='lat' dir='ltr'><strong>Gallus.</strong></span> 
     </span>
    </p>
   </div>
  </div>
 </body>
</html>
