5100 6061
2039 451 2693 523 PROLEGOMEN
2693 457 2777 524 A.
4321 465 4432 530 XI

404 666 591 713 suam
632 666 756 712 non
798 645 980 711 dictis
1022 645 1241 725 solum,
1286 645 1395 711 sed
1437 645 1692 727 scrsptis
1734 645 1923 710 etiam
1968 663 2042 709 ac
2077 642 2266 723 factis
2307 647 2595 708 testatam
2634 644 2796 726 fecit,
2846 650 2915 709 ut
2955 644 3195 726 multos,
3239 645 3586 728 ubicunque
3627 654 3911 716 versatus
3952 656 4059 731 est,
4101 652 4428 736 reliquerit

409 764 590 825 testes
638 758 774 823 eius
828 757 1091 822 liminis
1149 757 1313 839 quod
1370 760 1684 837 acceptum
1733 776 1777 820 a
1818 754 1957 821 Deo
2012 755 2296 834 caeteris,
2353 757 2656 836 quantum
2705 756 2776 819 in
2827 776 2894 821 se
2939 757 3095 838 fuit,
3148 760 3638 824 communicavit.
3733 761 3908 841 Quod
3948 763 4011 827 si
4041 770 4330 848 prompto
4371 773 4428 832 et

408 869 608 937 alacri
648 869 862 934 animo
906 867 1258 934 Dominum
1298 873 1606 933 vocantem
1648 871 1946 949 sequutus
1989 871 2095 947 est,
2153 885 2227 930 ac
2263 866 2436 931 viam
2475 864 2662 931 semel
2708 866 3025 949 inyressus
3079 888 3188 935 nec
3228 870 3524 953 lanquori
3563 891 3670 938 nec
3711 872 3833 938 otio
3874 894 3941 940 se
3984 874 4257 944 dedidit.-
4300 897 4426 960 quo

412 983 600 1047 etiam
640 980 846 1064 mayis
877 1000 1252 1063 proqressus
1294 985 1384 1044 est
1425 984 1480 1044 et
1516 980 1838 1063 qraviores
1880 979 2183 1044 sustinuit
2213 997 2499 1061 puqnas,
2559 998 2628 1042 eo
2669 977 2993 1044 ardentius
3034 981 3104 1044 in
3146 980 3255 1047 hoc
3297 981 3578 1047 instituto
3609 987 4050 1065 perseveravit.
4145 987 4292 1055 Non
4332 1010 4430 1055 re-

405 1096 614 1179 feram
654 1092 908 1176 sinyula
950 1111 1108 1174 quae
1149 1091 1279 1158 alio
1320 1092 1446 1157 loco
1486 1091 1783 1173 fortassis
1825 1091 2073 1172 aptiora
2127 1096 2320 1156 erunt.
2414 1088 2538 1155 Sed
2591 1090 2739 1155 haec
2788 1090 2949 1155 mihi
3000 1108 3164 1155 nunc
3204 1094 3687 1177 perstrinqenda
3729 1098 3988 1178 putavi,
4047 1120 4170 1182 quo
4222 1101 4434 1183 mayis

402 1205 811 1291 perspicuum
858 1205 943 1269 sit
994 1204 1308 1284 omnibus,
1364 1223 1487 1268 non
1531 1203 1789 1284 frustra
1834 1203 2078 1268 collecta
2129 1222 2260 1267 esse
2317 1203 2389 1267 in
2439 1221 2640 1267 unum
2696 1221 2917 1283 corpus
2960 1203 3258 1283 opuscula
3299 1225 3456 1287 quae
3500 1227 3542 1270 a
3583 1211 3753 1273 tanto
3793 1209 3933 1276 viro
3976 1211 4111 1275 iam
4154 1210 4232 1276 ab
4275 1217 4430 1278 octo-

407 1319 604 1385 decim
649 1317 839 1383 annis
880 1316 1141 1381 subinde
1174 1316 1455 1398 profecta
1498 1320 1657 1380 sunt.
1749 1314 1923 1379 Nam
1977 1315 2253 1380 maximo
2306 1316 2457 1381 usui
2510 1320 2692 1379 erunt
2745 1315 2835 1379 iis
2888 1314 3241 1381 exercendis
3283 1321 3337 1380 et
3375 1317 3823 1398 confimandis
3865 1322 3980 1404 qui
4025 1323 4111 1389 ad
4148 1323 4432 1388 veritatis

398 1430 965 1514 propuqnationem
1021 1419 1169 1494 sese‘
1203 1429 1544 1511 accinyunt.
1639 1425 1818 1507 Quod
1867 1431 1935 1490 ut
1985 1447 2056 1491 re
2109 1428 2256 1507 ipsa
2311 1426 2550 1507 experti
2601 1431 2748 1492 sunt
2803 1427 2859 1490 ii
2911 1427 3027 1506 qui
3072 1426 3346 1492 studiose
3401 1449 3476 1492 ea
3529 1428 3825 1511 leyerunt,
3879 1434 3973 1497 ita
4026 1454 4259 1513 omnes,
4314 1436 4429 1519 qui

408 1544 615 1609 eodem
657 1540 864 1605 studio
904 1541 1229 1619 ducentur,
1284 1539 1449 1604 idem
1506 1543 1862 1619 experturos
1903 1558 2080 1618 spero
2125 1558 2198 1602 ac
2240 1537 2488 1619 confido.
2586 1538 2731 1603 Non
2789 1537 2942 1602 levis
2995 1543 3206 1603 autem
3261 1537 3488 1619 fuisset
3543 1540 3785 1605 iactura
3799 1592 3813 1621 ,
3857 1544 4193 1626 plerosque
4234 1544 4428 1611 libros

411 1655 525 1736 qui
563 1653 670 1719 hoc
711 1672 890 1734 opere
928 1653 1315 1716 continentur
1357 1651 1631 1729 interire,
1673 1649 1838 1731 quod
1873 1648 2080 1731 facile,
2122 1655 2196 1714 ut
2232 1650 2388 1715 aliis
2418 1650 2758 1731 plerisque,
2805 1648 3145 1729 accidisset,
3189 1649 3252 1714 si
3283 1669 3524 1733 semper
3559 1653 3767 1717 excusi
3804 1655 4068 1720 seorsim
4101 1675 4177 1721 ac
4208 1656 4430 1737 sparsi

410 1770 623 1831 essent.
717 1764 893 1828 Nam
936 1763 1049 1828 etsi
1081 1764 1421 1846 perexiqui
1460 1769 1608 1827 sunt
1650 1763 1964 1842 nonnulli,
2017 1760 2362 1827 uberrimos
2418 1766 2624 1826 tamen
2674 1760 2925 1842 fructus
2956 1763 3257 1842 pariunt,
3311 1766 3368 1827 et
3423 1762 3768 1830 doctrinam
3816 1766 4084 1831 saeculis
4143 1768 4430 1834 omnibus

411 1876 867 1942 accommodam
908 1874 1437 1956 comprehendunt.
1526 1876 1626 1939 Ac
1667 1876 1957 1956 quamvis
1986 1875 2309 1956 plerisque
2349 1872 2497 1938 haec
2538 1874 2920 1953 temporaria
2970 1874 3173 1939 videri
3216 1875 3466 1955 possint
3481 1925 3495 1954 ,
3548 1874 3898 1940 doctrinam
3947 1881 4153 1943 tamen
4208 1879 4428 1943 utilem

409 2009 487 2054 ac
514 1992 887 2069 perpetuam
930 1986 1199 2066 tradunt,
1243 2006 1368 2067 qua
1400 1986 1506 2068 pii
1545 2006 1666 2050 non
1704 1986 1926 2052 ¹minus
1965 1988 2036 2051 in
2067 1991 2388 2069 posterum
2428 2004 2621 2066 quam
2662 1984 2770 2050 hoc
2810 1986 3078 2068 tempore
3119 1986 3424 2051 adversus
3464 1986 3770 2070 evanyelii
3808 1986 4010 2054 hostes
4041 1991 4427 2056 muniantur.

419 2099 595 2165 Nam
635 2104 706 2164 ut
744 2099 1060 2178 videmus,
1105 2119 1180 2163 ea
1220 2118 1382 2178 quae
1425 2098 1827 2181 Auyustinus
1869 2100 2108 2181 aliique
2148 2096 2352 2164 sancti
2393 2118 2468 2162 ac
2510 2095 2768 2163 celebres
2810 2097 2940 2162 viri
2982 2097 3129 2162 olim
3173 2098 3480 2164 adversus
3522 2097 3831 2163 idolorum
3871 2099 4162 2179 cultores,
4217 2100 4428 2167 haere-

413 2213 569 2277 ticos
623 2230 698 2275 ac
750 2211 1105 2275 seductores
1155 2210 1562 2290 scriniserunt,
1614 2209 1794 2275 nobis
1845 2211 2024 2276 hodie
2075 2210 2352 2275 maximo
2406 2210 2557 2274 usui
2611 2228 2767 2289 esse,
2827 2227 2904 2273 ne
2956 2208 3303 2275 dubitemus
3346 2210 3500 2290 quin
3550 2208 3620 2273 hi
3669 2209 3822 2275 libri
3863 2230 4247 2294 summopere
4276 2232 4431 2293 pro-

411 2323 620 2406 futuri
672 2322 800 2386 sint
839 2322 1144 2404 posteris,
1190 2320 1413 2402 quibus
1451 2323 1746 2415 yraviora
1778 2323 2054 2405 profecto
2095 2322 2255 2387 bella
2296 2321 2664 2387 sustinenda
2705 2325 2884 2386 erunt
2899 2370 2914 2399 ,
2966 2340 3075 2387 nec
3127 2340 3269 2387 cum
3321 2322 3517 2387 unius
3569 2324 3812 2387 tantum
3863 2323 4111 2406 yeneris
4151 2322 4430 2390 hostibus

413 2436 848 2501 decertandum
890 2434 1025 2498 erit.
1118 2432 1299 2498 Nova
1344 2434 1413 2497 in
1455 2434 1592 2500 dies
1632 2455 1913 2499 errorum
1944 2438 2235 2517 portenta
2256 2434 2444 2514 parit
2484 2433 2787 2513 diabolus,
2830 2438 3034 2499 vetera
3075 2433 3264 2500 etiam
3305 2439 3559 2499 renovat
3590 2438 3776 2515 atque
3808 2435 4159 2517 interpolat,
4204 2440 4260 2499 et
4299 2440 4431 2501 tam

415 2547 685 2628 specioso
725 2545 923 2610 colore
965 2546 1110 2629 teqit
1152 2549 1222 2609 ut
1263 2565 1589 2627 nunquam
1630 2547 1943 2612 exstitisse
1982 2547 2328 2611 videantur.
2416 2544 2719 2627 Artificia
2759 2546 2931 2611 mira
2985 2546 3285 2628 excoyitat
3297 2595 3313 2626 ,
3368 2545 3596 2627 quibus
3645 2546 3967 2610 veritatem
4007 2551 4118 2610 aut
4159 2546 4434 2614 obscuret

414 2664 527 2723 aut
563 2660 913 2739 suspectam
956 2661 1138 2738 atque
1179 2658 1457 2722 invisam
1496 2658 1734 2722 reddat.
1830 2657 2232 2739 Quamobrem
2273 2657 2376 2722 his
2418 2657 2861 2722 certaminibus
2900 2657 3173 2723 exerceri
3211 2677 3449 2723 necesse
3491 2662 3593 2736 est,
3635 2661 3707 2720 ut
3739 2657 4018 2723 insidias
4060 2659 4197 2724 eius
4230 2659 4431 2725 vitare

413 2776 472 2837 et
508 2769 917 2852 fraudulenta
959 2768 1229 2834 consilia
1269 2769 1538 2852 deteyere
1564 2771 1919 2851 possimus.-
1960 2776 2017 2835 et
2055 2790 2248 2852 quum
2287 2789 2519 2835 manus
2560 2769 2966 2836 conserendae
3004 2774 3203 2850 erunt,
3244 2769 3396 2851 forti
3439 2773 3498 2833 et
3531 2769 3756 2833 invicto
3789 2769 4001 2833 animo
4036 2769 4431 2853 obsistamus,

415 2903 495 2949 ac
536 2881 921 2963 confidamus
960 2881 1096 2962 fore
1147 2885 1218 2945 ut
1257 2879 1600 2961 Dominus,
1652 2882 1844 2947 sicuti
1896 2883 2177 2947 admonet
2222 2880 2503 2959 Paulus,
2553 2879 2863 2946 Satanam
2915 2880 3030 2946 sub
3071 2881 3270 2962 pedes
3321 2886 3561 2947 nostros
3611 2879 3781 2945 brevi
3831 2885 4115 2947 conterat.
4207 2881 4434 2964 Itaque

414 2996 665 3080 insiqne
705 2994 1054 3077 exenmlum
1095 2995 1166 3058 in
1208 2992 1318 3058 hoc
1348 2995 1705 3076 praestanti
1747 2993 2030 3060 ecclesiae
2062 2998 2318 3076 pastore
2357 2990 2530 3058 nobis
2574 2994 2982 3076 proponitur,
3037 2993 3150 3075 qui
3205 3012 3345 3058 cum
3395 2992 3603 3059 variis
3660 2990 3938 3059 hostibus
3991 3012 4433 3074 saepenumero

412 3127 778 3192 cariffi-essus
821 3111 931 3171 est.
1024 3105 1156 3172 Nec
1198 3107 1363 3170 enim
1402 3107 1601 3170 unius
1636 3107 1880 3190 qeneris
1921 3106 2121 3173 hostes
2162 3106 2471 3189 neqotium
2512 3104 2690 3170 nobis
2726 3105 3057 3186 facessunt.
3150 3105 3338 3171 Nunc
3392 3105 3470 3169 ab
3527 3104 3758 3170 exteris
3810 3105 4203 3187 impetimur,
4262 3125 4430 3171 nunc

412 3239 459 3285 a
502 3218 872 3297 domesticis,
916 3217 1024 3284 hoc
1066 3223 1155 3283 est
1196 3216 1275 3282 ab
1315 3218 1405 3282 iis
1444 3218 1558 3298 qui
1598 3219 1799 3283 nostri
1839 3218 2044 3284 videri
2085 3218 2308 3296 volunt,
2353 3237 2546 3298 quum
2585 3221 2791 3281 tamen
2829 3216 3209 3282 alienissimi
3251 3222 3436 3299 atque
3478 3217 3912 3283 inimicissimi
3950 3218 4094 3283 sint.
4167 3215 4428 3298 Qualem

414 3352 483 3397 se
525 3333 829 3398 adversus
869 3333 1107 3426 exteros
1163 3335 1217 3394 et
1270 3334 1513 3410 apertos
1564 3328 1762 3394 hostes
1809 3332 2067 3413 qesserit
2117 3334 2322 3395 noster
2369 3326 2701 3407 Calvinus,
2760 3332 2831 3393 ut
2883 3348 3050 3393 nunc
3100 3328 3458 3394 insolentem
3504 3326 3727 3412 Piyhii
3780 3330 4218 3413 arroyantiam
4270 3328 4433 3394 cohi-

412 3444 649 3522 buerit,
703 3461 867 3507 nunc
897 3441 1166 3522 putidas
1212 3440 1485 3505 Sadoleti
1527 3439 1871 3506 blanditias
1912 3446 1969 3506 et
2001 3441 2356 3509 calumnias
2392 3440 2678 3520 diluerit,
2722 3459 2889 3505 nunc
2935 3439 3299 3506 Sorbonieos
3341 3458 3615 3506 censores
3666 3442 3993 3507 convicerit
4042 3441 4331 3508 inscitiae
4375 3446 4433 3506 et

412 3554 839 3637 impudentiae
871 3574 1041 3634 suae,
1080 3571 1247 3618 nunc
1285 3550 1556 3618 Concilio
1596 3553 1960 3618 Tridentino
1993 3551 2241 3618 larvam
2271 3553 2649 3619 detraxerit.-
2688 3553 2953 3634 denique
2996 3557 3064 3616 ut
3096 3571 3335 3634 semper
3368 3554 3702 3619 occurrerit
3734 3553 3993 3619 insidiis
4027 3553 4431 3633 Antichristi,

413 3669 767 3750 impiaeque
807 3666 948 3730 eius
989 3665 1314 3747 tyrannidi
1354 3684 1487 3729 sese
1529 3660 1927 3747 opposuerit,
1958 3686 2035 3730 ac
2074 3665 2322 3730 tandem
2361 3669 2434 3730 ut
2475 3665 2764 3730 lenonum
2804 3664 2971 3742 eius,
3024 3663 3133 3730 hoc
3187 3670 3280 3730 est
3323 3664 3894 3745 Interimistarwm,
3949 3665 4204 3747 laqueos
4262 3665 4428 3732 dire-

413 3780 617 3860 merit,
656 3778 725 3842 hi
766 3778 916 3842 libri
954 3777 1142 3858 faede
1184 3775 1562 3841 indicabunt.
1658 3774 1783 3842 Sed
1824 3796 1964 3840 cum
2017 3776 2170 3842 aliis
2224 3776 2412 3842 etiam
2464 3775 2741 3844 hostibus
2792 3795 2916 3840 non
2969 3776 3184 3841 minus
3225 3777 3604 3858 perniciosis
3644 3778 3703 3841 ei
3745 3779 4055 3884 neqotiirm
4101 3779 4262 3858 fuit.-
4315 3779 4429 3859 qui

415 3911 613 3974 quum
653 3889 935 3953 veritatis
969 3888 1250 3969 fautores
1282 3887 1484 3952 videri
1525 3886 1737 3967 velint,
1792 3907 2030 3954 errores
2070 3887 2480 3954 nihilominus
2524 3893 2580 3953 et
2621 3887 2950 3953 mendacia
3002 3888 3369 3968 admiscent,
3425 3888 3650 3970 quibus
3701 3889 3913 3953 omnia
3945 3872 4312 3970 pervertunt
4353 3909 4431 3955 ac

417 4006 838 4084 corrumpunt.
934 3999 1460 4081 Quemadmodum
1514 4000 1569 4063 ii
1622 4001 1731 4080 qui
1782 4020 1861 4065 ex
1909 4000 2478 4083 Anabaptistarum
2527 4020 2745 4084 qenere
2795 4000 2996 4066 exorti
3045 4019 3276 4063 novum
3327 4000 3497 4065 necis
3545 4020 3744 4083 yenus
3783 4000 4019 4064 animis
4061 3999 4427 4081 inferebant,

415 4115 748 4180 suadentes
788 4132 853 4177 se
895 4111 1004 4177 hoc
1045 4110 1223 4177 modo
1252 4112 1616 4194 puryatorii
1656 4113 2019 4196 flymentum
2059 4111 2449 4178 sublaturos.-
2490 4132 2565 4176 ac
2605 4114 2667 4177 si
2707 4131 2881 4177 error
2922 4131 3126 4176 errore
3165 4110 3298 4176 tolli
3327 4117 3553 4193 posset.
3643 4109 3803 4176 Cum
3844 4112 3932 4176 iis
3961 4112 4252 4193 primum
4291 4112 4432 4178 Au-

415 4225 616 4293 reliae
657 4243 1048 4311 conyressus,
1106 4228 1234 4287 tam
1277 4224 1512 4305 apertis
1553 4224 1905 4306 scripturae
1958 4225 2329 4290 testimoniis
2386 4244 2603 4290 eorum
2654 4223 2885 4289 deliria
2938 4223 3299 4305 confutavit,
3356 4228 3425 4287 ut
3474 4223 3688 4288 statim
3737 4242 3952 4288 eorum
4003 4223 4208 4303 virus,
4265 4225 4431 4307 quod

415 4337 669 4419 lonyius
707 4335 1002 4416 serpebat,
1044 4335 1436 4418 represserit.-
1473 4339 1656 4417 atque
1693 4336 1787 4401 sic
1829 4355 2005 4418 opem
2046 4335 2187 4401 tulit
2229 4335 2447 4402 multis
2483 4356 2745 4420 quorum
2782 4336 2988 4401 animi
3029 4335 3164 4401 iam
3205 4336 3471 4419 ancipiti
3513 4335 3873 4417 coqitatione
3905 4334 4431 4418 distrahebantur,

412 4454 492 4513 ut
530 4449 720 4513 etiam
760 4447 1034 4512 docuerit
1075 4468 1148 4511 ea
1190 4467 1346 4527 quae
1389 4446 1674 4512 omnibus
1728 4448 1997 4514 saeculis
2039 4448 2340 4531 prodesse
2383 4454 2441 4514 et
2480 4469 2654 4532 spem
2709 4448 2920 4513 beatae
2977 4468 3053 4514 ac
3102 4447 3473 4512 immortalis
3527 4447 3692 4511 vitae
3743 4447 4111 4528 confirmare
4156 4450 4424 4531 possint.

419 4560 658 4626 Postea
698 4579 889 4641 quum
932 4559 1161 4624 videret
1190 4559 1534 4641 plurimos,
1591 4558 1816 4640 quibus
1866 4565 2014 4625 nota
2056 4566 2190 4625 erat
2231 4561 2361 4627 Dei
2398 4561 2659 4640 veritas,
2718 4559 3127 4626 nihilominus
3179 4580 3245 4624 se
3297 4559 3590 4642 nefandis
3646 4558 3988 4640 impiorum
4037 4562 4244 4626 sacris
4287 4560 4428 4645 pol-

414 4672 614 4752 luere,
658 4671 985 4763 maqisque
1024 4670 1424 4752 fortunarum
1466 4675 1577 4735 aut
1616 4671 1782 4735 vitae
1823 4671 2128 4736 rationem
2168 4671 2391 4737 habere
2430 4692 2624 4754 quam
2655 4671 2812 4752 Dei,
2867 4692 2968 4738 eos
3022 4672 3256 4738 aculeis
3307 4671 3476 4736 verbi
3528 4670 3941 4736 stimulandos
3997 4692 4072 4738 ac
4124 4677 4255 4736 tum
4283 4674 4431 4753 pri-

414 4785 618 4850 vatim
656 4788 789 4848 tum
821 4782 1073 4865 publice
1115 4782 1467 4848 excitandos
1498 4783 1786 4864 putavit.-
1826 4803 1903 4848 ne
1943 4783 2380 4867 deyenerarent
2422 4784 2698 4863 tandm,
2731 4784 3056 4865 lumenque
3096 4781 3259 4847 illud
3301 4781 3590 4847 divinum
3631 4783 3795 4865 quod
3836 4784 3907 4848 in
3947 4784 4182 4848 animis
4214 4803 4429 4849 eorum

416 4914 752 4962 accensum
795 4898 932 4960 erat
973 4895 1446 4977 exstinquerent.
1536 4894 1777 4978 Itaque,
1820 4899 1892 4958 ut
1931 4895 2094 4976 quod
2119 4895 2433 4977 privatim
2474 4897 2734 4978 saepius
2775 4898 3100 4961 monuerat
3129 4893 3378 4976 publice
3433 4914 3671 4976 quoque
3723 4899 4077 4975 testaretur,
4135 4895 4429 4976 epistolas

416 5008 589 5074 duas
622 5007 841 5085 edidit,
898 5027 1058 5089 quas
1099 5006 1175 5071 de
1216 5004 1333 5072 hac
1374 5027 1442 5072 re
1484 5008 1571 5074 ad
1613 5006 1913 5089 quosdam
1967 5007 2200 5072 ami'cos
2256 5028 2334 5071 ex
2378 5006 2582 5073 Italia
2629 5007 2994 5087 scripserat,
3048 5010 3119 5070 ut
3171 5026 3364 5088 quam
3418 5006 3845 5072 detestandum
3899 5006 3984 5070 sit
4036 5025 4247 5072 coram
4289 5007 4430 5074 Deo

418 5118 819 5185 idololatriae
859 5120 1108 5198 crimen,
1152 5137 1359 5183 ornnes
1401 5117 1819 5202 intelliqerent.
1914 5118 2158 5184 Graves
2199 5125 2344 5184 tunc
2386 5120 2641 5185 auditae
2695 5122 2841 5182 sunt
2894 5118 3320 5199 querimoniae
3373 5117 3736 5196 multorum,
3794 5116 3906 5198 qui
3960 5137 4025 5182 se
4080 5117 4176 5182 ita
4217 5120 4432 5203 punyi

424 5236 613 5313 atque
654 5251 686 5294 e
728 5234 965 5296 veterno
1003 5252 1117 5296 suo
1159 5229 1427 5295 excitari
1467 5249 1648 5312 aeqre
1686 5229 1979 5312 ferebant,
2022 5231 2211 5313 quasi
2252 5232 2522 5296 severior
2564 5250 2637 5296 ac
2678 5228 2949 5312 rigidior
2991 5250 3139 5314 erqa
3178 5230 3355 5312 ipsos
3402 5227 3706 5295 Calvinus
3759 5231 3930 5292 esset.
4020 5228 4146 5295 Sed
4200 5229 4285 5294 iis
4336 5250 4432 5295 re-

406 5342 848 5426 puqnantibus
888 5347 1070 5425 atque
1113 5342 1335 5408 invitis
1375 5344 1615 5407 tantum
1654 5343 1795 5408 suis
1838 5341 2363 5409 exhortationibus
2421 5342 2639 5424 effecit,
2697 5346 2767 5405 ut
2809 5341 3084 5423 plurimi
3136 5342 3251 5426 qui
3297 5340 3515 5422 fucum
3554 5340 3689 5407 Deo
3740 5338 3981 5422 sibique
4010 5342 4206 5423 prius
4241 5342 4435 5424 facie-

3942 5443 4020 5494 ῃ*
