5100 6061
340 409 458 470 353

723 593 849 658 DE
893 591 1914 691 EXCOMMUNIOATIONE.·

505 715 1118 782 Excommunicatio
1165 724 1281 792 est,
1329 735 1459 795 qua
1502 711 1930 792 manifestarii
1967 719 2278 775 scortato-

338 825 456 880 reS,
496 802 798 880 adulteri,
835 803 1030 878 fures,
1070 800 1448 877 homicidae,
1486 800 1687 875 avari,
1727 817 2013 880 rapaces,
2052 797 2277 877 iniqui,

335 891 727 972 nugatores,
773 896 1236 953 comessatores
1255 938 1269 962 ,
1318 885 1581 962 ebriosi,
1628 882 1934 961 seditiosi,
1983 881 2277 946 decocto-

335 998 455 1053 res,
502 987 848 1058 postquam
891 972 1204 1037 admoniti
1250 992 1382 1035 non
1429 972 1865 1054 resipuerunt,
1913 989 1949 1031 e
1983 966 2277 1032 fidelium

335 1062 674 1140 consortio,
719 1057 1080 1125 secundum
1113 1059 1386 1122 Domini
1425 1064 1568 1135 [pag.
1596 1063 1699 1132 49]
1739 1053 2123 1119 mandatum
2161 1053 2276 1117 eii-

336 1149 609 1214 ciantur.
696 1146 847 1210 Non
899 1145 1068 1226 quod
1139 1145 1208 1207 in
1266 1155 1652 1227 perpetuam
1715 1144 1975 1204 ruinam
2034 1160 2109 1202 ac
2164 1138 2275 1203 de-

334 1233 769 1317 sperationem
814 1252 922 1295 eos
970 1230 1242 1294 ecclesia
1286 1231 1611 1305 coniiciat,
1659 1226 1772 1292 sed
1819 1247 2044 1290 eorum
2069 1225 2276 1288 vitam

335 1339 409 1384 ac
451 1340 668 1382 mores
713 1316 1009 1381 damnat:
1057 1327 1122 1379 et
1154 1316 1284 1379 nisi
1329 1314 1740 1396 resipuerint,
1789 1332 1898 1376 eos
1942 1311 2072 1375 iam
2118 1331 2276 1374 suae

336 1406 774 1469 damnationis
819 1413 1030 1468 certos
1074 1402 1242 1465 facit.
1315 1402 1438 1464 Est·
1474 1411 1692 1463 autem
1728 1398 1890 1461 haec
1935 1396 2277 1478 disciplina

333 1491 477 1555 idco
536 1491 904 1555 necessaria
957 1488 1130 1551 inter
1170 1486 1424 1563 fidelos,
1484 1484 1654 1566 quod
1711 1483 1984 1549 eeclesia
2041 1502 2277 1564 corpus

336 1577 588 1642 Christi
609 1598 807 1657 quum
847 1577 949 1647 sit,
997 1573 1314 1637 eiusmodi
1347 1571 1605 1635 foetidis
1644 1569 1952 1633 membris
1986 1568 2188 1650 pollui
2212 1575 2278 1631 et

337 1663 764 1729 contaminari
812 1684 940 1723 nou
989 1659 1208 1734 debet,
1255 1679 1419 1740 quae
1464 1660 1532 1721 in
1576 1655 1804 1738 capitis
1850 1653 2130 1718 dedecus
2175 1674 2278 1716 re-

336 1748 577 1815 cidunt.
669 1746 927 1811 Deinde
973 1767 1057 1808 ne
1099 1743 1413 1810 eiusmodi
1459 1743 1898 1825 improborum
1938 1751 2280 1805 consuetu-

338 1835 505 1909 dine,
543 1832 712 1916 quod
751 1833 1011 1896 evenire
1045 1832 1222 1906 solet,
1272 1833 1478 1895 sancti
1514 1837 2035 1909 corrumpantur.
2105 1825 2278 1890 Con-

337 1922 514 1987 ducit
560 1931 624 1983 et
666 1920 746 1983 iis
790 1920 964 2000 ipsis,
1016 1938 1201 1981 suam
1246 1915 1602 1997 nequitiam
1646 1915 1740 1977 ita
1783 1911 2120 1995 castigari,
2167 1911 2279 1993 qui

337 2008 578 2089 alioqui
608 2004 1016 2090 indulgentia
1048 2003 1505 2067 obstinatiores
1540 2003 1792 2075 fierent,
1824 2019 1999 2063 nunc
2032 1996 2277 2079 pudore

222 2113 226 2126 ’
337 2094 584 2159 confusi
624 2092 1004 2180 resipiscere
1050 2089 1326 2153 discunt.
1369 2086 1590 2167 'Quod
1637 2087 1691 2150 si
1725 2086 2121 2149 obtineatur:
2169 2101 2276 2146 eos

334 2179 405 2243 in
438 2173 960 2242 communionem
996 2173 1276 2257 benigne
1311 2174 1583 2237 eeclesia
1629 2171 1879 2253 recipit,
1915 2192 1990 2234 ac
2022 2171 2092 2232 in
2125 2190 2276 2251 pai·-

338 2266 777 2347 ticipationem
837 2263 975 2325 eius
1030 2261 1331 2336 unitatis,
1388 2281 1428 2321 a
1472 2280 1599 2340 qua
1657 2255 2079 2320 exterminati
2136 2257 2276 2318 fue-

336 2363 499 2415 rant.
589 2350 690 2413 Ne
734 2350 877 2431 quis
933 2357 1150 2410 autem
1207 2347 1512 2410 ecclesiae
1566 2343 1876 2408 iudicium
1939 2350 2277 2406 contuma-

340 2439 498 2502 citer
542 2442 839 2518 spernat,
902 2441 1015 2497 aut
1072 2433 1257 2514 parvi
1302 2431 1633 2506 aestimet,
1695 2450 1763 2492 se
1807 2426 2097 2491 fidelium
2144 2427 2278 2490 suf-

338 2522 563 2605 fragiis
604 2521 1014 2594 damnatum,
1064 2525 1345 2582 testatur
1389 2517 1740 2590 Dominus,
1800 2514 1928 2577 tale
1989 2513 2280 2577 fidelium

339 2608 648 2672 iudicium
695 2627 826 2670 non
874 2605 1049 2668 aliud
1095 2625 1254 2681 esse,
1301 2623 1496 2685 quam
1541 2599 1904 2665 sententiae
1939 2620 2095 2662 suae
2127 2618 2279 2679 pro-

338 2694 838 2777 mulgationem,
897 2701 1241 2772 ratumque
1298 2687 1525 2752 haberi
1571 2689 1638 2750 in
1685 2685 1908 2762 coeliS,
1966 2683 2137 2766 quod
2184 2683 2280 2747 illi
2331 2721 2334 2740 .

338 2782 404 2844 in
461 2791 638 2843 terra
692 2779 963 2860 egerint.
1051 2776 1322 2840 Habent
1379 2774 1555 2838 enim
1615 2772 1886 2836 verbum
1941 2772 2097 2847 Dei,
2155 2791 2281 2851 quo

337 2886 674 2948 perversos
719 2864 1057 2940 damnent3
1104 2860 1350 2926 habent
1387 2861 1676 2935 verbum,
1723 2878 1850 2940 quo
1895 2857 2280 2939 resipiscen-

339 2962 432 3017 tes
474 2952 546 3015 in
591 2951 871 3035 gratiam
915 2947 1234 3029 recipiant
1278 2946 1547 3029 (Matth.
1597 2948 1692 3023 18,
1737 2945 1863 3027 le).

906 3155 1032 3219 DE
1077 3151 1707 3219 MAGISTRATU.

504 3294 1016 3376 Magistratuum
1065 3291 1463 3355 functionem
1519 3310 1650 3353 non
1706 3288 1898 3352 modo
1954 3287 2077 3352 sibi
2129 3307 2283 3368 pro-

339 3381 494 3457 bari,
542 3388 1000 3461 acceptamque
1058 3397 1224 3452 esse,
1272 3383 1551 3439 testatus
1608 3385 1708 3438 est
1765 3373 2123 3450 Dominus,
2169 3371 2284 3437 sed

339 3467 709 3530 honorificis
743 3466 1014 3545 insuper
1049 3462 1277 3546 elogiis
1323 3463 1462 3525 eius
1499 3459 1888 3543 dignitatem
1925 3479 2285 3541 prosequu-
2336 3482 2339 3533 1

339 3562 460 3629 tus,
504 3553 780 3616 mirifice
816 3549 1003 3613 nobis
1039 3546 1539 3614 commendavit.
1608 3546 1780 3609 Nam
1817 3552 1883 3609 et
1925 3543 2285 3626 sapientiae

339 3660 490 3703 suae
547 3659 708 3720 opus
754 3658 896 3700 esse
941 3635 1259 3709 affirmat,
1307 3632 1476 3715 quod
1522 3652 1711 3714 reges
1755 3639 2066 3714 regnant,
2111 3628 2283 3711 quod

339 3724 688 3789 consiliarii
724 3723 894 3786 iusta
926 3720 1303 3796 decernunt,
1338 3717 1507 3800 quod
1540 3718 1872 3800 magnifici
1895 3727 2108 3781 terrae
2131 3724 2287 3779 sunt

339 3810 578 3875 iudices
631 3810 850 3891 (Prov.
892 3813 949 3884 8,
997 3808 1131 3888 15):
1180 3816 1246 3869 et
1304 3804 1455 3869 alibi
1501 3803 1652 3868 deos
1697 3813 2032 3884 nuncupat
2076 3800 2282 3880 (Psal.

341 3899 437 3974 82,
476 3897 566 3971 6'),
625 3895 929 3978 quoniam
971 3892 1312 3975 negotium
1355 3911 1546 3954 suum
1591 3899 1857 3972 gerunt,
1917 3888 2041 3952 alio
2087 3888 2284 3951 etiam

338 3980 475 4046 loeo
535 3987 682 4059 [pag.
733 3994 809 4043 50
822 3987 836 4057 Ι
899 3978 1214 4043 iudicium
1259 3997 1374 4058 pro
1421 3975 1581 4052 Dee,
1641 3997 1775 4038 non
1823 3995 1942 4057 pro
1998 3974 2280 4051 homine,

338 4088 639 4131 exercere
684 4065 991 4131 dicuntur
1024 4064 1251 4148 (Deut.
1288 4068 1337 4139 l,
1371 4061 1495 4145 17).
1565 4062 1655 4125 Et
1695 4060 1941 4125 Paulus
1970 4063 2012 4139 ¹)
2062 4060 2281 4143 (Rom.

345 4156 437 4230 12,
468 4158 555 4234 7),
594 4153 755 4215 inte-r
777 4151 907 4215 Dei
941 4151 1118 4227 dona,
1143 4150 1578 4229 praefecturas
1614 4147 1907 4210 nominat.
1980 4145 2103 4210 Ubi
2126 4166 2282 4209 vero

336 4237 696 4322 longiorem
732 4238 805 4301 de
824 4239 909 4301 iis
944 4236 1422 4316 disputatimiem
1455 4234 1740 4309 instituit,
1779 4231 2135 4297 clarissime
2170 4230 2284 4294 do-

476 4477 534 4539 1)
574 4475 756 4537 Instit.
788 4494 843 4545 p.
878 4474 996 4528 476.

1988 402 2664 471 OATECHISMUS.

2327 1853 2334 2254 l

2327 2281 2332 2324 1

2327 2331 2333 2404 1

2334 3088 2337 3103 l

2335 3148 2338 3161 Ι

4212 413 4338 474 354

2387 598 2517 668 cet,
2575 612 2805 656 eorum
2846 598 3209 673 potestatem
3251 594 3380 661 Dei
3434 597 3883 662 ordinatimzem
3935 618 4084 663 esse.
4150 598 4343 679 Ipsos

2386 682 2591 775 autem
2641 680 2961 744 ministros
3015 700 3145 744 esse
3186 680 3314 746 Dei
3329 731 3344 759 ,
3399 682 3542 747 bene
3598 683 3919 765 aymztibus
3960 686 4030 747 in
4070 684 4339 764 laudem,

2385 763 2591 861 malis·
2631 765 2717 829 ad
2764 765 2934 829 iram
2986 765 3215 830 ultores
3258 767 3479 851 (Rom.
3526 773 3621 846 13,
3662 768 3749 851 4).
3808 767 4023 849 Quam
4069 769 4151 834 ob
4195 790 4337 833 rem

2383 867 2756 931 principum
2801 871 2874 915 ac
2925 852 3427 934 magistratuum
3465 863 3594 932 est,
3633 856 3936 938 cogitare,
3976 856 4079 919 cui
4112 856 4183 918 iu
4219 876 4336 920 suo
4442 921 4453 934 ,

2381 953 2658 1030 munere
2695 937 3002 1013 serviant,
3039 959 3161 1002 nec
3196 938 3550 1021 quidquam
3589 940 3936 1025 indignum
3957 942 4085 1005 Dei
4110 941 4336 1006 minis-

2381 1029 2520 1116 tris·
2553 1039 2629 1117 ac
2685 1021 2947 1085 vicariis
2984 1022 3348 1088 admittere.
3418 1026 3584 1090 Tota
3620 1035 3839 1090 autem
3874 1048 4099 1091 eorum
4135 1048 4335 1108 prope

2382 1104 2745 1202 sollicitudo
2779 1107 2846 1169 in
2883 1107 3003 1172 hoc
3039 1109 3416 1175 incumbere
3453 1110 3660 1190 debet,
3707 1121 3783 1175 ut
3824 1112 4148 1196 publicam
4185 1112 4337 1177 reli-

2381 1211 2595 1272 gionis
2639 1193 2916 1289 formam
2952 1194 3361 1290 impollutam
3406 1209 3814 1276 conservent,
3853 1207 3927 1262 ut
3968 1197 4193 1280 populi
4237 1199 4334 1264 vi-

2381 1286 2518 1340 tam
2557 1284 2820 1374 optimis
2856 1276 3110 1360 legibus
3146 1281 3449 1359 forment,
3486 1295 3561 1347 ut
3596 1305 3754 1348 suae
3792 1283 4054 1348 ditionis
4090 1283 4334 1348 bonum

2383 1383 2457 1425 ac
2525 1362 3066 1443 tranquillitatem
3134 1366 3392 1446 publice
3458 1370 3895 1452 privatimque
3960 1383 4336 1451 procurent..

2381 1447 2569 1545 Haec
2613 1455 2829 1512 autem
2873 1447 3151 1546 obtineri
3195 1465 3546 1534 nequeunt,
3594 1456 3719 1519 nisi
3764 1456 4014 1519 iustitia
4056 1462 4121 1519 et
4163 1454 4336 1519 iudi-

2383 1554 2500 1610 cio,
2537 1554 2703 1615 quae
2748 1533 2877 1598 duo
2913 1534 3043 1599 illis
3088 1555 3129 1597 a
3187 1538 3503 1618 propheta
3547 1542 3957 1622 potissimum
4003 1560 4333 1605 commen-

2384 1618 2658 1716 dantur·
2685 1619 2842 1703 (Ier.
2884 1625 2985 1697 22,
3026 1624 3061 1682 2
3101 1625 3235 1701 ss.).
3319 1623 3576 1689 Iustitia
3605 1626 3653 1708 ¹)
3709 1628 3956 1705 quidem
4008 1633 4112 1704 est,
4161 1628 4337 1690 inno-

2383 1710 2577 1802 centes
2633 1727 2700 1768 m
2750 1707 2940 1785 sidem
2992 1708 3336 1786 suscipere,
3377 1711 3687 1790 compkctz'
3702 1763 3714 1786 ,
3759 1714 3952 1791 tueri,
3998 1712 4334 1786 vindicare,

2385 1791 2680 1854 liberare:
2725 1792 3029 1856 iudieiwm
3063 1798 3283 1870 autem,
3322 1796 3660 1874 impiorum
3695 1799 3998 1861 audaciae
4026 1798 4333 1875 obsistere,

2383 1877 2511 1948 vim
2545 1878 2956 1957 comprimere,
3003 1878 3229 1943 delicta
3251 1882 3505 1960 punire.
3574 1879 4002 1946 Subditorum
4047 1883 4338 1948 vicissim

2383 1969 2605 2043 partes
2655 1973 2841 2060 sunt,
2889 1965 3248 2044 praefectos
3304 1986 3456 2029 suos
3501 1989 3631 2030 non
3669 1967 3860 2031 modo
3906 1968 4226 2033 honorare
4270 1981 4339 2033 et

2383 2068 2701 2112 revereri:
2746 2046 2864 2112 'sed
2918 2070 3144 2112 eorum
3191 2071 3450 2133 quoque
3493 2052 3773 2117 salutem
3821 2073 3896 2117 ac
3938 2054 4332 2136 prosperita—

2383 2143 2516 2196 tem
2563 2134 2851 2197 Domino
2896 2135 3195 2216 precibus
3240 2136 3734 2216 commendare,
3795 2160 4020 2203 eorum
4062 2139 4336 2221 imperio

2329 2257 2332 2274 =
2383 2241 2522 2283 sese
2567 2219 2743 2284 ultro
2797 2220 3142 2298 subiicere,
3190 2221 3419 2287 edictis
3473 2243 3547 2287 ac
3602 2225 4176 2290 constitutionibus
4219 2246 4335 2308 pa-

2383 2326 2558 2382 rere,
2614 2326 2814 2368 onera
2867 2327 3031 2387 quae
3086 2306 3168 2371 ab
3223 2306 3355 2372 illis
3412 2309 3841 2390 imponuntur
3895 2330 4025 2374 non
4087 2309 4335 2376 detrec·

2382 2402 2541 2469 tare,
2589 2412 2704 2455 seu
2731 2391 3077 2475 vectigalia
3112 2393 3261 2470 sint,
3310 2415 3425 2458 seu
3467 2393 3750 2472 tributa,·
3779 2416 3893 2460 seu
3934 2417 4211 2460 munera
4245 2398 4338 2461 ei-

2383 2476 2572 2555 vilia,
2618 2485 2686 2540 et
2731 2477 3043 2559 quidquid
3088 2489 3189 2542 est
3231 2479 3566 2544 eiusmodi.
3634 2481 3864 2562 Neque
3909 2502 4065 2545 vero
4107 2483 4189 2547 iis
4234 2503 4338 2547 so-

2383 2562 2522 2659 lum
2579 2563 2921 2644 praefectis
2965 2562 3393 2647 obsequentes
3438 2587 3557 2630 nos
3596 2568 4020 2647 praebeamus
4063 2576 4336 2649 oportet,

2384 2669 2494 2729 qui
2524 2647 2740 2729 probe,
2775 2657 2842 2711 et
2862 2670 2992 2731 qua
3026 2648 3265 2715 debent
3297 2651 3425 2715 fide
3460 2652 3807 2733 imperium
3844 2652 4336 2718 administrant:

2386 2733 2501 2797 sed
2543 2755 2653 2798 eos
2690 2755 2942 2816 quoque
2976 2737 3147 2800 ferre
3193 2738 3519 2813 convenit,
3567 2739 3679 2819 qui
3715 2745 4035 2821 potestate
4080 2758 4200 2802 sua
4234 2740 4336 2803 in-

2387 2819 2674 2884 solenter
2718 2819 3096 2899 abutuntur,
3145 2822 3346 2886 donec
3388 2822 3685 2906 legitimo
3730 2823 3958 2887 ordine
4003 2823 4208 2887 simus
4255 2826 4339 2888 ab

2388 2926 2617 2969 eorum
2641 2906 2794 2989 iugo
2820 2905 3091 2971 liberat-i.
3151 2906 3324 2971 Nam
3357 2915 3432 2971 ut
3469 2909 3676 2973 bonus
3713 2911 4033 2992 princepe,
4076 2909 4339 2973 divinae

2389 2990 2852 3057 beneficentiae
2906 2990 3365 3058 documentum
3411 3003 3539 3071 est,
3588 2994 3671 3059 ad
3718 2999 3866 3073 [pag.
3907 3000 4011 3075 51]
4059 2995 4338 3059 salutem

2391 3078 2733 3142 hominum
2803 3079 3345 3144 conservandam:
3420 3081 3514 3143 ita
3578 3083 3793 3145 malus
3861 3092 3928 3145 et
3979 3081 4338 3162 improbuS,

2388 3167 2528 3228 eius
2565 3164 2899 3247 flagellum
2935 3173 3053 3242 est,
3090 3163 3173 3228 ad
3208 3165 3588 3249 castiganda
3622 3167 3845 3249 populi
3881 3166 4133 3231 delicta.
4192 3167 4340 3232 Hoc

2335 3288 2338 3299 ν
2389 3260 2613 3315 tamen
2657 3251 2728 3313 in
2768 3252 3146 3316 universum
3191 3251 3569 3315 habendum
3615 3261 3732 3331 est,
3780 3253 4074 3335 utrisque
4120 3252 4338 3341 datam
4361 3280 4375 3295 ⁸

2335 3458 2339 3479 ,
2390 3422 2517 3487 Dei
2567 3421 2961 3487 ordinationi
3009 3424 3409 3488 resistamus,

2391 3360 2430 3402 a
2480 3336 2625 3399 Deo
2678 3345 3102 3417 potestatem:
3171 3358 3377 3419 neque
3434 3337 3567 3401 illis
3622 3339 3841 3403 resisti
3907 3359 4123 3422 posse,
4181 3338 4342 3420 quin

3486 3427 3579 3488 At
3610 3446 3750 3511 vero
3767 3424 3824 3508 ‘·')
3872 3425 3940 3488 in
3985 3424 4343 3506 praefecto-

2390 3530 2539 3573 rum
2608 3507 2977 3572 obedientia
3042 3532 3248 3577 unum
3316 3531 3554 3592 semper
3622 3512 4076 3592 excipiendum,
4136 3531 4210 3575 ne
4262 3510 4343 3575 ab

2389 3598 2524 3661 eius
2558 3593 2899 3659 obedientia
2943 3615 3056 3658 nos
3091 3596 3350 3659 deducat
3365 3646 3379 3674 ,
3416 3597 3599 3661 cuius
3639 3597 3899 3661 decretis
3954 3617 4167 3679 reyum
4215 3616 4345 3659 om-

2389 3683 2570 3746 nium
2612 3681 2792 3744 iussa
2833 3681 3039 3745 cedere
3071 3702 3204 3761 par
3248 3686 3349 3745 est.
3420 3681 3737 3747 Dominus
3780 3704 3922 3764 erqo
3966 3703 4079 3746 rex
4121 3686 4208 3747 est
4250 3702 4345 3745 re-

2384 3788 2533 3851 yum
2552 3818 2567 3846 ,
2610 3767 2720 3848 qui
2763 3765 2869 3829 ubi
2912 3787 2980 3830 os
3024 3768 3292 3847 aperuit,
3338 3788 3503 3831 unus
3534 3789 3658 3849 pro
3702 3770 3989 3832 omnibus
4030 3768 4223 3831 simul
4267 3788 4343 3831 ac

2387 3874 2589 3933 supra
2623 3872 2843 3929 omnes,
2882 3857 2971 3915 est
3003 3852 3373 3917 audiendus.
3424 3852 3525 3917 Iis
3547 3854 3788 3931 deinde,
3835 3854 3943 3934 qui
3964 3852 4141 3916 nobis
4152 3872 4348 3932 prae-

2387 3945 2560 4019 sunt,
2608 3938 2961 4002 hominibus
3016 3938 3268 4002 subiecti
3308 3940 3542 4002 simus:
3582 3940 3692 4003 sed
3741 3961 3861 4002 non
3902 3938 4032 4000 nisi
4074 3939 4143 4001 in
4188 3940 4341 4018 ipso.

2388 4025 2722 4090 Adversus
2765 4025 2976 4105 ipsum
3017 4025 3077 4087 si
3132 4025 3283 4104 quid
3338 4025 3663 4105 imperent,
3702 4025 3869 4089 nullo
3923 4024 4009 4087 sit
4047 4044 4155 4089 nec
4197 4025 4339 4103 loco,

2387 4131 2495 4176 nec
2548 4129 2833 4173 numero:
2876 4107 2994 4173 sed
3037 4108 3152 4173 illa
3195 4110 3411 4191 potius
3456 4112 3779 4173 sententia
3823 4094 4035 4173 locum
4082 4109 4341 4187 habeat,

2388 4197 2788 4261 obediendum
2832 4194 2966 4259 Deo
3009 4196 3221 4279 magis
3268 4215 3457 4275 quam
3498 4194 3867 4259 hominibus

2528 4469 2587 4535 1)
2629 4469 2810 4524 Instit.
2844 4485 2900 4538 p.
2937 4468 3057 4523 482.
3263 4469 3324 4534 2)
3365 4467 3513 4523 Ibid.
3549 4483 3605 4536 p.
3639 4465 3744 4520 513
3780 4483 3883 4537 seq.

2194 4847 2470 4901 FINIS.

554 5416 772 5472 Calvim
804 5434 984 5486 opera.
1074 5417 1184 5472 Vol.
1233 5416 1291 5470 V.

3866 5411 3935 5465 23
