5100 6061
369 393 498 454 413

369 578 689 664 quidquid
734 576 818 643 ad
861 576 1323 642 stabiliendum
1357 597 1564 658 papae
1598 577 2042 660 principatum
2077 575 2327 640 solebat

370 676 519 731 tum
554 663 808 741 adduci,
837 664 1009 728 clare
1047 661 1399 727 diluebant.
1465 661 1596 728 Ubi
1622 664 1840 727 omnia
1865 661 1960 725 iffi
1986 661 2038 745 ¹)
2067 682 2187 726 sua
2211 662 2324 724 fir-

371 759 709 817 mamenta
731 749 1157 826 abstulerant,
1189 755 1446 812 tantam
1468 769 1720 830 quoque
1742 748 1885 813 eius
1908 745 2325 812 altitudinem

369 837 501 902 Dei
546 836 745 902 verbo
781 834 1314 899 demoliebantur.
1381 834 1482 898 Eo
1522 855 1730 915 usque
1769 853 1878 898 res
1919 832 2323 908 deveniebat,

372 933 449 988 ut
489 922 713 1006 palam
748 931 918 986 esset
959 920 1511 1003 conspicuumque
1556 918 1828 984 eruditis
1873 918 2070 983 simul
2114 940 2188 982 ac
2222 918 2325 980 in-

375 1008 606 1085 doctis,
654 1028 883 1070 verum
919 1005 1227 1070 ecclesiae
1272 1004 1574 1069 ordinem
1607 1013 1763 1071 tunc
1802 1005 2154 1083 interiisse;
2194 1003 2325 1067 cla-

373 1117 508 1172 ves,
547 1094 781 1177 quibus
818 1093 1124 1157 ecclesiae
1161 1090 1504 1173 disciplina
1525 1092 1911 1169 continetur,
1948 1091 2146 1155 fnisse
2178 1111 2327 1173 pes-

377 1183 539 1247 sime
576 1178 977 1243 adulteratas
991 1202 1006 1255 3
1045 1177 1396 1259 collapsam
1439 1176 1866 1242 christianam
1915 1176 2324 1253 libertatem;

376 1273 780 1350 prostratum
849 1263 1125 1345 denique
1188 1263 1389 1326 fuisse
1450 1261 1701 1327 Christi
1757 1283 2064 1345 regnum,
2121 1281 2328 1343 quum

371 1360 632 1419 erectus
674 1350 907 1414 fuisset
950 1349 1058 1414 hic
1092 1349 1512 1431 principatus.
1557 1345 1930 1420 ,Habebant
1971 1356 2324 1429 praeterea,

370 1458 499 1522 quo
524 1435 990 1502 conscientiam
1024 1455 1241 1498 meam
1270 1434 1691 1517 stringerent,
1717 1454 1802 1497 ne
1835 1433 1906 1497 in
1940 1433 2101 1510 istis,
2137 1431 2325 1514 quasi

369 1523 541 1588 nihil
601 1520 686 1586 ad
727 1541 831 1584 me
867 1520 1302 1604 pertinerent,
1341 1540 1608 1585 securus
1643 1520 2080 1584 conniverem.
2145 1516 2324 1581 Mul-

369 1617 515 1674 tum
561 1608 738 1673 enim
778 1607 1033 1683 abesse,
1081 1608 1238 1688 quin
1283 1606 1368 1670 sit
1412 1603 1673 1687 aliquod
1709 1604 2077 1670 voluntario
2119 1603 2324 1667 errori

371 1694 547 1779 apud
602 1700 667 1757 te
720 1692 1154 1775 patrocinium
1174 1743 1189 1768 ‚
1235 1712 1442 1773 quum
1495 1712 1580 1754 ne
1638 1692 1693 1755 is
1746 1690 2006 1771 quidem
2053 1691 2323 1771 impune

372 1789 577 1858 erret,
631 1779 744 1861 qui
807 1799 989 1842 mera
1057 1777 1465 1860 ignoratione
1510 1781 1627 1854 [fol.
1675 1781 1784 1854 45]
1837 1795 1876 1838 a
1919 1777 2027 1841 via
2068 1774 2322 1840 seduci-

369 1875 499 1931 tur.
570 1863 766 1944 Quod
806 1863 1026 1945 ipsum
1071 1862 1189 1926 filii
1232 1863 1329 1926 tui
1374 1861 1744 1927 testimonio
1789 1860 2320 1943 comprobabant:

375 1950 451 2018 Si
514 1972 743 2016 caecus
816 1969 1076 2015 caecum
1134 1948 1343 2025 ducit,
1397 1948 1587 2011 ambo
1642 1948 1710 2010 in
1766 1949 2021 2011 foveam
2082 1945 2325 2010 cadunt

372 2035 643 2122 (Matth.
695 2040 787 2114 15,
834 2035 958 2117 14).
1029 2032 1253 2112 Quum
1292 2034 1423 2096 iam
1449 2034 1707 2098 animus
1746 2054 1929 2097 meus
1966 2032 2047 2095 ad
2085 2033 2324 2096 seriam

373 2122 806 2188 attentionem
843 2128 1257 2202 comparatus
1291 2117 1475 2196 foret,
1522 2119 1630 2182 hic
1673 2139 1847 2194 ver0,
1894 2127 2207 2199 tanquam
2242 2116 2321 2179 il-

373 2210 508 2273 lata
553 2207 696 2272 11106
715 2257 728 2283 ,
776 2205 1240 2282 animadverti,
1287 2207 1355 2268 in
1402 2226 1529 2286 quo
1575 2224 1871 2268 errorum
1915 2204 2321 2285 sterquilinio

365 2296 635 2360 fuissem
675 2291 1023 2368 volutatus,
1063 2303 1220 2373 quot
1253 2289 1405 2354 inde
1441 2289 1738 2354 sordibus
1775 2311 1848 2354 60
1881 2290 2154 2366 1116011116
2189 2289 2319 2352 foe-

365 2381 562 2446 datus
598 2399 827 2443 essem.
897 2376 1087 2457 Quod
1125 2396 1281 2460 ergo
1316 2377 1512 2441 officii
1546 2375 1676 2440 mei
1709 2377 1852 2454 fuit,
1890 2376 2049 2454 eius,
2087 2376 2158 2438 in
2193 2396 2322 2456 qua

363 2465 712 2549 prolapsus
766 2485 976 2540 eram,
1024 2463 1354 2539 miseriae,
1400 2462 1608 2526 multo
1653 2461 1850 2525 etiam
1906 2462 2115 2544 magis
2159 2462 2322 2540 eius,

364 2572 534 2635 quae
578 2549 744 2613 mihi
779 2549 1177 2624 imminebat,
1224 2557 1527 2612 aeternae
1571 2549 1801 2612 mortis
1837 2548 2170 2630 agnitione
2206 2568 2318 2612 ve-

364 2637 716 2702 hementer
769 2641 1253 2713 consternatuS,
1290 2633 1457 2698 nihil
1512 2634 1696 2716 prius
1752 2632 1948 2697 habui
2005 2654 2198 2715 quam
2246 2640 2320 2696 ut

362 2723 693 2800 damnata,
723 2741 857 2784 non
883 2720 1024 2784 sine
1061 2721 1309 2803 gemitu
1334 2740 1407 2785 ac
1429 2719 1756 2802 lacrymis,
1794 2720 2128 2802 superiore
2159 2719 2313 2796 vita,

356 2830 465 2873 me
511 2808 584 2871 in
635 2805 919 2889 vitam2)
965 2815 1145 2870 tuam
1188 2807 1560 2887 reciperem.
1627 2807 1718 2869 Et
1760 2827 1963 2882 nunc,
2009 2803 2314 2880 Domine,

365 2893 526 2977 quid
558 2891 739 2957 aliud
775 2893 1014 2956 misero
1045 2891 1208 2955 mihi
1245 2903 1542 2974 superest
1575 2913 1768 2973 quam
1804 2899 1879 2955 ut
1915 2890 2314 2973 deprecatio-

362 3002 521 3046 nem
564 2979 687 3045 tibi
739 2999 858 3062 pro
903 2976 1275 3043 defensione
1331 2977 1621 3055 offeram,
1669 2999 1753 3041 ne
1797 2975 2191 3042 horrendam
2235 2975 2315 3039 il-

361 3067 494 3131 lam
543 3088 583 3131 a
642 3066 840 3132 verbo
896 3072 1007 3128 tuo
1062 3064 1483 3129 defectionem
1531 3064 1613 3127 ad
1667 3064 1984 3129 calculum
2030 3083 2313 3139 revoces,

363 3174 406 3218 a
450 3173 580 3236 qua
621 3173 728 3215 me
782 3149 986 3215 semel
1019 3150 1296 3214 mirifica
1338 3157 1454 3213 tua
1489 3150 1888 3233 benignitate
1925 3148 2312 3214 vindicasti?

537 3238 737 3302 Nunc
788 3238 979 3301 istam
1025 3236 1373 3313 actionem,
1421 3232 1756 3313 Sadolete,
1803 3257 1950 3301 cum
1996 3256 2104 3313 ea,
2144 3235 2202 3298 si
2236 3235 2315 3298 li-

363 3323 505 3402 bet,
545 3343 880 3405 compara,
929 3343 1124 3404 quam
1174 3320 1422 3404 plebeio
1459 3330 1570 3384 tuo
1617 3323 1981 3404 assignasti.
2043 3322 2312 3398 Mirum,

365 3411 424 3475 si
477 3409 830 3474 haesitabis
848 3458 863 3486 ,
901 3415 1120 3471 utram
1178 3407 1368 3471 alteri
1422 3407 1752 3488 praeferre
1800 3407 2051 3472 debeas.
2124 3406 2314 3471 Illius

363 3497 543 3561 enim
586 3495 871 3578 profecto
906 3495 1084 3558 salus
1120 3493 1201 3557 de
1243 3492 1353 3556 filo
1387 3491 1648 3575 pendet,
1693 3494 1877 3557 cuius
1922 3492 2208 3557 defensio
2242 3492 2314 3555 in

358 3580 482 3648 hoc
542 3580 808 3647 cardine
863 3580 1170 3645 vertitur:
1226 3578 1397 3661 quod
1451 3598 1615 3661 quae
1665 3576 1789 3643 sibi
1842 3600 1882 3642 a
1932 3578 2195 3660 proavis
2240 3598 2314 3642 ac

368 3668 724 3732 maioribus
768 3665 1011 3730 tradita
1065 3667 1151 3730 sit
1207 3665 1466 3748 religio,
1525 3685 1669 3728 eam
1725 3672 2103 3730 constanter
2156 3663 2313 3727 reti-

368 3755 606 3819 nuerit.
674 3751 924 3831 Iudaei,
971 3759 1037 3816 et
1082 3752 1352 3827 Turcae,
1401 3757 1468 3815 et
1501 3747 1852 3815 Sarraceni
1894 3749 2016 3815 hac
2059 3749 2313 3814 ratione

366 3838 496 3904 Dei
550 3838 788 3903 iudicio
843 3836 1270 3902 elaberentur.
1338 3836 1655 3901 Facessat
1703 3857 1859 3919 ergo
1916 3836 2131 3901 inanis
2186 3835 2315 3899 ista

361 3925 820 4011 tergiversatio
857 3924 937 3988 ab
973 3944 1050 3988 eo
1089 3922 1418 4000 tribunali,
1455 3921 1627 4005 quod
1663 3942 1797 3986 non
1835 3922 2174 3986 hominum
2198 3942 2313 3985 au-

363 4011 613 4077 toritati
657 4009 1204 4093 comprobandae,
1252 4007 1368 4073 sed
1412 4008 1721 4073 universa
1764 4028 1957 4073 carne
2001 4009 2314 4072 vanitatis

362 4097 817 4178 mendaciique
852 4094 1176 4173 damnata,
1218 4092 1602 4158 asserendae
1636 4094 1834 4158 unius
1877 4091 2008 4157 Dei
2050 4094 2315 4159 veritati

364 4184 670 4268 erigetur.
723 4179 918 4261 Quod
946 4182 1002 4246 si
1025 4181 1285 4264 ineptiis
1307 4187 1522 4245 tecum
1548 4186 1795 4245 certare
1835 4179 2090 4258 vellem,
2115 4200 2312 4262 quam

363 4270 526 4335 mihi
571 4268 927 4352 imaginem
972 4268 1239 4350 pingere
1283 4266 1505 4343 liceat,
1560 4288 1693 4330 non
1738 4265 1881 4331 dico
1925 4286 2150 4348 papae,
2197 4272 2313 4329 aut

365 4355 733 4433 cardinalis,
781 4362 895 4417 aut
929 4352 1273 4419 cuiuslibet
1315 4374 1351 4417 e
1386 4359 1607 4417 vestra
1652 4352 1930 4417 factione
1971 4350 2310 4419 reverendi

362 4441 684 4525 praesulis
753 4439 1016 4523 (quibus
1070 4440 1208 4503 fere
1272 4437 1573 4503 omnibus
1628 4437 1743 4520 qui
1798 4438 2042 4502 colores
2100 4438 2310 4521 aptari

361 4533 606 4610 queant
651 4527 730 4591 ab
775 4525 1038 4590 homine
1074 4546 1206 4588 non
1250 4524 1441 4589 valde
1483 4523 1840 4607 ingenios0‚
1885 4524 2159 4607 pulchre
2194 4543 2310 4587 no-

363 4615 495 4695 sti),
554 4610 669 4678 sed
727 4611 1005 4676 doctoris
1063 4609 1369 4689 alicuius,
1423 4610 1528 4676 vel
1571 4609 1746 4674 inter
1791 4631 2014 4674 omnes
2060 4620 2310 4674 vestros

364 4696 816 4764 selectissimi?
883 4696 1070 4761 Nihil
1114 4717 1273 4761 sane
1308 4718 1470 4779 opus
1515 4703 1701 4771 esset,
1742 4693 1822 4759 ad
1859 4696 1997 4759 eius
2041 4696 2309 4759 damna-

361 4786 627 4861 tionem,
674 4783 778 4847 vel
823 4782 1052 4847 dubias
1094 4784 1164 4846 in
1209 4802 1362 4846 eum
1405 4782 1807 4847 coniecturas
1849 4782 2156 4865 proferre,
2203 4781 2310 4846 vel

362 4871 525 4936 falsa
580 4867 855 4935 crimina
909 4868 1227 4933 ementiri.
1302 4868 1501 4933 Iustis
1555 4870 1731 4933 enim
1793 4889 1867 4931 ac
1924 4867 2117 4931 certis
2160 4866 2309 4949 plus

362 4958 522 5022 satis
548 4962 949 5040 gravaretur.
1012 4951 1147 5018 Sed
1168 4974 1270 5029 ne,
1307 4953 1479 5035 quod
1498 4955 1568 5017 in
1604 4962 1668 5018 te
1699 4951 2124 5036 reprehendo,
2160 4953 2309 5016 imi-

364 5044 493 5107 tari
537 5041 784 5117 videar,
832 5040 955 5105 hoc
990 5038 1227 5123 agendi
1261 5058 1499 5123 genere
1544 5039 1952 5121 supersedeo,
2020 5039 2309 5102 Tantum

498 5247 560 5315 1)
592 5247 703 5314 illa,
742 5244 895 5300 1576.
932 5243 1083 5299 1597.
1122 5242 1272 5297 1611.

360 5333 480 5373 eum
514 5317 920 5386 antiquioribus
950 5315 1103 5382 facit.

1453 5242 1514 5308 2)
1552 5244 1706 5312 viam,
1746 5243 1879 5298 1576
1914 5259 2052 5314 seqq.
2112 5241 2308 5297 Gallus

1749 390 1879 453 AD
1924 386 2396 453 SADOLETI
2437 386 2996 454 EPISTOLAM.

4254 403 4382 461 414

2426 574 2755 654 hortabor,
2814 584 2889 640 ut
2929 575 3013 640 ad
3056 597 3124 640 66
3161 575 3507 659 aliquando
3552 579 3849 659 redeant,
3897 602 3972 646 ac
4011 606 4233 651 secum
4275 609 4380 653 re-

2424 668 2676 744 putent,
2721 683 2917 744 quam
2960 661 3242 726 fideliter
3275 670 3547 745 pascant
3581 665 4010 733 christianum
4048 673 4378 756 populum,

2429 749 2533 810 cui
2571 769 2701 810 non
2737 747 2902 812 alius
2927 768 3070 813 esse
3096 757 3308 830 potest
3327 751 3517 831 panis
3553 771 3753 832 quam
3793 754 3920 817 Dei
3955 757 4060 819 sui
4086 757 4376 826 verbum.

2428 831 2519 894 Et
2574 853 2659 895 ne
2705 833 2827 898 sibi
2864 833 3140 899 nimium
3192 834 3642 916 blandiantur,
3699 838 3867 920 quod
3913 862 4087 907 nunc
4142 866 4380 930 magno

2431 917 2780 1014 applausu,
2827 927 2892 982 et
2935 920 3238 984 secundis
3282 941 3522 1004 magna
3565 944 3649 986 ex
3683 932 3875 1006 ‘parte
3921 925 4380 995 admurmura-

2430 1001 2736 1080 tionibus,
2778 1003 3070 1068 fabulam
3113 1027 3297 1070 suam
3344 1017 3578 1090 agunt,
3627 1010 3914 1093 cogitent
3957 1014 4248 1079 nondum
4294 1017 4380 1082 ad

2431 1088 2894 1170 catastrophen
2939 1111 3009 1154 se
3052 1093 3458 1173 pervenisse:
3510 1095 3577 1156 in
3620 1115 3747 1175 qua
3790 1105 3963 1161 certe
4007 1121 4139 1165 non
4178 1100 4378 1169 habe-

2431 1172 2600 1237 bunt
2635 1174 2989 1254 theatrum,
3028 1176 3141 1241 ubi
3180 1199 3331 1242 suos
3366 1180 3579 1243 fumos
3615 1180 3884 1263 impune
3921 1183 4226 1266 vendant,
4266 1189 4380 1254 ubi

2429 1258 2726 1358 credulas
2798 1268 3051 1326 mentes
3117 1263 3493 1346 imposturis
3557 1265 3935 1348 illaqueent:
4005 1271 4120 1337 sed
4182 1275 4379 1339 unius

2430 1345 2558 1408 Dei
2604 1344 2871 1410 arbitrio
2915 1347 3184 1411 stabunt
3224 1349 3330 1413 vel
3369 1349 3633 1415 cadent:
3671 1353 3857 1417 cuius
3893 1354 4203 1422 iudicium
4247 1381 4379 1424 non

2430 1430 2511 1495 ab
2557 1451 2720 1494 aura
2756 1431 3073 1513 populari,
3117 1434 3230 1497 sed
3275 1456 3314 1498 a
3355 1456 3477 1499 sua
3518 1437 3724 1518 ipsius
3767 1440 4112 1506 inflexibili
4158 1446 4377 1526 aequi-

2429 1523 2565 1612 tate
2608 1515 2947 1599 pendebit:
2997 1518 3112 1600 qui
3155 1540 3287 1583 non
3330 1520 3520 1585 modo
3566 1522 3644 1586 de
3688 1525 4000 1608 cuiusque
4043 1529 4231 1592 factis
4273 1531 4377 1594 in-

2429 1610 2665 1682 quiret,
2704 1603 2819 1667 sed
2864 1603 2944 1666 de
2972 1605 3021 1686 ¹)
3067 1604 3403 1669 recondita
3445 1606 3657 1672 cordis
3702 1611 4073 1677 sinceritate
4118 1615 4227 1679 vel
4263 1638 4377 1681 ne·-

2428 1688 2635 1768 quitia
2668 1690 3109 1770 quaestionem
3136 1691 3478 1756 exercebit.
3535 1693 3680 1775 Ego
3725 1694 3804 1758 de
3839 1700 4156 1778 omnibus,
4194 1700 4380 1767 nulla

2429 1774 2842 1856 exceptione,
2889 1778 3324 1857 pronunciare
3368 1797 3502 1841 non
3547 1779 3771 1844 6111160.
3844 1780 4377 1870 Quotusquisque

2427 1863 2542 1936 [fol.
2592 1864 2700 1937 46]
2757 1868 2978 1924 tamen
3022 1883 3246 1925 eorum
3302 1871 3431 1939 est,
3477 1864 3586 1945 qui
3644 1864 3802 1929 dum
3859 1867 4210 1935 adversum
4252 1893 4378 1938 nos

2427 1945 2870 2023 conflictatur,
2915 1967 3048 2010 non
3093 1946 3215 2012 sibi
3265 1950 3562 2013 conscius
3603 1952 3705 2026 sit,
3753 1971 4019 2036 operam
4053 1978 4121 2021 66
4164 1959 4376 2042 magis

2429 2029 2801 2095 hominibus
2846 2052 3039 2113 quam
3083 2033 3225 2096 Deo
3270 2033 3529 2100 locare?

2599 2116 2744 2178 Iam
2779 2139 2978 2199 quum
3017 2125 3154 2181 tota
3186 2119 3461 2202 epistola
3483 2141 3602 2185 nos
3640 2143 3840 2205 supra
3872 2124 4137 2189 modum
4171 2127 4375 2193 incle-

2425 2209 2683 2265 menter
2740 2212 3006 2282 1160166,
3053 2212 3350 2269 extrema
3402 2216 3618 2270 tamen
3669 2207 3958 2274 clausula
4000 2214 4184 2275 virus
4225 2221 4376 2279 tuae

2426 2286 2798 2353 acerbitatis
2855 2289 3047 2372 pleno
3103 2310 3214 2354 ore
3281 2292 3352 2354 in
3417 2312 3538 2356 nos
3598 2293 3899 2358 effundis.
3978 2296 4377 2380 Quanquam

2427 2382 2647 2436 autem
2683 2394 2801 2439 nos
2836 2375 3106 2440 minime
3151 2377 3447 2443 convicia
3487 2376 3606 2441 illa
3647 2378 3912 2456 feriunt,
3959 2390 4027 2446 et
4069 2383 4200 2448 illis
4242 2384 4376 2449 iam

2423 2480 2541 2540 pro
2586 2469 2772 2539 parte
2817 2470 3011 2526 antea
3046 2483 3432 2544 responsum
3470 2471 3588 2540 est,
3626 2463 3782 2546 quid
3825 2475 4065 2545 tamen,
4113 2490 4373 2551 quaeso,

2422 2546 2493 2607 in
2529 2553 2815 2609 mentem
2858 2547 2974 2611 tibi
3010 2548 3210 2626 venit,
3250 2556 3324 2612 ut
3358 2549 3699 2614 avaritiam
3736 2550 3950 2616 adhuc
3986 2554 4178 2619 nobis
4214 2553 4375 2620 obii·
4417 2593 4425 2600 -

2423 2628 2644 2695 ceres?
2712 2632 3003 2697 Putasne
3060 2641 3312 2698 tantam
3354 2635 3426 2698 in
3469 2635 3712 2700 nostris
3756 2635 4131 2704 hominibus
4174 2641 4376 2707 fuisse

2423 2712 2905 2811 hebetudinem,
2954 2730 3029 2782 ut
3070 2741 3201 2784 non
3246 2721 3326 2785 ab
3366 2721 3525 2803 ipsis
3562 2722 3846 2786 exordiis
3885 2723 4265 2805 cogitarent,
4305 2749 4376 2793 se

2422 2822 2593 2898 eam·
2622 2803 2877 2897 ingredi
2924 2806 3101 2868 viam
3160 2827 3323 2886 quae
3367 2807 3547 2872 lucro
3592 2814 3657 2871 et
3700 2810 3996 2890 quaestui
4042 2818 4216 2875 esset
4259 2813 4373 2877 ad-

2421 2889 2843 2985 versisslma?
2911 2893 3020 2954 An
3074 2912 3228 2955 vero
3286 2913 3485 2973 quum
3545 2899 3836 2958 vestram
3879 2895 4173 2976 ipsorum
4217 2919 4374 2963 ava-

2418 2981 2638 3038 ritiam
2681 2973 3114 3055 traducerent,
3154 2998 3287 3041 non
3329 2977 3639 3045 videbant
3679 3000 3989 3064 magnam
4033 3001 4103 3047 se
4148 3003 4375 3049 neces-

2420 3061 2688 3124 sitatem
2711 3061 2831 3124 sibi
2860 3062 3194 3145 imponere
3224 3064 3664 3129 continent-iae
3693 3088 3767 3131 60
3804 3067 4218 3150 frugalitatis,
4244 3070 4374 3135 nisi

2417 3147 2642 3230 pueris
2669 3166 2921 3228 quoque
2946 3148 3103 3230 ipsis
3127 3149 3340 3214 facere
3370 3171 3439 3215 se
3463 3150 3773 3229 ridiculos
3797 3152 4087 3217 vellent?
4149 3153 4374 3234 Quum

2419 3235 2743 3298 rationem
2800 3233 2943 3297 eius
3000 3235 3419 3319 corrigendae
3464 3258 3606 3301 esse
3651 3236 4103 3318 ostenderent,
4148 3248 4227 3303 ut
4267 3243 4371 3304 ni-

2419 3321 2568 3383 miis
2604 3318 2833 3400 opibus
2874 3331 3391 3385 exonerarentur
3425 3330 3734 3404 pastores,
3777 3344 3904 3406 quo
3941 3324 4022 3389 ad
4061 3326 4372 3392 ecclesiae

2419 3427 2646 3470 curam
2700 3406 2909 3489 magis
2966 3416 3183 3471 essent
3239 3429 3321 3471 ex
3370 3408 3554 3486 editi,
3614 3429 3700 3472 an
3757 3430 3891 3473 non
3963 3411 4085 3476 sibi
4141 3420 4372 3495 sponte

2419 3490 2672 3555 aditum
2714 3489 2797 3553 ad
2841 3511 2996 3573 opcs
3032 3493 3296 3573 praeclu
3344 3493 3580 3559 ebant?
3642 3494 3827 3575 Quae
3869 3497 4048 3560 enim
4092 3500 4226 3562 iam
4269 3520 4372 3563 re-
4436 3544 4441 3557 ,

2419 3577 2682 3641 stabant
2737 3575 3038 3655 divitiae,
3085 3579 3321 3660 quibus
3365 3580 3835 3645 imminerent?
3884 3580 4106 3662 Quid?
4154 3605 4373 3649 annon

2417 3662 2543 3726 hoc
2587 3668 2729 3726 erat
2769 3660 3155 3726 facillimum
3189 3664 3271 3727 ad
3309 3664 3572 3731 divitias
3615 3668 4023 3749 honoresque
4067 3691 4371 3752 compen-

2418 3747 2619 3825 dium,
2665 3747 2890 3811 statim
2933 3745 3014 3811 ab
3067 3748 3256 3814 initio
3310 3751 3391 3815 iis
3434 3772 3598 3834 quae
3641 3753 4085 3818 offerebantur
4128 3755 4372 3836 pactio-

2418 3834 2610 3899 nibus
2661 3831 2999 3898 vobiscum
3053 3836 3461 3918 transigere?
3522 3836 3770 3917 Quanti
3822 3846 3964 3902 tum
4010 3840 4371 3905 multorum

2418 3919 2753 3985 silentium
2795 3918 3181 3984 redemisset
3212 3923 3506 4003 pontifex
3552 3922 3811 3987 vester?
3881 3922 4132 4003 Quanti
4176 3926 4372 3991 hodie

2417 4026 2670 4088 quoque
2706 4003 3099 4068 redimeret?
3170 4005 3327 4083 Gur,
3373 4009 3428 4071 si
3471 4007 3577 4073 vel
3618 4009 3893 4078 minima
3931 4008 4213 4074 habendi
4254 4034 4369 4078 cu-

2416 4092 2687 4175 piditate
2733 4089 3114 4169 titillantur,
3160 4095 3336 4156 omni
3382 4114 3496 4175 spe
3541 4093 3879 4176 augendae
3924 4096 4018 4159 rei
4055 4098 4366 4178 praecisa,

2415 4178 2671 4241 malunt
2722 4184 3034 4258 perpetuo
3090 4178 3182 4242 610
3240 4179 3464 4243 11116611
3518 4199 3687 4257 6666,
3733 4200 3930 4261 11116111
3976 4182 4142 4246 01116
4184 4204 4368 4267 mag-

2415 4286 2572 4329 nam
2608 4262 3058 4328 difficultatem
3101 4284 3232 4327 uno
3275 4265 3586 4347 temporis
3630 4273 3963 4330 momento
4007 4267 4364 4334 ditescere?

2416 4349 2553 4416 Sed
2598 4350 2881 4428 ambitiO,
2928 4349 3189 4426 scilicet,
3236 4371 3343 4415 eos
3379 4351 3635 4414 retinet.
3704 4351 3870 4415 Eius
3915 4374 4168 4436 quoque
4212 4375 4367 4438 sug-

2415 4436 2774 4520 gillationis
2820 4457 3018 4517 quam
3063 4435 3368 4500 habueris
3412 4457 3697 4515 causam,
3741 4458 3875 4500 non
3918 4439 4125 4518 vide0,
4161 4461 4366 4521 quum

2413 4523 2585 4586 nihil
2632 4520 2810 4586 aliud
2851 4520 3187 4604 potuerint
3228 4528 3620 4604 exspectare,
3673 4524 3784 4605 qui
3824 4522 3994 4589 hanc
4039 4526 4365 4590 actionem

2415 4608 2711 4692 aggressi
2722 4618 2877 4671 sunt
2897 4607 3112 4688 primi,
3132 4628 3332 4690 quam
3344 4616 3419 4672 ut
3440 4628 3480 4671 a
3492 4617 3628 4673 toto
3647 4609 3802 4673 orbe
3820 4620 4360 4692 conspuerentur:

2414 4704 2481 4758 et
2501 4695 2614 4776 qui
2636 4700 2862 4775 postea
2882 4701 3296 4758 accesserunt
3327 4695 3608 4759 scientes
3642 4717 3718 4761 ac
3754 4695 4043 4761 volentes
4076 4717 4146 4761 se
4169 4698 4363 4761 innu-

2411 4781 2612 4845 meris
2635 4780 2834 4843 totius
2858 4777 3083 4842 mundi
3117 4780 3523 4845 contumeliis
3546 4802 3621 4846 ac
3642 4780 3897 4864 probris
3920 4784 4360 4864 exposuerint.

2411 4866 2544 4932 Ubi
2580 4872 2801 4930 autem
2822 4863 3083 4928 fraudes
3116 4863 3269 4928 illae
3302 4886 3377 4929 ac
3408 4866 3756 4931 intestinae
3785 4866 4114 4932 malitiae?
4161 4868 4363 4933 Nulla

2413 4953 2589 5016 enim
2613 4969 2840 5014 earum
2863 4950 3139 5033 suspicio
3160 4949 3233 5013 in
3254 4952 3440 5016 nobis
3463 4951 3706 5017 haeret.
3744 4950 3848 5015 De
3863 4951 3945 5016 iis
3966 4974 4121 5037 ergo
4143 4955 4361 5037 potius

2411 5045 2624 5102 tracta
2654 5038 2727 5100 in
2754 5055 2938 5100 sacro
2964 5044 3188 5101 vestro
3219 5036 3505 5121 collegi0,
3530 5038 3641 5104 ubi
3682 5037 3968 5121 quotidie
4005 5040 4356 5124 agitantur.

2547 5311 2607 5378 1)
2647 5310 2731 5381 de,
2768 5326 2868 5365 om.
2905 5307 3042 5362 1576
3078 5324 3220 5379 seqq.
