5100 6061
772 399 885 459 107
2410 386 2535 449 DE
2583 383 3130 450 CLEMENTIA
4653 389 4765 449 108

763 606 894 649 non
939 584 1010 647 in
1054 583 1363 647 concione
1411 580 1808 663 appellatum
1847 599 1915 641 se
1961 574 2309 659 praedicat.
2379 570 2558 636 Sane
2603 572 2712 654 qui
2762 582 2770 647 1
2818 573 2919 636 tis.
3023 571 3398 637 Redeamus
3459 573 3540 637 ad
3597 573 3934 638 Senecam.
4039 573 4223 638 Dicit
4280 574 4481 658 igitur
4528 594 4765 637 nomen

763 670 923 735 adeo
967 670 1170 733 iactat
1212 668 1582 735 histriones,
1631 687 1763 727 non
1799 665 1921 727 fuit
1966 660 2547 742 praetermissurus
2585 657 2711 723 Ca·
2763 652 2768 727 l
2817 659 3022 739 patris
3077 660 3324 740 patriae
3384 679 3516 722 non
3583 681 3722 725 esse
3783 660 4162 741 impositum
4229 659 4621 725 Caesaribus
4688 658 4764 724 ab

762 763 1010 831 tonem,
1072 755 1309 835 alioqui
1363 774 1584 817 rerum
1630 752 1896 813 suarum
1949 745 2247 810 laudator
2303 745 2708 826 magnificus.
2763 756 2767 787 ⁴
2819 744 3348 820 assentatoribus,
3395 745 3510 809 sed
3556 755 3627 810 ut
3672 745 3947 829 populus
3993 745 4368 809 ostenderet
4413 745 4581 809 nihil
4623 745 4766 828 plus

763 840 1027 908 Similia
1069 839 1389 923 quaedam
1436 837 1655 902 videre
1701 846 1800 898 est
1835 832 2007 914 apud
2045 829 2497 907 Plutarchum,
2544 850 2714 911 quae
2818 830 2891 893 in
2936 852 3004 893 se
3050 831 3245 893 licere
3283 831 3703 913 principibus,
3752 853 3948 913 quam
3988 832 4370 913 parentibus
4404 832 4474 894 in
4511 831 4763 896 liberos.

764 927 1049 992 hominis
1112 926 1460 989 autoritate
1543 922 1749 1002 magis
1807 941 2001 1001 quam
2059 915 2369 980 historiae
2438 916 2714 980 veritate
2990 915 3260 998 Maynos
3315 922 3369 980 et
3417 916 3626 996 felices
3681 922 3735 980 et
3791 915 4111 1002 auyuslos]
4171 919 4461 1000 Augusti
4531 938 4766 999 cogno·

763 1008 1139 1088 fulciantur,
1186 1019 1258 1075 ut
1292 1031 1494 1092 quum
1529 1007 1754 1072 scribit
1788 1004 2171 1069 Ciceronem
2209 1024 2277 1065 se
2314 1022 2518 1082 usque
2555 999 2714 1064 adeo
2819 1022 2972 1064 men
3026 1002 3207 1084 quasi
3276 1000 3785 1066 haereditarium
3854 1003 3935 1066 ab
3993 1001 4267 1067 Octavio
4329 1002 4410 1066 ad
4476 1011 4766 1084 posteros

736 1098 1162 1164 ‘adulescenti
1228 1094 1501 1161 Octavio
1569 1091 1947 1165 subiecisse,
2030 1097 2106 1152 ut
2159 1109 2310 1152 eum
2367 1086 2713 1167 aliquando
2763 1138 2768 1179 5
2815 1086 3240 1168 imperatores
3277 1086 3647 1152 derivatum
3684 1098 3796 1152 est.
3869 1089 4288 1170 Tranquillus
4324 1089 4394 1153 in
4430 1090 4572 1153 eius
4604 1090 4762 1153 vita:

763 1194 1021 1269 pat-rem
1075 1181 1533 1265 appellaverit:
1590 1186 1654 1241 et
1712 1176 2017 1240 contiuuo
2076 1173 2362 1238 subiicit:
2433 1174 2539 1235 Ex
2586 1193 2712 1253 quo
2741 1166 2767 1215 ⁸«
2816 1172 3072 1255 Postea¹
3098 1172 3171 1238 C.
3221 1173 3539 1252 Caesaris,
3582 1172 3816 1238 deinde
3853 1176 4141 1256 Augusti
4186 1196 4429 1238 nomen
4472 1196 4766 1256 assump-

768 1269 1181 1335 stomaehans
1224 1269 1471 1331 Brutus
1529 1266 1596 1327 in
1641 1261 1957 1345 Epistolis
2002 1259 2084 1324 ad
2115 1260 2406 1323 Atticum
2452 1258 2712 1322 Cicero·
2763 1220 2768 1349 l
2819 1259 2931 1334 sit,
2987 1258 3267 1322 alterum
3321 1267 3710 1324 testamento
3767 1260 4030 1324 maioris
4088 1260 4426 1337 avunculi,
4484 1259 4765 1324 alterum

768 1377 919 1420 nem
965 1357 1275 1435 increpat,
1323 1349 1497 1433 quod
1535 1349 1808 1412 Antonii
1856 1356 2035 1410 metu
2076 1345 2340 1409 Caesari
2384 1343 2720 1406 blandiens
2763 1354 2768 1443 γ
2817 1342 3112 1407 Numatii
3156 1344 3388 1409 Planci
3425 1346 3772 1421 sententia,
3820 1367 4023 1427 quum
4064 1346 4454 1428 quibusdam
4497 1367 4767 1411 censen-

766 1464 896 1505 non
933 1441 1217 1505 libertati
1259 1437 1543 1513 studere,
1593 1434 1708 1498 sed
1746 1432 2176 1497 domesticum
2216 1430 2336 1494 sibi
2382 1429 2721 1492 dominum
2764 1470 2768 1521 l
2820 1429 2994 1493 tibus
3045 1430 3405 1495 Romulum
3450 1431 3766 1514 appellari
3811 1439 4141 1513 oportere,
4197 1432 4381 1513 quasi
4438 1440 4504 1496 et
4553 1432 4770 1515 ipsum

765 1529 976 1592 facere
1024 1525 1371 1589 videretur.
1450 1524 1542 1585 At
1586 1541 1740 1583 vero
1785 1520 1979 1600 longe
2024 1514 2203 1581 aliud
2247 1525 2484 1578 sonant
2522 1516 2721 1578 verba
2765 1542 2769 1557 ·
2821 1514 3224 1579 conditorem
3268 1518 3468 1591 urbiS,
3514 1517 4004 1599 praevaluisset,
4054 1528 4124 1580 ut
4169 1520 4514 1599 Augustus
4557 1519 4770 1599 potius

764 1613 963 1677 Bruti
1005 1613 1073 1675 in
1112 1610 1384 1693 epistola
1421 1608 1501 1672 ad
1544 1607 1856 1670 Atticum.
1929 1602 2249 1685 Appellet,
2287 1601 2515 1683 inquit,
2561 1620 2714 1682 ergo
2765 1636 2770 1697 i
2823 1613 3182 1679 vocaretur,
3209 1611 3325 1665 etc.
3392 1601 3592 1666 Verbi
3637 1612 3903 1687 etymon
3948 1614 4098 1685 pete
4141 1625 4222 1666 ex
4260 1601 4518 1681 ovidio,
4562 1604 4770 1685 primo

765 1708 1015 1781 patrem
1082 1698 1231 1761 licet
1297 1693 1611 1760 Octavius
1676 1690 2090 1765 Ciceronem,
2167 1689 2411 1751 referat
2476 1688 2712 1763 omnia,
2764 1706 2770 1747 l
2821 1685 3202 1766 Fastorum,
3263 1696 3332 1752 et
3385 1687 3618 1752 Servio
3673 1690 3743 1752 in
3799 1689 3917 1752 IV.
3977 1697 4319 1753 comment.
4380 1689 4766 1772 Georgicon.

763 1783 1014 1862 laudet,
1076 1783 1321 1865 gratias
1379 1788 1562 1863 agat,
1619 1789 1839 1841 tamen
1886 1773 2047 1839 illud
2093 1772 2456 1857 apparebit,
2518 1770 2717 1836 verba
2765 1780 2769 1837 !
2821 1772 3063 1837 Felicis
3107 1794 3364 1851 nomen,
3411 1774 3918 1858 quodlegerim,
3965 1775 4214 1857 primus
4260 1774 4380 1839 sibi
4426 1773 4771 1857 adscripsit

763 1870 955 1935 rebus
1023 1889 1164 1932 esse
1231 1866 1602 1931 contraria..
1667 1861 1983 1926 Eiusdem
2037 1860 2310 1924 rationis
2350 1865 2482 1934 est,
2541 1856 2719 1940 quod
2764 1864 2769 1927 l
2821 1858 2899 1922 L.
2949 1856 3166 1943 Sylla,
3223 1860 3499 1942 publicis
3557 1860 3840 1925 miseriis
3899 1861 4283 1942 quaesitum.
4373 1861 4550 1924 Hinc
4611 1860 4769 1925 illud

764 1957 1049 2020 affirmat
1108 1954 1491 2017 Ciceronem
1549 1971 1749 2032 quum
1806 1960 2071 2011 senatus
2130 1947 2249 2009 sibi
2309 1943 2716 2025 triumphum
2765 1942 2769 1987 ¹
2820 1942 3127 2025 probrose
3173 1946 3517 2010 iactatum:

764 2063 848 2106 ex
902 2040 1238 2124 provincia
1298 2037 1596 2101 redeunti
1643 2036 2046 2125 decerneret,
2106 2030 2543 2113 respondisse,
2591 2029 2713 2093 sibi
2765 2072 2769 2145 ι
3025 2049 3222 2115 Aspice
3259 2048 3470 2102 felicem
3508 2049 3622 2116 sibi,
3660 2065 3767 2101 nou
3804 2048 3917 2116 tibi,
3957 2048 4200 2116 Romule,
4238 2048 4455 2117 Syllam.

767 2129 1017 2212 gratius
1073 2128 1210 2188 fore
1266 2123 1674 2204 triumphum
1742 2120 2041 2217 Caesaris
2109 2119 2307 2213 sequi.
2424 2118 2718 2197 Apparet
2765 2162 2768 2203 ;
2997 2132 3203 2213 Prope
3244 2139 3334 2198 est
3376 2139 3444 2197 ut
3487 2133 3740 2198 libente,-
3782 2136 4050 2213 damnet,
4104 2135 4215 2215 qui
4258 2132 4401 2220 0510]
4465 2133 4539 2199 Si
4599 2136 4770 2199 enim

767 2222 986 2278 autem
1025 2234 1107 2275 ex
1153 2209 1367 2274 vorbis
1393 2208 1745 2283 Ciceronis,
1791 2227 2007 2288 Ipsum
2047 2214 2111 2268 Gt
2146 2201 2382 2285 cupldss
2423 2209 2567 2279 [pag.
2607 2207 2711 2277 99]
2765 2242 2769 2285 a
2820 2220 2888 2283 in
2943 2217 3288 2283 iudicando
3344 2220 3693 2284 criminosa
3748 2227 3849 2285 est
3901 2220 4233 2299 celeritas,
4308 2228 4499 2303 atque
4556 2230 4630 2284 ut
4683 2221 4772 2285 ait

768 2299 1118 2380 appetisse,
1178 2306 1243 2359 et
1287 2295 1576 2358 oblatum
1621 2314 1756 2356 non
1800 2293 2157 2373 respuisse,
2211 2289 2326 2354 sed
2383 2286 2715 2351 distulisse
2765 2296 2770 2377 ξ
2820 2304 3156 2369 Iuvenalis
3201 2304 3448 2389 Satyra
3490 2305 3640 2369 Vh

770 2406 959 2449 suam
1007 2405 1217 2466 spem,
1276 2381 1403 2462 fluo
1445 2380 1680 2444 maiori
1722 2385 2041 2459 apparatu
2090 2373 2554 2455 triumpharet,
2614 2393 2716 2436 re·
2765 2392 2770 2443 ξ

2577 2459 2716 2522 Nec
2765 2458 2770 2489 '

768 2471 888 2534 bus
954 2468 1223 2533 urbanis
1281 2466 1653 2548 compositis
1718 2476 1785 2527 et
1847 2460 2070 2527 sedata
2135 2460 2464 2525 seditione.

769 2565 923 2619 ante
969 2555 1365 2619 voluntatem
1424 2551 1683 2627 abiecit,
1743 2570 1941 2631 quam
2002 2547 2352 2629 transfugit
2391 2543 2473 2609 ad
2516 2545 2717 2609 Pom-

768 2643 1013 2725 peium:
1071 2641 1313 2722 quippe
1367 2639 1446 2702 de
1498 2635 1864 2718 sumptibus
1932 2653 2326 2718 magnopere
2381 2630 2715 2708 sellicitus,
2768 2608 2771 2745 ι

769 2736 837 2792 et
879 2733 1146 2791 ornatus
1201 2725 1536 2789 lictoribus
1593 2723 1920 2786 laureatis.
2011 2720 2232 2784 Nolim
2284 2718 2446 2781 mihi
2493 2715 2717 2782 ereda-

770 2824 903 2877 tur:
972 2812 1123 2877 audi
1201 2813 1418 2894 ipsum
1485 2809 1890 2874 Ciceronem.
2006 2807 2304 2870 Primum
2364 2803 2530 2867 libro
2597 2802 2714 2865 VI.

767 2898 1215 2982 Epistolarum
1274 2896 1593 2960 deliberat
1647 2916 1798 2959 cum
1840 2893 2092 2957 Attico:
2154 2890 2437 2967 Videris,
2483 2891 2719 2970 inquit,
2768 2894 2772 2979 ζ

768 2984 924 3069 quid
959 2984 1143 3049 nobis
1181 2983 1261 3047 de
1298 2981 1633 3064 triumpho
1675 2977 2096 3064 cogitandum
2131 2986 2348 3059 putes:
2398 2974 2481 3040 ad
2526 2996 2721 3057 quem

768 3073 959 3138 amici
997 3093 1102 3135 me
1142 3078 1399 3135 vocant.
1472 3070 1637 3151 Ege,
1686 3067 1810 3131 nisi
1854 3064 2152 3141 Bibulus,
2198 3065 2309 3146 qui
2355 3062 2511 3127 dum
2549 3082 2720 3126 unus

769 3158 1005 3240 hospes
1044 3161 1092 3239 ¹)
1149 3156 1216 3219 in
1279 3155 1478 3239 Syria
1520 3155 1672 3231 fuit,
1730 3153 1961 3234 pedem
2004 3163 2192 3232 porta
2236 3170 2367 3212 non
2411 3149 2560 3230 plus
2605 3168 2720 3210 ex-

767 3244 952 3321 tulit,
998 3262 1193 3326 quam
1240 3241 1433 3305 domo
1478 3262 1624 3316 sua,
1678 3239 2131 3312 admiraretur,
2149 3238 2207 3319 ⁰²)
2263 3235 2342 3298 de
2388 3234 2720 3316 triumpho

732 3337 735 3344 '
771 3350 978 3412 aequo
1016 3328 1240 3392 animo
1264 3349 1492 3400 essem,
1533 3347 1708 3388 nunc
1735 3344 1889 3387 vero
1924 3321 2171 3406 αι’σχρὸν
2208 3323 2462 3411 σιωπᾷν.
2514 3321 2718 3385 Libro

770 3415 958 3480 VIL:
1015 3415 1115 3477 'I'u
1162 3423 1389 3503 autem⁸
1428 3411 1508 3475 de
1551 3424 1774 3474 nostro
1818 3421 1997 3472 statu
2040 3408 2385 3491 cogitabis,
2430 3407 2720 3489 primum

770 3521 897 3583 quo
934 3499 1208 3565 artificio
1232 3508 1541 3563 tueamur
1574 3496 2095 3561 benevolentiam
2120 3495 2445 3572 Caesaris,
2484 3491 2723 3557 deinde

772 3587 852 3651 de
894 3587 1035 3668 ipso
1068 3583 1422 3667 triumpho,
1469 3603 1666 3666 quem
1703 3581 1908 3658 vide0‚
1953 3581 2084 3643 nisi
2125 3578 2517 3662 reipublicae
2555 3587 2720 3643 tem-

771 3695 931 3756 pora
964 3671 1342 3754 impedient,
1389 3667 1763 3752 εὐπόριστον.
1823 3667 2018 3731 Item:
2069 3665 2321 3747 Scripsi
2355 3664 2436 3754 ad
2474 3666 2721 3736 Teren-

770 3763 948 3836 tiam,
995 3757 1229 3839 scripsi
1272 3756 1469 3820 etiam
1512 3755 1593 3818 ad
1638 3756 1852 3837 ipsum
1896 3774 2021 3831 me,
2069 3750 2381 3834 quidquid
2425 3764 2643 3835 posset
2662 3752 2720 3833 ⁸)

770 3864 1193 3910 nummorum
1245 3842 1327 3906 ad
1382 3851 1767 3924 apparatum
1825 3839 2070 3922 sperati
2127 3837 2443 3920 triumphi
2488 3837 2571 3901 ad
2616 3858 2722 3900 me

770 3930 1208 3996 redacturum.
1311 3928 1509 3991 Item:
1575 3928 1674 3991 De
1728 3924 2063 4007 triumpho
2123 3933 2345 3989 autem
2389 3924 2574 3988 nulla
2616 3944 2722 3987 me

769 4015 1092 4098 cupiditas
1137 4034 1429 4096 unquam
1488 4014 1702 4076 tenuit
1756 4021 1909 4075 ante
1954 4010 2177 4075 Bibuli
2231 4009 2722 4094 impudentissi-

769 4124 913 4168 mas
943 4097 1209 4167 literas:
1256 4121 1417 4182 quas
1461 4099 1860 4180 amplissime
1905 4097 2288 4179 supplicat-io
2324 4109 2724 4179 consequuta

771 4193 899 4253 est:
937 4209 977 4251 a
1017 4208 1144 4269 quo
1181 4186 1239 4251 si
1273 4193 1575 4267 eei-gesta
1612 4192 1785 4261 sunt,
1824 4205 1987 4266 quae
2024 4184 2301 4267 scripsit,
2348 4183 2721 4266 gauderem,

769 4283 838 4339 et
880 4273 1118 4338 honori
1171 4273 1477 4364 faverem.
1569 4270 1765 4335 Nune
1808 4270 2024 4348 illum,
2083 4273 2192 4352 qui
2238 4270 2471 4352 pedem
2513 4277 2720 4352 porta,

769 4359 986 4443 quoad
1030 4358 1235 4424 hostis
1279 4357 1371 4421 cis
1416 4355 1830 4438 Euphratem
1873 4356 2017 4434 fuit,
2064 4378 2193 4420 non
2230 4357 2560 4433 extulerit,
2604 4354 2724 4417 ho-

772 4467 934 4510 nore
979 4444 1236 4527 augeri:
1284 4464 1390 4507 me
1432 4443 1502 4505 in
1545 4442 1733 4507 cuius
1773 4444 2068 4508 exercitu
2104 4465 2287 4525 spem
2323 4443 2499 4506 illius
2535 4461 2722 4505 exer-

773 4533 939 4597 citus
1000 4529 1256 4604 habuit,
1317 4528 1491 4592 idem
1549 4551 1679 4593 non
1738 4530 2022 4611 assequi,
2081 4528 2361 4594 dedecus
2420 4537 2522 4593 est
2575 4548 2724 4591 nos-

772 4627 985 4682 trum:
1034 4624 1330 4680 nostrum
1373 4616 1660 4696 inquam,
1706 4624 1773 4680 te
1818 4617 2238 4699 coniungens.
2319 4617 2548 4696 Itaque
2585 4635 2723 4678 om-

774 4705 886 4769 nia
922 4702 1246 4786 experiar,
1289 4708 1370 4779 et,
1408 4707 1483 4763 ut
1516 4722 1722 4784 spere,
1762 4721 2086 4784 assequar.
2139 4701 2515 4784 Perpendat
2549 4721 2728 4764 nunc

775 4811 999 4856 secum
1044 4788 1265 4866 lector,
1312 4807 1476 4850 num
1514 4787 1692 4865 haec,
1739 4804 1805 4851 et
1841 4787 1944 4852 his
1981 4789 2238 4866 similia,
2277 4809 2442 4869 quae
2478 4787 2548 4849 in
2585 4787 2726 4850 eius

774 4876 1065 4958 epistolis
1111 4873 1389 4957 sparsim
1431 4871 1758 4955 leguntur,
1804 4873 1941 4938 sint
1983 4873 2393 4958 triumphum
2437 4873 2726 4937 abnuen-

916 5182 972 5245 1)
1013 5183 1196 5237 Hodie
1228 5184 1454 5251 legitur:
1488 5183 1681 5235 hostis.
1818 5179 1878 5243 2)
1918 5180 2087 5247 Apud
2127 5182 2436 5235 Ciceronem
2483 5188 2589 5236 est.-
2636 5182 2727 5236 ad·

776 5253 1051 5306 niteretur.
1268 5252 1329 5316 3)
1370 5251 1665 5304 Editiones
1717 5249 1994 5303 Ciceronis
2040 5266 2187 5304 nunc
2232 5252 2460 5306 habent:
2507 5267 2725 5319 possem

828 5361 841 5375 .
878 5361 890 5372 .
929 5361 941 5374 .
978 5320 1047 5374 ad
1084 5327 1137 5373 te
1174 5320 1532 5376 redacturum.

2769 3207 2774 3268 ς
2824 3204 2995 3247 nem.
3027 3184 3074 3265 ¹)

2915 2408 3080 2462 Nulla
3115 2424 3349 2475 unquam
3384 2408 3450 2461 de
3488 2416 3662 2463 morte
3697 2409 3928 2463 hominis
3965 2410 4236 2463 cunetatio
4275 2410 4438 2479 longa
4473 2417 4576 2477 est,

2824 2498 2968 2571 [pag.
3012 2499 3155 2569 100]
3205 2494 3318 2575 qui
3361 2495 3490 2562 cito
3539 2494 3837 2572 damnat,
3880 2495 4161 2559 libenter
4205 2494 4489 2560 damnat.
4545 2493 4769 2561 'Cele-

2823 2581 3053 2643 bratur
3096 2580 3583 2664 apophthegma
3626 2580 4017 2658 Alexandri,
4077 2580 4351 2664 dignum
4402 2581 4603 2665 longe
4648 2583 4771 2647 alio

2823 2687 3006 2748 rege,
3060 2686 3256 2747 quam
3301 2685 3370 2729 se
3415 2677 3639 2748 postea
3692 2667 4123 2747 praestiterit:
4181 2668 4291 2749 qui
4332 2687 4371 2730 a
4414 2681 4628 2733 matre
4671 2690 4770 2733 ro-

2823 2764 3035 2834 gatus,
3075 2760 3149 2814 ut
3183 2752 3467 2816 hominis
3493 2752 3859 2817 innocentis
3894 2759 4174 2817 mortem
4213 2754 4335 2818 sibi
4373 2755 4769 2831 concederet,
4801 2750 4806 2755 ’

2824 2837 3038 2915 aliam,
3083 2839 3315 2920 inquit,
3361 2858 3553 2921 posce
3579 2838 3978 2903 *mercedem
4069 2839 4378 2904 Hominis
4423 2841 4602 2905 enim
4641 2842 4774 2906 vita

2823 2923 3004 2987 nullo
3050 2922 3362 2988 beneficio
3407 2932 3739 3006 pensatur.
4614 2928 4630 2941 '

2996 3007 3371 3096 Erixovwm]
3414 3009 3715 3075 Historia
3759 3009 3919 3075 adeo
3957 3018 4091 3077 noh
4126 3010 4326 3095 vulgo
4362 3013 4626 3097 cognita
4658 3020 4771 3092 est,

2825 3109 2897 3160 ut
2951 3097 3081 3160 alia
3133 3097 3533 3180 exemplaria
3577 3097 3933 3162 'l'i'ixonem
3988 3098 4306 3176 habeant,
4366 3099 4499 3163 alia
4552 3101 4773 3165 Buxe-

2997 3268 3307 3352 Flayellis
3348 3266 3678 3356 ceciderat]
3760 3269 4050 3335 Tametsi
4095 3270 4272 3334 enim
4311 3273 4529 3353 patria
4561 3280 4774 3354 potes-

2823 3361 2926 3419 tas
2990 3376 3229 3439 magna
3284 3351 3426 3420 erat
3481 3354 3655 3437 apud
3711 3355 4075 3434 Romanos,
4132 3356 4256 3422 hoe
4312 3365 4534 3422 tamen
4588 3366 4774 3441 puta-

2824 3441 3019 3504 batur
3054 3441 3342 3505 libertati
3378 3442 3819 3518 contrarium,·
3842 3440 4120 3507 liberum
4157 3441 4642 3508 adulescentem
4681 3445 4773 3508 af-

2825 3528 2931 3591 fici
2974 3527 3320 3594 servilibus
3365 3528 3745 3610 opprobriis.
3835 3529 4003 3592 Erat
4060 3537 4279 3593 autem
4336 3529 4602 3610 servile,
4660 3532 4773 3595 fla-

2825 3612 3012 3696 gellis
3055 3612 3264 3677 eaedi:
3312 3612 3484 3695 quod
3527 3615 3817 3696 respexit
3862 3612 4117 3679 Seneca
4170 3616 4241 3678 in
4295 3614 4447 3679 ludo
4494 3614 4773 3694 Claudii,

2825 3720 3028 3780 quum
3071 3700 3311 3782 inquit:
3355 3699 3700 3782 Apparuit,
3728 3701 3939 3765 subito
3987 3699 4057 3765 C.
4108 3700 4385 3779 Caesar,
4443 3710 4510 3766 et
4554 3712 4776 3784 petere

2825 3784 3013 3848 illum
3055 3785 3127 3848 in
3170 3785 3558 3850 servitutem
3603 3787 3846 3868 coepit:
3901 3784 4202 3868 producit
4256 3794 4487 3862 testes,
4544 3789 4654 3870 qui
4698 3789 4776 3852 il-

2824 3870 2968 3934 lum
3010 3869 3314 3935 viderent
3355 3871 3437 3934 ab
3471 3871 3586 3936 illo
3630 3873 3883 3958 flagris,
3931 3872 4185 3949 ferulis,
4233 3874 4527 3956 colaphis
4575 3897 4776 3958 vapu-

2826 3955 3088 4020 lantem.
3178 3956 3612 4022 Adiudicatur
3653 3956 3729 4023 C.
3777 3956 4061 4023 Caesari.
4151 3959 4244 4022 Et
4286 3959 4358 4023 in
4401 3960 4581 4025 Iure:
4636 3961 4778 4044 qui-

2825 4043 2948 4108 bus
2993 4064 3075 4106 ex
3121 4043 3333 4108 causis
3376 4043 3566 4107 liberi
3610 4043 3907 4122 fustibus,
3956 4045 4130 4108 servi
4173 4045 4452 4128 flagellis
4496 4046 4778 4112 caedun-

2827 4138 2954 4193 tur.
3045 4127 3204 4202 Ideo
3263 4131 3437 4194 servi
3491 4130 3841 4211 flagriones
3895 4129 4312 4211 peculiariter
4356 4131 4774 4197 vocabantur.

3006 4216 3317 4298 Graphiis
3383 4212 3679 4299 confodit]
3782 4215 4152 4297 Graphium
4221 4216 4436 4299 stylus
4501 4227 4600 4283 est
4650 4219 4779 4284 fer-

2829 4324 2981 4367 reus
3025 4309 3388 4386 peracutus,
3435 4321 3562 4382 quo
3604 4300 3674 4364 in
3718 4301 4148 4384 pugillaribus
4194 4303 4521 4368 scribitur.
4614 4303 4778 4369 Ovi-

2828 4389 2975 4454 dius
3014 4389 3086 4452 in
3130 4387 3509 4451 Amoribus:

2983 4490 3121 4557 Quid
3157 4491 3352 4558 digitos
3391 4506 3528 4557 opus
3565 4497 3649 4543 est
3682 4490 3962 4559 graphium
3999 4489 4205 4544 lassare
4246 4491 4519 4547 tenendo-⁸?

2830 4576 3250 4660 Tranquillus
3293 4577 3363 4640 in
3409 4574 3738 4659 Caligula:
3788 4573 4190 4640 Subornavit
4223 4576 4336 4659 qui
4379 4578 4634 4643 curiam
4675 4579 4776 4642 in-

2830 4663 3252 4749 gredientem,
3291 4662 3547 4727 hostem
3570 4660 3902 4743 publicum
3926 4661 4330 4744 appellantes
4365 4663 4777 4743 invaderent,

2831 4749 3250 4856 graphiisque
3302 4750 3672 4813 confossum
3734 4747 4004 4830 reliquis
4059 4747 4413 4814 traderent.
4515 4750 4779 4817 Dicitur

2830 4835 2949 4900 απὸ
2993 4837 3096 4898 τοῦ
3138 4835 3405 4918 γράφειν.

3012 4923 3172 4986 Tam
3218 4926 3479 5003 patrum
3533 4940 3725 5002 quam
3775 4920 4057 5000 filiorum
4111 4919 4430 5007 manibus]
4500 4923 4778 4987 Patrum

2834 5008 3123 5093 quidem,
3182 5005 3334 5089 quia
3388 5025 3526 5078 sua,
3560 5005 3944 5071 erudelitate
3987 5006 4235 5071 invisos
4279 5006 4432 5071 filiis
4476 5017 4779 5092 parentes

2969 5247 3028 5313 1)
3069 5248 3187 5301 Imo
3233 5248 3399 5301 multo
3435 5249 3628 5314 plures
3671 5246 3770 5300 hoc
3819 5247 3932 5301 loco
3977 5252 4272 5304 occurrunt
4307 5220 4589 5302 variantes
4623 5247 4686 5302 ia
4717 5245 4784 5301 b·-

2831 5318 2946 5373 bris
2982 5333 3150 5370 manu
3186 5317 3408 5384 scriptis
3442 5323 3492 5371 et
3525 5317 3821 5384 mpressis.
4481 5345 4487 5356 ·
