5100 6061
2077 1835 2729 1934 EPISTOLA
2787 1835 3433 1933 SECUNDA.

754 2026 882 2093 DE
930 2023 1475 2092 CHRISTIANI
1529 2022 1932 2090 HOMINIS
1978 2021 2360 2089 OFFICIO
2414 2022 2514 2087 IN
2562 2019 3185 2088 SAOERDOTIIS
3230 1972 3634 2086 PAP‘ALIS
3678 2019 4201 2087 EOOLESIAE
4255 2023 4446 2088 VEL
4494 2024 4760 2090 ADMI-

2030 2157 2600 2224 NISTRANDIS
2646 2157 2836 2224 VEL
2883 2157 3305 2224 ABIIOOEN
3310 2156 3483 2223 DIS

1011 2328 1294 2449 Iomes
1350 2383 1667 2448 Calvinus
1722 2383 1930 2447 veteri
1988 2383 2225 2461 amico,
2280 2377 2455 2447 nun&
2499 2381 2704 2446 Pmo-
2754 2351 2759 2409 l
2808 2347 3018 2413 bitavi
3062 2367 3261 2429 quam
3303 2345 3376 2410 in
3418 2353 3676 2428 partem
3720 2366 3894 2411 essee
3938 2356 4320 2429 accepturus
4354 2349 4760 2433 obstreperas

1186 2485 1342 2566 suh
1384 2485 1467 2550 N
1518 2484 1837 2551 Salutem
2755 2416 2828 2549 1
2810 2434 2971 2498 istas
3015 2454 3195 2498 meas
3231 2451 3449 2497 voces:
3488 2451 3602 2497 seu
3638 2432 3902 2497 substiti
3937 2434 4134 2497 etiam
4173 2441 4318 2513 [pag.
4341 2442 4448 2513 46]
4494 2436 4759 2518 paulum

2756 2562 2761 2715 !
2810 2520 2884 2582 in
2925 2519 3069 2601 ipsa
3112 2516 3436 2584 scribendi
3480 2517 3892 2601 cogitatione,
3940 2526 4009 2583 et
4050 2540 4288 2602 parum
4332 2521 4555 2599 abfuit,
4604 2523 4758 2605 quin

931 2607 1156 2688 Quum
1178 2605 1342 2671 haec
1368 2604 1648 2673 scribere
1683 2607 2114 2684 instituerem,
2151 2605 2523 2670 subveritus
2559 2625 2707 2669 sum
2812 2604 3156 2670 consilium
3201 2625 3468 2686 prorsus
3502 2604 3877 2670 abiicerem:
3926 2605 4100 2688 quod
4134 2606 4307 2671 inter
4342 2628 4574 2673 suaves
4620 2609 4759 2675 illas

758 2695 987 2779 prime,
1034 2714 1118 2757 ne
1162 2692 1437 2774 ineptire
1474 2690 1591 2756 tibi
1635 2698 1831 2774 atque
1873 2691 2035 2757 adeo
2071 2692 2358 2756 insanire
2393 2690 2705 2773 quodam·
2757 2686 3128 2811 {Sirenum
3152 2691 3484 2790 cantiones
3516 2689 3725 2754 ullum
3765 2692 3945 2756 sanis
3969 2691 4020 2773 ¹)
4056 2693 4342 2758 consiliis
4364 2692 4582 2775 locum
4607 2695 4754 2772 fore,

756 2779 947 2845 modo
1002 2778 1288 2857 viderer,
1356 2777 1530 2860 quod
1584 2778 1757 2842 inter
1809 2784 1907 2842 tot
1963 2777 2438 2862 gratulantium
2494 2797 2704 2854 voces,
2757 2764 3136 2853 1θοιιιιᾶθιθ,
3171 2776 3285 2841 vix
3326 2774 3661 2842 audebam.
3711 2777 4070 2840 Enimvero
4093 2799 4295 2859 quum
4323 2800 4583 2845 mecum
4620 2803 4756 2844 rur-

757 2887 931 2931 unus
975 2866 1092 2930 tibi
1135 2884 1283 2928 mea
1317 2864 1692 2929 morositate
1729 2864 2129 2945 obstrepam:
2179 2863 2337 2945 quin
2380 2870 2449 2927 et
2492 2863 2707 2944 ipsum
2759 2880 2760 2889 ¹
2813 2883 2958 2926 sum
3015 2871 3415 2944 reputarem,
3485 2869 3761 2944 quantos
3828 2862 3899 2926 ιιι
3953 2862 4249 2945 scopulos
4305 2865 4642 2929 incautum
4697 2875 4755 2931 te

757 2953 825 3015 id
880 2953 951 3015 in
1005 2958 1070 3014 te
1115 2949 1477 3033 deplorem,
1536 2947 1710 3048 quod
1765 2949 1875 3013 alii
1930 2949 2048 3013 tibi
2093 2970 2319 3014 omnes
2366 2956 2706 3032 tantopere
2756 2944 2762 3015 ἒ
2812 2947 3008 3032 paulo
3052 2956 3200 3029 post
3244 2947 3537 3012 illisurae
3574 2961 3792 3013 essent
3827 2948 3953 3013 hae
3988 2950 4186 3030 ipsae,
4226 2970 4390 3049 quae
4428 2972 4604 3016 nunc
4641 2952 4755 3017 tibi

758 3038 1190 3123 gratulantur.
1255 3036 1486 3119 Neque
1531 3036 1709 3100 enim
1755 3036 2026 3101 dubium
2073 3056 2214 3101 esse
2259 3042 2498 3133 potest,
2548 3036 2705 3116 quin
2759 3085 2762 3094 .
2812 3035 3103 3099 suaviter
3138 3033 3429 3098 arrident
3448 3034 3819 3101 illecebrae.
3856 3034 3981 3101 hoc
4018 3057 4121 3099 me
4147 3037 4472 3102 amicitiae
4497 3047 4755 3103 nostrae

757 3145 834 3190 ea
876 3125 945 3188 in
991 3131 1207 3207 gente,
1254 3143 1419 3204 quae
1462 3122 1879 3205 praecipuam
1923 3142 1997 3187 ac
2042 3142 2242 3203 prope
2279 3121 2542 3186 unicam
2589 3120 2707 3184 ho·
2757 3193 2761 3212 .
2813 3121 3048 3198 veteri,
3107 3120 3562 3202 fraternaeque
3604 3140 3824 3202 paene
3879 3122 4319 3187 coniunctioni
4375 3125 4606 3205 putavi
4651 3123 4756 3188 de-

756 3211 1012 3275 minum
1057 3209 1445 3292 dignitatem
1487 3207 1558 3270 in
1601 3208 1984 3272 facultatum
2030 3206 2459 3288 amplitudine
2501 3207 2707 3270 fortu-
2759 3219 2760 3278 ξ
2813 3205 2982 3283 bere,
3027 3226 3111 3269 ne
3156 3207 3227 3269 in
3271 3205 3604 3271 exitialem
3645 3207 3908 3270 ruinam
3957 3207 4113 3270 ferri
4170 3215 4234 3272 te
4279 3209 4489 3274 sciens
4546 3231 4620 3275 ac
4665 3211 4756 3274 vi-

756 3316 1010 3377 naeque
1062 3293 1406 3375 splendore
1461 3294 1741 3376 reponit,
1799 3293 2185 3375 amplissimi
2237 3292 2434 3357 huius
2492 3312 2708 3358 sacer·
2758 3290 2994 3369 dens,
3038 3313 3241 3372 quum
3285 3292 3740 3375 praecipitanti
3791 3312 4065 3356 manum
4110 3292 4263 3358 dare
4302 3294 4524 3373 liceat,
4572 3294 4757 3361 dissi·

757 3381 938 3458 dotii,
983 3401 1109 3462 quo
1153 3387 1217 3444 te
1262 3401 1471 3461 nuper
1511 3390 1776 3444 auctum
1819 3378 2134 3454 intellexi,
2180 3379 2461 3443 accessio
2505 3378 2708 3461 pluri·
2758 3377 2764 3454 f
2813 3377 3074 3440 mulem.
3153 3378 3304 3441 Non
3348 3376 3766 3442 dissimulabo
3813 3379 4045 3460 igitur,
4094 3387 4160 3442 et
4203 3346 4574 3444 extremum
4618 3380 4754 3458 hoc,

761 3487 946 3531 mum
984 3464 1103 3528 tibi
1149 3473 1215 3529 et
1259 3465 1508 3548 gratiae
1553 3472 1621 3526 et
1663 3466 2032 3528 ornamenti
2078 3463 2399 3527 attulerit:
2447 3473 2522 3527 ut
2566 3466 2707 3529 sine
2815 3462 2987 3544 quod
3035 3485 3074 3526 a
3116 3484 3222 3527 me
3267 3461 3484 3528 deberi
3514 3464 3816 3562 existimo
3848 3463 4316 3529 necessitudini
4360 3477 4640 3545 nostrae,
4669 3467 4755 3531 of-

762 3552 1206 3617 controversia
1269 3571 1425 3615 vere
1492 3551 1720 3614 beatus
1788 3571 1862 3615 ac
1939 3550 2311 3614 fortunatus
2376 3551 2709 3615 communi
2759 3561 2764 3622 ff
2813 3550 3036 3613 ficium
3060 3549 3445 3631 persolvam.
3526 3548 3733 3614 Cuius
3766 3548 3822 3614 si
3855 3549 4108 3616 fructus
4125 3550 4376 3648 ‘aliquis
4413 3554 4752 3630 exstiterit,

762 3639 1056 3703 omnium
1112 3637 1423 3719 suffragio
1469 3647 1535 3700 et
1584 3635 1866 3701 videaris
1912 3642 1977 3700 et
2030 3635 2438 3718 praediceris.
2520 3636 2708 3701 Ami·
2759 3634 3071 3716 qualem
3097 3656 3430 3718 emergere
3459 3642 3526 3699 et
3547 3633 3972 3700 vehementer
3996 3636 4182 3718 cupio
4211 3647 4277 3700 et
4311 3636 4592 3702 libenter
4615 3659 4649 3702 s
4694 3660 4755 3703 e-

761 3744 869 3790 cos
914 3743 1069 3788 vero
1125 3725 1265 3786 iere
1311 3743 1536 3786 omnes
1592 3720 1811 3786 videre
1863 3721 2028 3785 mihi
2092 3722 2225 3785 iam
2268 3720 2523 3799 videor,
2583 3743 2708 3820 quo
2813 3741 2972 3799 rem,
2998 3742 3308 3803 magnam
3332 3721 3539 3785 labori
3570 3740 3717 3784 meo
3757 3722 4039 3804 gratiam
4074 3722 4212 3804 ipse
4245 3724 4567 3788 retuleris.
4692 3725 4756 3788 in

759 3829 947 3876 suam
991 3809 1060 3871 in
1100 3819 1163 3873 te
1199 3808 1721 3873 benevolentiam
1754 3815 2096 3884 testentur,
2132 3808 2471 3891 ingentem
2506 3807 2708 3872 animi
2814 3807 3049 3885 minus,
3098 3828 3310 3890 neque
3354 3806 3446 3871 sic
3489 3814 3714 3871 tamen
3758 3827 3990 3888 operae
4033 3807 4420 3890 poenitebit:
4478 3831 4647 3909 quae
4689 3819 4757 3874 ut

756 3895 1076 3961 laetitiam
1122 3894 1423 3959 certatim
1465 3915 1581 3976 pro
1628 3915 1696 3958 se
1741 3914 2093 3976 quemque,
2140 3903 2257 3957 aut
2299 3894 2536 3972 literis,
2597 3902 2710 3958 aut
2759 3869 2765 3946 Ῡ
2815 3891 2932 3957 tibi
2979 3858 3065 3956 si’t
3108 3899 3175 3956 et
3218 3892 3362 3956 aliis
3408 3890 3810 3974 quibusdam,
3859 3892 3965 3957 vel
4011 3893 4210 3958 etiam
4255 3903 4537 3971 centum,
4583 3897 4642 3961 si
4682 3895 4758 3958 li-

755 3981 1089 4064 praesenti
1130 4000 1291 4046 voce
1334 3979 1755 4045 declarantes.
1836 3978 2091 4060 Quibus
2135 3978 2602 4045 blandimentis
2646 3989 2764 4064 ιθ
2759 3978 2942 4056 bet,
2989 3999 3064 4043 ac
3099 3977 3278 4042 mille
3312 3976 3658 4043 lectoribus
3696 3979 4114 4056 infructuosa,
4154 3980 4502 4045 nonnullos
4537 3989 4759 4046 tamen

759 4089 891 4131 ιιοιι
936 4065 1341 4147 aliquantum
1388 4064 1770 4142 demulceri,
1817 4087 2015 4148 quam
2058 4066 2144 4130 sit
2187 4064 2465 4143 difficile,
2514 4043 2764 4129 intel-i
2814 4064 2952 4129 fore
2996 4064 3190 4147 plane
3235 4063 3488 4130 confido
3507 4116 3521 4141 ,
3570 4065 3680 4147 qui
3724 4062 3808 4128 ad
3849 4084 3985 4127 rem
4035 4086 4242 4148 usque
4285 4065 4443 4130 adeo
4501 4068 4757 4144 seriam,

757 4152 915 4237 ligo:
963 4151 1224 4234 quando
1261 4160 1327 4216 et
1362 4151 1444 4216 ad
1496 4151 1760 4216 delicias
1810 4152 2128 4216 eiusmodi
2173 4171 2400 4216 omnes
2438 4153 2711 4216 minime
2759 4209 2762 4218 .
2815 4149 3021 4214 animi
3061 4149 3500 4215 intentionem
3533 4150 3799 4233 propius
3836 4150 4298 4217 admovebunt.
4368 4150 4760 4236 Quanquam
4875 4155 4878 4162 '

757 4248 999 4303 natura
1039 4257 1313 4303 corneae
1358 4246 1514 4304 sunt
1557 4239 1902 4302 hominum
1957 4255 2179 4302 aures:
2234 4247 2299 4302 et
2345 4237 2510 4303 tales
2555 4246 2710 4303 sunt
2759 4241 2764 4284 :
2815 4236 2992 4300 enim
3038 4237 3151 4319 qui
3208 4256 3292 4299 ex
3336 4236 3447 4300 illo
3509 4257 3814 4301 romanae
3858 4256 4125 4300 mensae
4169 4237 4370 4302 calice
4415 4237 4621 4304 semel
4658 4238 4759 4304 vel

759 4325 953 4402 istae,
1012 4325 1245 4406 quibus
1300 4344 1477 4388 nunc
1537 4325 1843 4402 tentaris,
1912 4333 1987 4387 ut
2039 4323 2400 4389 severiores
2456 4345 2709 4407 quoque
2759 4321 2764 4396 J
2816 4321 3180 4386 hauserunt
3225 4322 3329 4385 vel
3373 4321 3713 4386 minimam
3759 4331 4014 4405 guttam
4067 4321 4453 4401 delibarunt,
4497 4345 4608 4387 eos
4653 4345 4760 4388 ve-

762 4432 953 4476 aures
1008 4409 1307 4474 nonnihil
1362 4409 1633 4474 delinire
1693 4419 1958 4509 queant.
2037 4407 2378 4491 Siquidem
2433 4418 2507 4473 ut
2562 4431 2710 4492 per·
2759 4404 2765 4506 ’ξ
2815 4408 3023 4471 nefica
3064 4406 3178 4470 illa
3234 4408 3495 4490 potione
3539 4408 3749 4473 ebrios
3801 4407 3937 4472 fere
3982 4428 4207 4474 omnes
4251 4408 4578 4475 videmus:
4637 4409 4763 4473 nisi

759 4497 1003 4563 multos
1048 4516 1191 4561 esse
1226 4496 1672 4573 concedamus,
1710 4497 1848 4561 vita
1868 4495 2110 4595 procul
2147 4496 2324 4558 omni
2361 4496 2712 4560 ambitione
2761 4509 2765 4564 ξ
2817 4499 3039 4556 tamen
3097 4491 3520 4558 vehementer
3576 4492 3765 4558 fallor
3818 4515 3946 4558 non
4005 4495 4097 4558 sic
4152 4514 4378 4559 omnes
4423 4493 4762 4578 obstupue-

761 4583 1136 4665 composita,
1183 4601 1379 4645 aurae
1418 4547 1751 4664 popula’ris
1793 4582 2063 4645 minime
2098 4589 2509 4678 appetentes·
2554 4602 2714 4663 pau·
2763 4583 2766 4658 ξ
2819 4585 3005 4654 ιιιιιι,
3072 4585 3146 4641 ιιι
3199 4599 3354 4644 ιιοιι
3385 4580 3637 4662 possint
3689 4601 3862 4644 unus
3921 4587 3987 4644 et
4042 4579 4207 4643 alter
4271 4580 4435 4644 meis
4502 4581 4759 4657 acalcie,

762 4671 1055 4736 cissimos
1115 4675 1339 4731 tamen
1393 4669 1706 4750 reperiaS,
1774 4667 1881 4733 vel
1938 4688 2165 4731 eorum
2220 4667 2333 4750 qui
2390 4666 2768 4731 habentur
2763 4733 2767 4742 ,
2862 4663 3053 4729 uibus
3112 4662 3219 4730 hic
3277 4679 3502 4729 eorum
3560 4665 3993 4729 somnolentia
4052 4676 4411 4749 pungetur,
4471 4667 4761 4732 excitari.

762 4756 1005 4853 alioqui
1064 4752 1597 4830 moderatissimi,
1657 4754 1767 4834 qui
1824 4754 1881 4816 si
1937 4754 2135 4817 totius
2176 4753 2420 4817 theatri
2478 4753 2715 4834 plausu
2763 4807 2766 4820 ,
2820 4686 3267 4849 Quamobrem
3321 4750 3490 4815 hanc
3546 4750 3887 4832 epistolam
3946 4751 4037 4815 sic
4103 4751 4221 4816 tibi
4277 4750 4633 4832 destinavi,
4693 4763 4764 4816 ut

763 4842 1185 4925 accipiantur,
1232 4840 1468 4903 animis
1512 4839 1906 4922 auribusque
1950 4839 2310 4914 offirmatis,
2359 4838 2529 4902 nihil
2573 4859 2713 4903 mo·
2763 4889 2768 4924 :
2818 4837 2926 4916 qui
2970 4837 3040 4899 in
3076 4835 3304 4902 eadem
3349 4836 3453 4920 (ut
3488 4834 3750 4916 dicitur)
3789 4846 4009 4903 tecum
4045 4838 4199 4901 navi
4237 4839 4593 4916 vehuntur,
4630 4859 4762 4902 om-

764 4936 1059 4993 veantur.
1124 4925 1327 5007 Atqui
1370 4924 1482 4990 ubi
1525 4935 1589 4988 te
1634 4925 1742 4989 vel
1778 4924 2108 4989 tantillum
2153 4922 2554 5007 palpandum
2599 4944 2713 5005 po·
2765 4981 2766 4998 ,
2818 4943 2937 4986 ιιθθ
2981 4923 3102 4986 sibi
3130 4923 3442 5005 scriptam
3476 4921 3869 5007 intelligant.
3939 4922 4111 4988 Nam
4140 4945 4348 5006 neque
4385 4924 4455 4987 in
4494 4945 4626 4988 uno
4664 4944 4764 4988 sa-

764 5012 900 5096 puli
955 5011 1291 5077 blanditiis
1344 5010 1873 5092 titillandumque
1918 5007 2202 5086 dederis,
2251 5018 2342 5088 te,
2402 5031 2521 5075 nec
2565 5031 2713 5074 sen·
2763 5069 2768 5082 ,
2819 5007 3087 5071 cerdotii
3131 5029 3367 5091 genere
3411 5008 3753 5073 tractando
3799 5008 3999 5092 (quod
4043 5010 4162 5074 tibi
4199 5010 4357 5074 satis
4401 5010 4574 5093 erat)
4622 5028 4767 5075 eam

764 5101 1056 5174 timitem,
1103 5118 1237 5161 non
1283 5096 1423 5162 dico
1465 5099 1533 5161 in
1579 5095 1965 5177 cupiditates
2008 5116 2345 5177 nunquam
2379 5103 2572 5160 antea
2608 5116 2714 5160 co-
2817 5113 3216 5171 consumere,
3263 5094 3376 5159 sed
3416 5115 3534 5178 per
3579 5096 3951 5160 universam
4000 5103 4366 5160 vestrarum
4402 5116 4603 5177 opum
4638 5094 4765 5160 col-

769 5186 1037 5283 gitatas‚
1096 5181 1213 5248 sed
1257 5183 1328 5246 ιιι
1383 5184 1589 5265 ipsius
1646 5181 1741 5245 tui
1787 5180 2178 5245 oblivionem
2223 5202 2494 5263 prorsus
2539 5180 2713 5246 abri-
2763 5189 2768 5204 *

765 5271 964 5355 pient.
1052 5268 1134 5332 Id
1177 5269 1530 5352 spectaculi
1576 5289 1778 5349 quum
1814 5267 2031 5330 animo
2071 5288 2215 5331 meo
2244 5288 2712 5349 proponerem,
2765 5301 2768 5316 =

766 5376 900 5423 non
946 5354 1165 5432 mod0‚
1212 5355 1383 5437 quod
1430 5354 1559 5418 iam
1608 5374 1819 5435 nuper
1873 5372 2019 5416 sum
2064 5351 2768 5432 confessuS,subdu-1
2959 5370 3016 5436 1)
3055 5368 3203 5423 Εάᾱ.
3244 5368 3586 5422 1552-1611
3625 5369 3792 5423 male.-
3837 5371 3985 5426 satis.
4063 5368 4258 5424 Gallus
4293 5369 4513 5426 scratit:
4552 5369 4762 5422 saincte.
