5100 6061
777 416 895 478 155

758 600 1197 685 praestabmtt:
1240 600 1738 665 misericordiam
1780 604 1986 664 autem
2027 600 2321 664 vitabunt.
2390 599 2511 664 Est
2554 601 2721 663 enim

767 689 992 753 vitium
1020 686 1255 767 pusilli
1294 687 1525 765 animi,
1582 686 1668 751 ad
1716 686 1977 767 speciem
2020 686 2367 750 alienorum
2408 687 2722 752 malorum

766 774 1150 839 succidendis.
1217 773 1443 853 Itaque
1471 773 1749 851 pessimo
1791 773 2014 853 cuique
2051 772 2575 852 familiarissima
2616 776 2717 835 est.

769 859 960 925 Anus
1002 865 1057 923 et
1099 859 1499 923 mulierculae
1541 863 1687 922 sunt
1728 877 1886 938 quae
1924 858 2221 939 lacrymis
2262 858 2720 923 nocentissimo-

767 965 915 1010 rum
967 950 1311 1010 moventur:
1355 965 1539 1025 quae,
1584 945 1643 1007 si
1684 944 1889 1007 liceret
1902 995 1916 1021 ,
1962 963 2266 1007 carcerem
2306 944 2719 1027 effrinqerent.

772 1031 1220 1096 Misericordia
1247 1050 1371 1094 non
1404 1048 1661 1095 causam
1694 1030 1803 1094 sed
1831 1029 2152 1110 fortunam
2185 1035 2425 1109 spectat,
2467 1030 2719 1094 clemen-

769 1120 862 1181 tia
910 1118 1145 1181 rationi
1187 1115 1428 1180 accedit.
1521 1114 1662 1179 Scio
1704 1117 1871 1181 male
1912 1116 2139 1179 audire
2181 1116 2354 1198 apud
2395 1117 2719 1196 imperitos

768 1208 997 1268 sectam
1046 1202 1403 1280 Stoicorum,
1449 1207 1748 1280 tanquam
1790 1202 1985 1265 nimis
2041 1201 2297 1278 durum,
2356 1205 2412 1264 et
2461 1203 2719 1265 minime

755 1288 1161 1372 principibus
1180 1287 1542 1369 reqibusque
1562 1288 1786 1351 bonum
1816 1289 2111 1352 daturam
2142 1287 2489 1353 consilium.
2553 1287 2720 1352 Obii-

768 1378 932 1441 citur
973 1375 1139 1438 enim
1184 1373 1281 1437 illi
1326 1374 1489 1453 quod
1538 1375 1878 1456 sapientem
1933 1379 2116 1455 neyat
2168 1374 2482 1452 misereri,
2538 1378 2720 1457 ncyat

770 1464 1091 1546 ignoscere.
1186 1460 1357 1523 Haec
1392 1460 1458 1522 -si
1491 1480 1614 1538 per
1655 1480 1721 1523 se
1747 1464 2087 1538 ponantur,
2132 1460 2346 1523 invisa
2379 1466 2539 1524 sunt.
2617 1459 2719 1524 Vi-

773 1550 998 1614 dentur
1039 1546 1202 1621 enim
1245 1545 1488 1610 nullam
1529 1566 1701 1626 spem
1740 1545 2091 1625 relinquere
2145 1546 2442 1610 humanis
2493 1546 2720 1609 errori-

773 1636 903 1713 bus,
947 1633 1055 1698 sed
1096 1633 1309 1695 omnia
1348 1630 1572 1693 delicta
1616 1631 1701 1694 ad
1734 1651 2007 1710 poenam
2048 1632 2355 1697 deducere.
2450 1632 2626 1712 Quod
2657 1633 2718 1695 si

773 1726 877 1798 est,
922 1720 1076 1800 quid
1119 1720 1188 1781 in
1230 1716 1345 1779 hac
1386 1717 1674 1792 seientia,
1722 1737 1881 1796 quae
1922 1717 2230 1782 dediscere
2271 1717 2719 1782 humanitatem

772 1807 935 1871 iubet
950 1855 965 1882 ,
1007 1809 1380 1884 portumque
1422 1803 1725 1866 adversus
1765 1802 2084 1882 fortunam
2124 1804 2540 1868 certissimum
2582 1824 2719 1869 mu·
2767 1838 2770 1847 ι

774 1898 875 1957 tuo
920 1890 1163 1954 auxilio
1213 1887 1454 1951 cludit?
1483 1890 1531 1969 ¹)
1627 1886 1751 1951 Sed
1795 1888 1976 1953 nulla
2022 1893 2187 1954 secta
2256 1889 2574 1972 beniynior
2635 1889 2717 1954 le-

773 1981 1029 2058 niorque
1070 1980 1183 2052 cst,
1240 1973 1422 2037 nulla
1476 1974 1788 2037 amantior
1833 1978 1980 2053 [pag.
2041 1978 2187 2052 150]
2256 1974 2603 2053 hominum,
2664 1980 2720 2039 et

769 2060 1198 2129 communibus
1251 2059 1426 2122 bonis
1487 2060 1799 2124 attentior:
1877 2065 1944 2122 ut
1990 2062 2384 2143 propositum
2429 2063 2513 2125 sit
2568 2063 2717 2125 usui

772 2170 903 2215 esse
944 2151 1057 2212 aut
1098 2144 1372 2220 auxilio,
1427 2165 1534 2209 nec
1577 2144 1699 2208 sibi
1741 2151 1985 2210 tautum
1999 2197 2013 2225 ,
2066 2147 2176 2210 sed
2218 2148 2533 2211 universis
2586 2148 2720 2211 sin-

770 2235 1057 2317 yulisque
1103 2230 1432 2295 consulere.
1524 2229 1970 2295 Misericordia
2009 2237 2097 2297 est
2142 2234 2465 2316 aeyritudo
2514 2234 2719 2298 animi

773 2320 843 2385 ob
866 2319 1215 2383 alienarum
1252 2317 1656 2380 miseriarum
1689 2318 1983 2397 speciem:
2017 2323 2129 2383 aut
2162 2320 2428 2383 tristitia
2462 2340 2537 2382 ez:
2573 2320 2720 2384 alic-

770 2407 877 2469 nis
916 2404 1108 2468 malis
1150 2407 1447 2483 concepta,
1490 2423 1651 2483 quae
1690 2402 1970 2467 accidere
2010 2404 2472 2469 immerentibus
2513 2406 2719 2469 credit.

772 2490 1119 2575 Aeqritudo
1150 2492 1355 2552 autem
1376 2490 1444 2551 in
1478 2488 1822 2570 sapientem
1840 2491 2049 2553 virum
2082 2510 2201 2553 non
2233 2491 2415 2555 cadit.
2485 2490 2721 2555 Serena

771 2578 937 2641 enim
978 2576 1115 2639 eius
1156 2595 1330 2638 mens
1373 2579 1477 2652 est,
1524 2595 1629 2637 nec
1660 2575 2008 2657 quidquam
2040 2576 2312 2641 incidere
2332 2583 2535 2660 potest
2554 2577 2720 2660 quod

773 2664 953 2727 illam
1006 2660 1279 2727 obducat.
1374 2659 1558 2724 Nihil
1603 2681 1791 2743 aeque
1845 2662 2151 2725 hominem
2206 2683 2397 2744 quam
2451 2682 2722 2746 maqnus

768 2749 1027 2814 animus
1065 2749 1241 2812 decet.
1312 2746 1455 2810 Non
1487 2751 1687 2828 potest
1727 2753 1933 2811 autem
1974 2767 2238 2829 maynus
2279 2769 2409 2813 esse
2451 2751 2621 2814 idem
2661 2750 2722 2812 si

769 2840 968 2899 metus
1010 2838 1067 2898 et
1108 2852 1344 2897 moeror
1386 2833 1723 2909 contundit,
1779 2836 1838 2898 si
1891 2838 2149 2898 mentem
2203 2835 2448 2900 obducit
2491 2845 2545 2899 et
2587 2856 2722 2899 con-

770 2920 982 2985 trahit.
1072 2918 1206 2983 Hoc
1260 2920 1534 2999 sapienti
1575 2939 1653 2983 ne
1696 2920 1768 2982 in
1810 2919 1952 2983 suis
1993 2921 2245 3001 quidem
2285 2922 2515 2986 accidet
2557 2921 2723 2985 calm

769 3005 1119 3084 natatibus,
1174 3005 1282 3069 sed
1337 3025 1573 3070 ominem
1623 3004 1911 3086 fortunae
1964 3006 2133 3070 iram
2177 3008 2611 3085 reverberabit,
2669 3012 2724 3072 et

771 3098 910 3157 ante
943 3112 1008 3156 se
1037 3092 1320 3175 franyet:
1364 3093 1620 3156 eandem
1661 3112 1903 3174 semper
1942 3093 2172 3174 faciem
2214 3095 2483 3159 servabit
2515 3096 2722 3175 placi-

768 3179 934 3256 dam,
970 3184 1026 3242 et
1052 3180 1499 3256 inconcussam,
1526 3178 1688 3257 quod
1705 3178 1910 3259 facere
1934 3198 2057 3241 non
2071 3186 2284 3259 posset
2309 3181 2370 3243 si
2397 3182 2723 3244 tristitiam

769 3265 1078 3347 reciperet.
1113 3263 1341 3328 Adiice
1363 3264 1526 3343 quod
1548 3264 1807 3343 sapiens
1815 3264 2129 3345 providus
2148 3271 2250 3343 est,
2274 3271 2328 3330 et
2352 3267 2423 3330 in
2442 3267 2722 3348 expedito

768 3351 1096 3415 consilium
1117 3348 1309 3413 habet.
1357 3347 1703 3429 Nunquam
1724 3354 1931 3413 autem
1951 3349 2264 3429 liquidum
2294 3353 2723 3432 sincerumque

770 3457 848 3500 esc
884 3436 1125 3499 turbido
1159 3437 1341 3498 venit.
1416 3435 1708 3498 Tristitia
1742 3436 1907 3498 enim
1942 3436 2244 3500 inhabilis
2276 3443 2365 3502 est
2400 3440 2484 3504 ad
2522 3440 2724 3520 dispi-

2409 411 2537 476 DE
2584 408 3130 477 CLEMENTIA

4660 418 4776 481 156

2824 620 2978 663 men
3033 599 3336 663 omnibus
3389 607 3654 681 recepta
3700 610 3803 663 est
3867 599 4268 684 etymologia
4322 620 4518 683 quam
4579 603 4773 669 verbo

2825 685 3312 767 superstitionis
3375 683 3558 749 dedit
3621 684 3872 751 Cicero.
3971 686 4144 749 Nam
4210 684 4486 752 Servius
4550 695 4775 754 octavo

2821 778 3241 836 commentar.
3289 769 3620 835 Aeneidos
3673 780 3740 835 et
3783 770 4092 837 Donatus
4147 772 4219 836 in
4264 771 4610 849 Andriam,
4657 796 4764 839 su-

2821 857 3272 939 perstitionem
3327 856 3570 920 dictam
3614 863 3880 938 putant,
3936 857 4108 938 quod
4157 858 4548 940 plerumque
4592 861 4778 925 cadat

2824 943 2946 1008 hoc
2989 943 3230 1008 vitium
3268 942 3342 1005 in
3383 941 3697 1021 aniculae,
3745 964 3911 1025 quae
3945 942 4179 1007 multis
4223 950 4438 1008 aetate
4478 952 4633 1009 sunt
4669 968 4774 1010 su-

2821 1029 3158 1110 perstites:
3220 1027 3571 1092 Lucretius
3627 1028 3817 1110 quasi
3872 1049 4095 1092 rerum
4158 1028 4347 1094 nobis
4401 1041 4773 1112 superstan-

2823 1116 2989 1178 tium
3004 1164 3018 1190 ,
3082 1113 3205 1178 hoc
3249 1122 3348 1178 est
3391 1112 3770 1178 coelestium
3812 1116 4088 1178 inanem
4131 1115 4540 1197 religionem.
4636 1121 4777 1196 [pag.

2832 1214 2856 1262 1
2873 1205 2978 1278 51]
3037 1198 3226 1262 Idem
3281 1199 3484 1262 etiam
3547 1196 3824 1265 Servius
3877 1200 3951 1263 in
3996 1199 4156 1264 XII.
4204 1200 4568 1267 Aeneidos:
4628 1203 4776 1286 quia

2822 1293 3152 1367 superstet
3202 1286 3399 1367 capiti
3457 1286 3669 1350 omnis
3714 1285 3968 1368 religio.
4070 1285 4646 1367 Quemadmodum
4700 1288 4778 1352 de

2820 1371 2962 1453 ipso
3017 1372 3279 1435 nomine
3336 1370 3670 1453 religionis
3722 1391 3856 1435 non
3914 1372 4337 1437 consentiunt
4383 1394 4537 1438 cum
4592 1373 4778 1440 Cice-

2823 1477 2982 1521 rone
3026 1458 3418 1523 Lactantius
3475 1467 3542 1521 et
3587 1455 3993 1522 Macrobius:
4049 1479 4331 1541 quorum
4383 1459 4549 1523 alter
4597 1480 4638 1524 a
4680 1481 4777 1524 re-

2823 1542 3119 1625 legend0,
3148 1542 3196 1626 ¹)
3243 1543 3412 1607 alter
3453 1564 3493 1606 a
3530 1542 3963 1626 relinquendo
4008 1543 4278 1609 derivat.
4371 1544 4544 1608 Vide
4580 1546 4776 1610 etiam

2822 1629 3143 1711 quaedam
3198 1628 3373 1712 apud
3427 1629 3879 1712 Augustinum
3944 1629 4109 1695 libro
4151 1629 4271 1693 VL
4335 1629 4416 1694 de
4472 1630 4776 1696 civitate.

3001 1714 3143 1779 Scio
3197 1715 3360 1779 male
3418 1715 3667 1796 audire]
3727 1716 4122 1797 Priusquam
4176 1715 4409 1780 reddat
4460 1716 4780 1782 rationem

2823 1822 2943 1866 cur
3013 1800 3527 1865 misericordiam
3592 1801 3965 1883 improbent
4020 1800 4256 1880 Stoici,
4327 1823 4449 1884 per
4515 1801 4781 1866 modum

2822 1880 3188 1971 προλήψεως
3233 1886 3473 1951 refellit
3507 1907 3734 1950 eorum
3774 1887 4165 1969 opinionem,
4212 1889 4323 1970 qui
4358 1887 4428 1952 id
4451 1888 4615 1951 vitio
4639 1909 4779 1952 ver·

2821 1981 2974 2036 tunt
3031 1972 3299 2050 Stoicis,
3355 1972 3529 2055 quod
3586 1980 3743 2037 sunt
3799 1973 3943 2037 sine
4001 1974 4274 2049 affectu,
4332 1983 4399 2037 et
4455 1974 4779 2038 malorum

2822 2059 3185 2123 alienorum
3240 2059 3633 2142 sympathia.
3723 2059 3815 2122 Et
3871 2079 4028 2122 sane
4073 2068 4150 2122 ut
4191 2059 4363 2123 male
4407 2058 4776 2141 loquantur,

2821 2145 2936 2227 qui
2980 2145 3074 2208 ita
3117 2146 3407 2227 praecise
3461 2145 3793 2226 accipiunt
3839 2143 4215 2209 Stoicorum
4271 2144 4534 2229 dogma,
4595 2147 4780 2228 qnasi

2822 2229 2986 2294 nulli
3030 2230 3402 2313 ignoscant:
3448 2231 3541 2293 ita
3584 2230 3709 2312 ipsi
3753 2230 4150 2294 invexerunt
4191 2238 4645 2296 commentum
4679 2253 4778 2296 ar-

2822 2324 3057 2398 gutum
3113 2317 3326 2399 magis
3381 2336 3578 2399 quam
3622 2337 3872 2380 verum.
3963 2316 4193 2381 Cicero
4247 2317 4534 2381 multum
4579 2317 4780 2381 effuse

2821 2402 2894 2465 in
2951 2423 3060 2467 eos
3114 2401 3283 2466 ludit
3338 2402 3410 2466 in
3468 2402 3764 2466 oratione
3819 2422 3938 2485 pro
3995 2403 4337 2466 Muraena.
4438 2402 4606 2466 Fuit
4644 2403 4780 2485 qui-

2824 2486 2995 2566 dam,
3039 2488 3274 2570 inquit,
3319 2508 3575 2552 summo
3615 2489 3879 2571 ingenio
3924 2489 4030 2551 vir
4072 2488 4271 2566 Zone,
4321 2488 4505 2553 cuius
4548 2488 4780 2552 inven-

2825 2581 3046 2637 torum
3104 2573 3345 2638 aemuli
3401 2572 3609 2638 Stoici
3664 2582 4149 2655 nuncupantur.
4238 2573 4459 2639 Huius
4518 2584 4780 2639 senten·

2825 2660 2956 2724 tiae
3000 2667 3174 2738 sunt,
3220 2668 3288 2724 et
3326 2667 3672 2742 praecepta
3716 2657 4125 2724 huiusmodi:
4173 2661 4537 2742 sapientem
4573 2662 4785 2743 gratia

2825 2766 3164 2827 nunquam
3196 2747 3466 2823 moveri,
3502 2765 3844 2827 nunquam
3873 2745 4260 2827 cuiusquam
4296 2745 4532 2812 delicto
4566 2746 4783 2831 ignos-

2826 2850 3001 2913 cere:
3059 2832 3394 2895 neminem
3446 2829 3932 2897 misericordem
3976 2851 4149 2909 esse,
4209 2831 4342 2896 nisi
4385 2831 4675 2896 stultum
4722 2841 4786 2897 et

2826 2917 3071 2982 levem:
3121 2918 3246 2981 viri
3289 2937 3425 2981 non
3471 2937 3612 2982 esse
3657 2938 3869 3000 neque
3912 2917 4202 2995 exorari,
4247 2938 4462 3000 neque
4505 2917 4780 3000 placari;

2826 3002 2998 3069 solos
3055 3004 3384 3086 sapientes
3441 3024 3581 3069 esse
3599 3056 3613 3082 ,
3673 3003 3728 3069 si
3784 3002 4224 3088 distortissimi
4282 3011 4466 3085 sunt,
4541 3015 4665 3071 etc.
4723 3016 4785 3069 et

2825 3090 3037 3154 multa
3069 3091 3140 3153 in
3175 3090 3347 3156 hanc
3372 3090 3782 3154 sententiam.
3830 3091 3923 3153 Et
3942 3090 4259 3156 Horatius
4281 3087 4684 3156 Sermonum
4705 3090 4785 3155 L:

2827 3176 3011 3240 Bene
3054 3174 3280 3240 audire
3296 3227 3313 3253 ,
3372 3184 3438 3240 et
3479 3175 3654 3240 male
3700 3175 3927 3239 audire
3972 3176 4249 3241 dicimus
4292 3198 4377 3240 ex
4419 3176 4786 3246 imitatione

2828 3260 3252 3338 Graecorum,
3299 3282 3418 3343 pro
3460 3260 3734 3338 laudari,
3782 3273 3848 3326 et
3890 3262 4266 3344 vituperari.
4347 3261 4580 3328 Cicero
4625 3262 4787 3328 libro

2829 3346 2945 3409 VI.
2993 3345 3076 3411 ad
3120 3348 3447 3413 Atticum:
3518 3345 3651 3427 Qui
3708 3368 3814 3412 me
3867 3347 4108 3413 idcirco
4160 3355 4396 3431 putent
4450 3349 4622 3413 bene
4676 3370 4788 3413 au-

2829 3431 2969 3495 dire
3013 3432 3214 3510 velle,
3260 3441 3339 3497 ut
3381 3433 3494 3498 ille
3539 3433 3712 3497 male
3755 3432 4005 3508 audiat,
4066 3445 4134 3496 et
4177 3443 4353 3498 recte
4396 3434 4616 3499 facere
4660 3455 4787 3499 non

770 3521 1023 3586 ciendas
1038 3521 1093 3600 ²)
1120 3541 1238 3598 res,
1272 3520 1462 3584 utilia
1484 3521 1908 3603 excoqitanda,
1930 3523 2288 3603 periculosa
2309 3525 2587 3604 vitanda,
2623 3546 2722 3588 ae-
2827 3538 3014 3582 meae
3057 3517 3291 3597 laudis,
3339 3519 3455 3584 sed
3499 3518 3678 3583 illius
3719 3518 4155 3583 contumeliae
4192 3540 4406 3584 causa.
4487 3521 4582 3584 Et
4626 3519 4789 3584 libro

769 3627 899 3689 qua
920 3607 977 3689 ⁸)
1002 3593 1409 3671 aestimanda.
1454 3604 1628 3688 Eryo
1650 3627 1773 3671 non
1795 3609 2139 3687 miseretur,
2180 3611 2332 3690 quia
2366 3617 2424 3676 et
2447 3612 2586 3676 sine
2606 3612 2723 3675 mi-

2826 3603 2943 3668 X.:
2987 3603 3125 3684 Qui
3161 3625 3280 3670 nos
3322 3612 3500 3671 recte
3542 3605 3772 3684 facere,
3819 3612 3884 3669 et
3927 3605 4094 3669 bene
4138 3604 4369 3670 audire
4414 3605 4579 3670 vult.
4669 3607 4787 3670 Te-

770 3692 963 3802 seria!
983 3692 1186 3756 animi
1237 3692 1395 3772 facit
1436 3697 1673 3757 caetera
1717 3696 1927 3759 omnia
1968 3716 2128 3778 quae
2170 3697 2282 3778 qui
2330 3698 2718 3762 mseremwr.
2827 3690 3079 3754 rentius
3122 3690 3193 3754 in
3235 3692 3503 3776 prologo
3546 3690 4006 3756 Phormionis:

946 3812 1192 3912 Reliqio
1245 3813 1390 3879 deos
1442 3814 1607 3896 colit]
1684 3813 1907 3895 Quam
1971 3816 2165 3881 habet
2233 3819 2723 3918 proportionem

770 3899 2077 4069 ffggfflgffgggngglffggffloffiflg
2112 3904 2725 4055 &timisti

3161 3793 3307 3847 Bene
3345 3794 3500 3848 dictis
3538 3794 3583 3848 si
3621 3801 3902 3860 certasset,
3939 3793 4183 3848 audisset
4217 3796 4372 3848 bene.

2827 3879 2921 3943 Et
2962 3879 3035 3942 in
3077 3879 3513 3944 Phormione:

3037 3964 3094 4017 Si
3126 3966 3314 4018 herum
3350 3965 3681 4019 insimulabis
3717 3965 4060 4032 avaritiae‚²)
4098 3966 4238 4019 male
4275 3965 4478 4020 audies.

772 4069 921 4135 dom
978 4079 1081 4135 ost
1132 4072 1556 4154 proportione
1610 4072 1694 4136 ad
1736 4072 2179 4152 domentiam,
2239 4098 2369 4158 qua
2421 4076 2725 4159 impietas
2832 4049 3288 4131 Quintilianus
3331 4051 3403 4114 in
3439 4050 3730 4133 Corpore
3772 4051 4091 4148 proiecto:
4150 4050 4281 4117 Ubi
4316 4051 4575 4116 virtus?
4625 4051 4781 4118 ubi?

771 4155 855 4221 ad
900 4155 1301 4240 religionem.
1371 4155 1774 4240 Superstitio
1817 4169 2039 4225 autem
2084 4162 2520 4244 vituperatur:
2571 4184 2725 4246 ergo
2774 4193 2781 4250 ς
2831 4138 3056 4218 Ρ6ιὼπί
3102 4137 3318 4213 miser’
3364 4143 3431 4199 ‘³¹³
3472 4136 3642 4200 male
3686 4134 3891 4235 au‘lffl·

966 4243 978 4255 '
1458 4242 1940 4324 Quintilianus:
2008 4246 2102 4312 Ut
2154 4269 2194 4312 a
2250 4248 2552 4331 diligenti
2610 4271 2726 4314 cu·
2777 4255 2780 4266 '

770 4249 838 4306 et
892 4241 1356 4308 misericordia.

770 4329 1013 4403 riosus,
1080 4329 1177 4393 ita
1242 4351 1283 4392 a
1348 4329 1663 4413 religione
1730 4332 2107 4413 superstitio
2174 4332 2390 4398 distat.
2494 4334 2726 4400 Cicero

770 4414 936 4478 libro
991 4413 1085 4478 II.
1145 4413 1225 4478 de
1282 4415 1538 4480 Natura
1596 4415 1896 4482 deorum:
1956 4418 2018 4482 N
2020 4439 2106 4483 on
2158 4419 2535 4503 philosophi
2579 4427 2726 4485 tan-

771 4507 915 4564 tum
930 4549 948 4582 ‚
993 4520 1225 4564 verum
1268 4501 1466 4564 etiam
1523 4503 1805 4567 maiores
1850 4504 2056 4569 nostri
2113 4506 2644 4588 superstitionem
2689 4527 2729 4570 a

769 4584 1085 4668 religione
1142 4595 1632 4668 separaverunt.
1718 4589 1784 4652 N
1785 4610 1892 4653 am
1936 4591 2047 4674 qui
2091 4598 2266 4657 totos
2319 4590 2457 4656 dies
2500 4614 2728 4675 preca-

770 4672 1015 4751 bantur
1070 4678 1138 4736 et
1180 4670 1611 4739 immolabant
1652 4681 1728 4739 ut
1766 4675 1889 4741 sibi
1945 4677 2050 4742 sui
2107 4677 2297 4742 liberi
2340 4678 2727 4761 superstites

770 4764 1007 4834 essent,
1052 4759 1489 4838 superstitiosi
1530 4767 1685 4825 sunt
1728 4762 2038 4844 appellati
2051 4814 2067 4841 ,
2112 4762 2285 4846 quod
2326 4783 2571 4828 nomen
2613 4785 2728 4846 pa-

774 4843 905 4907 tuit
957 4851 1186 4926 postea
1230 4843 1442 4910 latius.
1533 4845 1667 4927 Qui
1711 4855 1932 4912 autem
1988 4850 2210 4913 omnia
2253 4870 2419 4932 quae
2462 4849 2544 4914 ad
2590 4850 2729 4915 cul-

774 4934 920 4992 tum
963 4926 1235 4995 deorum
1276 4932 1442 5013 perti
1450 4941 1711 5010 nerent,
1759 4933 2110 5017 diligenter
2152 4941 2619 5016 retractarent,
2664 4942 2732 5000 et

774 5018 1092 5096 tanquam
1136 5014 1523 5100 relegerent,
1569 5025 1725 5082 sunt
1768 5017 1924 5084 dicti
1962 5019 2268 5104 religiosi.
2338 5021 2445 5086 Ita
2480 5022 2727 5088 factmn

776 5105 876 5163 est
918 5100 1201 5165 alterum
1245 5102 1389 5166 vitii
1448 5124 1716 5178 nomen,
1773 5103 2056 5169 alterum
2115 5106 2340 5172 laudis.
2433 5107 2585 5173 Non
2629 5119 2727 5173 ta-

915 5270 973 5336 1)
1012 5270 1303 5328 Editiones
1334 5276 1662 5329 recentiores
1699 5289 1882 5328 omnes
1916 5275 2137 5329 habent:
2176 5277 2392 5332 claudit.

775 5337 912 5392 159⁷
948 5345 999 5393 et
1030 5355 1196 5410 seqq„-
1233 5343 1621 5412 despiciendas.
1760 5343 1821 5408 3)
1859 5340 2020 5398 1532:
2058 5360 2243 5412 aeque.
2513 5278 2574 5344 2)
2619 5279 2728 5333 Ed·

3005 4221 3450 4286 Misericordia
3492 4227 3582 4287 est
3987 4222 4217 4304 animi]
4278 4222 4410 4286 Hic
4451 4224 4656 4288 totius
4697 4225 4791 4288 rei

2831 4307 3027 4372 cardo
3071 4309 3370 4372 vertitur.
3421 4306 3972 4373 ·Misericordiam
4014 4306 4220 4373 Stoici
4265 4308 4595 4387 reiiciunt,
4639 4311 4794 4392 quia

2834 4401 2934 4458 est
2986 4394 3188 4457 animi
3245 4392 3601 4477 aegritudo.
3705 4394 4058 4459 Passiones
4127 4414 4283 4459 vero
4297 4446 4313 4472 ,
4378 4394 4532 4478 quia
4585 4396 4790 4460 animi

2834 4485 3078 4544 statum
3124 4486 3190 4542 et
3225 4479 3762 4562 tranquillitatem
3799 4478 4172 4557 obturbant,
4218 4500 4356 4544 sem
4441 4503 4478 4544 r
4515 4482 4792 4547 vitiosae

2835 4573 3007 4629 sunt.
3097 4564 3316 4648 Igitur
3359 4565 3594 4629 vitium
3639 4573 3741 4630 est
3791 4565 4254 4629 misericordia.
4401 4567 4684 4632 alustius
4723 4570 4791 4631 in

2833 4652 3126 4715 oratione
3175 4651 3507 4716 Caesaris:
3591 4649 3843 4715 Omnes
3913 4651 4214 4716 homines
4270 4653 4385 4735 qui
4448 4652 4529 4717 de
4592 4653 4794 4718 rebus

2835 4734 3047 4801 dubiis
3102 4737 3507 4812 consultant,
3564 4737 3644 4801 ab
3688 4735 3835 4801 odio
3852 4788 3870 4815 ,
3914 4738 4203 4802 amicitia
4219 4789 4234 4815 ,
4281 4738 4384 4802 ira
4427 4747 4623 4820 atque
4670 4740 4793 4803 mi·

2833 4821 3189 4887 sericordia
3245 4841 3482 4887 vacuos
3536 4843 3678 4887 esse
3732 4821 3934 4887 decet.
4035 4823 4237 4888 Haud
4290 4823 4480 4889 facile
4526 4827 4793 4890 animus

2832 4928 3068 4973 verum
3143 4906 3471 4990 providet,
3548 4908 3658 4972 ubi
3729 4908 3843 4972 illa
3911 4909 4223 4974 officiunt.
4335 4909 4794 4990 Quintilianus

2834 4993 2999 5059 libro
3042 4994 3194 5056 VL:
3262 4992 3434 5057 Nam
3490 5013 3692 5075 quum
3738 4995 3963 5072 irasci,
4006 4995 4256 5072 favere,
4303 4994 4546 5076 odisse,
4591 4998 4796 5061 mise-

2974 5215 3032 5282 1)
3076 5213 3319 5268 Fallitur
3342 5215 3390 5268 Ιι.
3416 5215 3450 5268 l.
3481 5217 3568 5270 vir
3592 5231 3847 5286 summus,
3884 5223 3932 5271 et
3953 5218 4061 5271 sibi
4093 5219 4211 5285 ipse
4245 5219 4588 5275 conwadicit.
4647 5219 4791 5274 Lac-
4831 5245 4836 5252 -

2837 5286 3071 5338 tantiam
3108 5284 3253 5337 enim
3287 5284 3596 5354 religionem
3634 5302 3669 5338 a
3704 5285 3983 5355 religando
4005 5285 4282 5341 derivasse
4317 5289 4663 5342 noti-§simma
4698 5292 4790 5342 est.

2838 5351 2900 5415 2)
2941 5352 3124 5407 Hodie
3158 5353 3379 5422 κρέων-ε
3415 5355 3668 5409 malitiae.
