5100 6061
662 404 921 471 XVIII
1845 398 2389 468 TRAOTATUS
2434 395 3021 465 THEOLOGIOI
3062 396 3516 464 fflNORES.'

672 613 750 658 ne
792 597 931 657 sont
973 588 1274 674 exenmts,
1315 590 1583 659 suehans
1621 612 1738 675 que
1778 591 1920 659 c’est
1955 610 2079 655 une
2119 588 2295 655 chose
2331 588 2543 654 divim
2586 592 2644 652 et
2683 607 2807 653 non
2847 586 3169 666 humaine,
3227 587 3302 652 de
3343 608 3421 652 ne
3462 587 3601 652 rien
3645 588 3906 670 iynorer,
3965 592 4021 651 et
4062 586 4137 652 de
4178 588 4340 652 tenir
4381 588 4443 652 si
4483 587 4676 656 bonne

673 724 922 770 noeswre
952 724 1087 786 par
1129 708 1275 782 tout,
1319 702 1475 786 qu’il
1514 704 1617 787 n’y
1657 706 1749 768 ait
1790 724 1905 786 que
1945 701 2169 766 redire.
2255 699 2468 781 Voyla,
2516 697 2638 763 Ma
2678 698 2877 777 dame,
2920 719 2984 764 ee
3024 719 3145 780 que
3186 698 3417 781 i’avoye
3462 698 3506 763 ὰ
3543 698 3856 781 repliquer
3897 717 4015 763 sur
4047 719 4112 765 ee
4136 699 4367 780 poinot,
4414 699 4457 763 ὰ
4491 720 4676 767 cause

673 815 751 882 de
788 835 941 882 ceux
978 816 1088 897 qui
1126 814 1567 897 s’approehws
1608 814 1718 880 des
1754 834 1979 897 yrun-3,
2032 812 2309 879 cerehent
2350 810 2723 892 d'amaroir
2751 830 2883 892 pao·
2924 809 2991 874 la
3040 809 3474 893 reprehension
3527 810 3848 892 d'autruy:
3903 810 4200 891 ausquels
4252 811 4311 876 ie
4360 831 4439 875 ne
4477 831 4677 893 pense

662 927 846 1011 point
882 928 1054 1010 faire
1096 931 1233 1007 tort,
1277 928 1339 991 si
1379 926 1441 991 ie
1485 926 1621 992 leur
1659 924 1961 990 souhaitte
1991 924 2152 1006 plus
2190 923 2268 989 de
2308 923 2633 1006 iuyement,
2674 926 2730 986 et
2772 922 2974 987 moins
3015 922 3333 1003 d'opinion
3375 921 3839 988 deux-mesmes
3881 921 4071 1004 qu’ds
4102 926 4285 987 n’ont.
4334 922 4466 988 —Au
4497 929 4675 1004 reste,

671 1059 739 1103 ee
780 1040 890 1104 n'a
922 1039 1104 1121 point
1153 1039 1276 1104 este
1329 1057 1482 1103 sans
1529 1036 1801 1120 yrandes
1842 1034 2093 1101 raison-s·
2134 1054 2249 1116 que
2292 1035 2424 1117 fay
2453 1034 2650 1116 prins
2703 1032 3027 1097 hardiesse
3077 1033 3154 1097 de
3207 1054 3356 1098 vous
3412 1033 3626 1098 dedier
3669 1053 3733 1097 ce
3775 1038 4034 1114 present
4086 1034 4333 1100 recueil.
4427 1033 4557 1100 Gna·
4600 1055 4676 1101 en

667 1152 944 1231 premier
988 1144 3848 1233 lieu,iesayquelleestoitlarevereneequeledefunetvousaporteetoutesavie,
3891 1145 4677 1228 commedcellequ'ila

672 1281 749 1325 en
776 1263 995 1343 partie
1037 1260 1375 1346 ensei9ne³e,
1435 1264 1490 1325 et
1520 1260 1735 1342 partie
1774 1258 1954 1325 aussi
1995 1256 2333 1338 eortfemee
2375 1277 2452 1321 en
2493 1256 2561 1321 la
2601 1256 2871 1323 doctrine
2913 1255 2987 1322 de
3029 1255 3242 1334 verite,
3299 1256 3373 1320 de
3417 1256 3572 1338 plus
3615 1255 3954 1340 lonytemps
3995 1277 4112 1338 que
4154 1256 4363 1322 Dame
4402 1258 4678 1339 quisoit

670 1373 1093 1456 uuicttrd’huy
1128 1374 1385 1439 vivante.
1474 1370 1548 1435 1e
1587 1391 1706 1452 say
1750 1369 1931 1435 aussi
1972 1368 2172 1451 quelle
2214 1369 2393 1433 estoit
2430 1389 2509 1435 sa
2552 1373 2860 1434 coustwme
2900 1368 2942 1431 ὰ
2985 1386 3307 1432 consecrer
3345 1387 3445 1432 ses
3486 1367 3677 1432 livres
3709 1388 3797 1432 au
3829 1388 3975 1434 nom
4012 1367 4120 1463 des
4141 1387 4488 1449 personne-5·
4520 1371 4677 1452 qu’a

672 1484 934 1551 aestro-it
961 1504 1269 1566 propos-er
1308 1504 1386 1549 en
1429 1480 1703 1563 exemple
1742 1480 1786 1544 ἀ
1829 1484 1991 1546 toute
2035 1478 2301 1563 l’Eylise
2341 1481 2416 1546 de
2456 1479 2665 1545 Dieu:
2706 1479 3005 1544 tellement
3045 1499 3164 1561 que
3209 1479 3318 1544 s'il
3351 1478 3593 1559 parloit
3632 1499 3873 1544 eneores
3917 1478 4348 1563 auiourdhuy,
4393 1480 4443 1545 il
4483 1486 4590 1564 n’y
4631 1505 4676 1549 a

670 1594 857 1662 doute
897 1596 1049 1677 qu’il
1089 1616 1166 1660 ne
1206 1596 1596 1661 m’advouast
1633 1612 1709 1657 en
1751 1612 1816 1656 ce
1853 1591 2028 1674 faiel.
2118 1591 2170 1655 I
2171 1591 2196 1655 l
2235 1613 2278 1675 y
2320 1613 2362 1656 a
2404 1590 2535 1655 cela
2572 1591 2970 1675 d’avantaye,
3025 1612 3144 1673 que
3196 1595 3420 1673 voyant
3458 1609 3683 1656 comme
3723 1590 3777 1654 il
3817 1610 3969 1656 vous
3999 1590 4201 1673 plaist
4243 1592 4558 1657 eontinuer
4598 1613 4677 1658 en

673 1706 743 1772 la
773 1726 1081 1790 personne
1124 1707 1213 1771 du
1254 1725 1490 1786 nepveu
1533 1703 1861 1785 l’affeetion
1895 1696 2210 1785 que‘vous
2252 1723 2403 1770 avez
2433 1701 2646 1785 portee
2687 1703 2728 1766 ὰ
2772 1702 3009 1768 l’onele:
3061 1706 3116 1766 et
3162 1708 3355 1785 ayant
3408 1707 3552 1767 tenu
3592 1702 3905 1768 tousiours
3948 1702 4002 1768 le
4042 1702 4291 1784 defunct
4320 1724 4490 1785 pom·
4531 1725 4676 1770 mon

662 1838 841 1902 pere,
900 1819 1031 1901 i'ay
1080 1818 1206 1900 fait
1246 1837 1390 1882 mon
1430 1820 1598 1883 conte
1638 1818 1932 1898 qu'apres
1973 1835 2084 1880 son
2124 1815 2302 1882 deees
2343 1813 2715 1898 l’obliqation
2770 1815 2949 1879 estoit
3002 1834 3228 1881 comme
3256 1815 3488 1895 passee
3541 1814 3619 1878 de
3672 1813 3782 1898 luy
3836 1815 4094 1895 iusques
4135 1815 4178 1879 ὰ
4219 1834 4387 1896 moy,
4440 1816 4551 1898 qui
4593 1820 4678 1900 dy

671 1928 868 1994 chaisi
908 1930 1016 1995 des
1058 1928 1408 1993 medleures
1449 1932 1502 1991 et
1534 1926 1690 2009 plus
1719 1927 2072 2009 preeieuses
2111 1927 2323 2008 pieces
2372 1926 2450 1990 de
2504 1945 2607 1990 ses
2659 1925 2928 1990 meubles
2985 1928 3123 2009 (eao-
3163 1926 3437 1991 d’autms
3473 1924 3609 1991 n’en
3652 1926 3918 2006 avoit-il)
3966 1946 4136 2008 pom·
4176 1947 4328 1991 vous
4381 1948 4457 1993 en
4506 1928 4678 2010 faire

658 2046 931 2122 present,
974 2059 1099 2104 non
1140 2044 1273 2104 tant
1299 2060 1473 2120 pour
1511 2037 1920 2121 satisfaction,
1966 2056 2085 2121 que
2114 2058 2289 2119 pour
2330 2038 2744 2121 tesmoiynaye
2784 2038 2938 2103 d'un
2978 2057 3143 2104 coeur
3183 2038 3638 2121 recoynoissant
3678 2058 3793 2103 son
3833 2038 4065 2103 devoir.
4158 2038 4570 2120 Fimtement,
4617 2041 4677 2107 ie

637 2164 640 2177 ’
672 2174 752 2217 ne
793 2152 1244 2234 dissimuleray
1287 2152 1519 2216 iamais
1562 2169 1789 2216 comme
1830 2150 1889 2214 ie
1930 2169 2027 2214 me
2072 2169 2219 2215 sens
2260 2148 2612 2230 infiniment
2666 2147 2886 2233 obliqe‘,
2941 2153 3076 2213 tant
3131 2170 3207 2214 en
3247 2170 3389 2214 mon
3421 2150 3806 2232 particulier
3846 2171 4016 2232 pour
4056 2155 4187 2214 taret
4238 2134 4580 2216 d'honneur
4621 2157 4679 2218 et

675 2264 753 2329 de
790 2262 1016 2344 faveur
1057 2263 1217 2344 qu'il
1255 2283 1412 2327 vous
1451 2283 1493 2327 a
1525 2262 1682 2345 pleu
1720 2280 1819 2325 me
1860 2260 2030 2342 faire
2072 2262 2305 2327 durant
2346 2280 2447 2326 ces
2502 2260 2789 2327 derniers
2838 2260 3106 2326 troubles
3159 2266 3214 2325 et
3267 2261 3521 2342 depuiS,
3577 2265 3759 2342 qu’en
3807 2262 4063 2344 yeneral
4097 2280 4268 2343 pour
4307 2261 4680 2329 l’assistenee

672 2394 792 2458 que
833 2378 965 2438 tant
1006 2374 1081 2438 de
1113 2393 1340 2456 povres
1376 2372 1589 2456 fideles
1631 2376 1736 2439 ont
1776 2391 1988 2438 reeeue
2031 2373 2107 2438 de
2149 2393 2319 2454 vous,
2365 2377 2560 2457 ayant
2600 2391 2842 2438 encores
2885 2371 3043 2453 plus
3093 2372 3219 2454 fait
3262 2392 3429 2453 pour
3473 2373 3564 2439 les
3613 2374 3900 2456 yarentir
3942 2374 4018 2438 de
4058 2372 4367 2439 l'extoeme
4418 2374 4678 2440 oruaute

673 2485 753 2551 de
794 2485 965 2550 leurs
1006 2487 1297 2567 ennemis,
1340 2506 1460 2567 que
1499 2505 1578 2549 ne
1613 2483 1687 2566 fit
1728 2482 1902 2549 iadis
1957 2482 2237 2550 Obadias
2277 2485 2680 2550 nourrissant
2718 2484 2809 2550 les
2850 2488 2981 2550 cent
3028 2482 3367 2567 Prophetes
3407 2506 3482 2549 en
3523 2485 3591 2550 la
3634 2504 3921 2549 coverne.-
3973 2485 4146 2550 voire
4192 2486 4453 2567 iusques
4491 2486 4532 2550 ὰ
4577 2485 4677 2551 de-

670 2596 902 2663 clairer
943 2597 1115 2664 alors
1155 2618 1271 2681 que
1310 2603 1440 2664 tout
1478 2603 1711 2679 respect
1751 2601 1956 2664 estant
1985 2595 2278 2679 posspose'
2320 2617 2399 2662 on
2437 2595 2664 2662 vouloit
2699 2595 2902 2677 foroer
2938 2601 3137 2661 vostre
3176 2596 3423 2661 maison
3464 2596 3539 2661 de
3583 2595 3957 2679 Heratemis,
4002 2616 4121 2678 que
4162 2617 4313 2663 vous
4349 2617 4503 2661 vous
4531 2618 4678 2679 pre-

672 2707 2360 2791 senteriezdoncqueslapremieredlaboucltedu
2403 2705 3680 2792 canon,plustost‚quedesouffrirque
3733 2707 3869 2773 telle
3920 2708 4182 2773 cruaute
4232 2713 4368 2772 eust
4418 2708 4549 2772 lieu
4602 2730 4679 2774 en

675 2824 876 2885 vostre
914 2822 1177 2900 maison,
1211 2819 1436 2903 parole
1478 2825 1830 2903 vrayement
1874 2820 2059 2903 dique
2102 2818 2285 2884 d'um
2323 2819 2464 2885 telle
2511 2818 2857 2898 Prineesse,
2902 2839 3022 2884 non
3064 2818 3399 2884 seulement
3437 2819 3565 2900 lille
3618 2819 3694 2885 de
3738 2818 3907 2902 Roy,
3962 2825 4020 2884 et
4061 2820 4212 2884 d’un
4255 2818 4338 2884 tel
4379 2824 4436 2884 et
4472 2821 4534 2885 si
4573 2821 4677 2886 de-

671 2930 926 2997 honeste
969 2930 1110 3015 Roy
1150 2952 1269 3014 que
1308 2951 1462 2997 vous
1504 2937 1674 3014 estes,
1715 2934 1884 2999 mais
1924 2932 2103 2998 aussi
2155 2930 2283 3013 fille
2336 2931 2411 2997 de
2462 2951 2528 2996 ce
2564 2930 2771 3013 yrand
2807 2929 2984 2994 Dieu
3034 2935 3094 2994 et
3135 2929 3275 3013 Roy
3330 2931 3569 2996 eternel.
3654 2930 3721 2995 Α
3764 2932 3986 2997 raison
4037 2930 4269 3013 duquel
4318 2930 4677 3013 bimi-fuid,

671 3045 786 3126 qui
826 3049 999 3110 m’est
1039 3063 1320 3110 commun
1363 3065 1508 3110 avec
1544 3050 1680 3110 tamt
1721 3046 1797 3111 de
1836 3039 1988 3129 9'ens
2031 3045 2106 3111 de
2147 3044 2317 3124 bien,
2363 3045 2422 3109 ie
2465 3048 2615 3126 κάς]
2654 3043 2890 3109 iamais
2932 3041 3098 3108 cesse
3138 3043 3365 3124 depuis
3418 3044 3496 3109 de
3548 3043 3790 3110 oen-cher
3833 3042 3920 3108 les
3974 3063 4223 3127 moyens
4273 3044 4352 3109 de
4404 3064 4559 3110 vous
4600 3063 4678 3108 en

670 3154 845 3238 saue
886 3157 1384 3241 reeoqnoissanee
1413 3176 1546 3238 par
1585 3157 1841 3239 quelque
1873 3155 2091 3240 public
2135 3156 2564 3239 tesmoiqnaqe,
2606 3154 2859 3239 iusques
2898 3155 2938 3219 ὰ
2982 3175 3047 3221 ee
3086 3175 3202 3236 que
3253 3175 3351 3220 me
3404 3160 3695 3221 trouvent
3745 3159 3885 3237 trop
3924 3175 4121 3238 povre
4162 3160 4218 3220 et
4254 3154 4444 3237 foible
4485 3160 4679 3238 quant

673 3266 719 3331 ὰ
760 3287 917 3351 moy,
959 3268 1089 3350 i’ay
1125 3269 1252 3350 fait
1294 3288 1519 3334 comme
1559 3288 1713 3334 ceux
1755 3267 1867 3350 qui
1911 3272 2297 3349 empruntent
2337 3267 2827 3350 d’autruypowr
2866 3267 3248 3348 s’acquitter:
3298 3271 3356 3331 et
3405 3269 3544 3333 suis
3591 3266 3732 3333 bien
3786 3267 3969 3333 deceu
4019 3269 4084 3333 si
4137 3269 4198 3332 ie
4251 3266 4399 3349 κάς]
4436 3268 4498 3331 si
4540 3267 4679 3332 bien

674 3379 994 3462 rerwontre
1034 3399 1112 3444 en
1152 3384 1273 3444 cest
1313 3380 1571 3461 endroit,
1612 3379 1781 3445 selon
1823 3384 2019 3444 vostre
2061 3380 2255 3462 esprit
2297 3382 2355 3443 et
2396 3379 2692 3462 affection,
2735 3398 2854 3461 que
2894 3399 3046 3444 vous
3082 3398 3272 3444 auree
3313 3379 3370 3443 le
3398 3382 3652 3461 present
3676 3399 3849 3460 powr
3890 3378 4191 3463 ammte,
4233 3384 4367 3444 tant
4398 3398 4567 3462 pour
4599 3398 4680 3444 sa

674 3489 940 3571 qualite,
981 3510 1099 3572 que
1126 3510 1300 3572 pour
1342 3492 1399 3556 le
1440 3511 1584 3556 nom
1624 3491 1702 3557 de
1743 3490 2050 3578 l’autheur
2094 3511 2211 3573 que
2252 3511 2408 3556 vous
2451 3511 2599 3558 avez
2638 3495 2774 3558 tant
2815 3489 2983 3556 aime
3023 3490 3263 3572 vivant,
3305 3511 3421 3572 que
3463 3490 3529 3555 la
3571 3490 3860 3556 memoire
3901 3509 4056 3555 vous
4098 3510 4174 3555 en
4217 3495 4307 3555 est
4340 3491 4676 3575 preeieuse,

676 3617 906 3667 comme
948 3601 991 3666 ὰ
1032 3606 1169 3668 tous
1208 3603 1386 3668 vrais
1428 3606 1484 3668 et
1520 3601 1737 3684 fideles
1779 3604 2114 3669 serviteurs
2157 3604 2246 3668 du
2292 3600 2610 3687 Seiyneur.

988 3712 1107 3780 Ma
1149 3714 1345 3794 dante,
1388 3714 1625 3796 ieprie
1664 3719 1871 3780 nostre
1914 3714 2029 3779 bon
2069 3713 2246 3779 Dieu
2299 3719 2356 3779 et
2400 3713 2589 3794 Pere,
2646 3722 2825 3797 qu’en
2874 3734 3030 3780 vous
3078 3713 3464 3796 multipliant
3517 3733 3619 3778 ses
3665 3733 3884 3797 ψασθε
3940 3713 4017 3778 de
4056 3714 4216 3794 plus
4265 3733 4340 3777 en
4386 3713 4566 3794 plus,
4623 3712 4677 3777 a

675 3825 1055 3891 mairatienne
1094 3830 1295 3892 vostre
1329 3826 1648 3909 mandem·
1692 3846 1770 3892 en
1810 3846 1891 3893 sa
1933 3827 2167 3894 saincte
2207 3831 2265 3892 et
2300 3825 2483 3911 diyne
2520 3827 2732 3911 yorde.
2817 3826 2921 3892 De
2967 3825 3210 3892 Geneve
3249 3845 3313 3891 ce
3360 3823 3523 3890 XX.
3566 3825 3643 3891 de
3685 3823 3862 3907 May,
3906 3824 4039 3890 l’an
4082 3827 4282 3889 1566.

2544 3946 2730 4002 Vostre
2762 3945 3107 4001 tres-humble
3139 3952 3190 4000 et
3223 3945 3498 4000 obcaecant
3529 3945 3794 4000 servitem
3839 3943 4113 3999 §Theodoro
4146 3943 4212 3998 de
4246 3941 4436 4010 Beue,

2637 4031 2900 4086 Ministro
2941 4030 3007 4086 de
3041 4032 3097 4086 la
3135 4031 3332 4086 Parole
3366 4031 3433 4086 de
3465 4028 3616 4085 Dieu
3651 4046 3718 4085 en
3752 4029 3982 4100 l’quise
4016 4027 4083 4086 de
4122 4029 4344 4085 G'eneve.

984 4159 1333 4226 Tractatus
1391 4160 1491 4225 illi
1531 4161 1771 4247 vig-inti
1827 4182 1988 4245 quos
2047 4162 2203 4227 olim
2248 4160 2580 4228 Gallasius
2633 4160 2983 4246 collegerat
3024 4161 3224 4226 etiam
3272 4162 3343 4226 in
3386 4161 3511 4228 hoc
3553 4159 4013 4246 opusculorum
4057 4179 4325 4243 corpore
4366 4157 4681 4242 leg-untur

674 4287 924 4348 omnes,
969 4268 1195 4336 eodem
1234 4293 1360 4355 quo
1404 4279 1599 4338 antea
1642 4273 1866 4350 ordine
1909 4273 2221 4358 dispositi.
2308 4273 2537 4357 Neque
2581 4281 2681 4339 est
2721 4272 3074 4357 quidquam
3125 4273 3312 4339 cuius
3350 4294 3578 4353 causa,
3622 4278 3943 4357 quantum
3988 4270 4072 4336 ud
4113 4270 4285 4337 hunc
4326 4271 4483 4337 novi
4525 4290 4677 4353 ope-

674 4379 771 4445 ris
813 4387 1069 4462 partem
1115 4391 1394 4465 spectat,
1449 4384 1573 4450 hoc
1627 4385 1770 4452 loco
1824 4393 1893 4451 te
1947 4405 2309 4465 moremur,
2356 4392 2619 4469 praeter
2660 4384 2785 4450 hoc
2828 4406 3036 4450 unum
3078 4384 3251 4468 quod
3293 4384 3564 4451 diatribe
3606 4384 3721 4449 illa
3765 4382 4080 4467 polemico.
4119 4384 4225 4447 cui
4268 4382 4502 4448 titulus
4546 4387 4675 4448 est:

675 4489 1027 4556 Interim
1072 4492 2092 4581 adultero-germanicum,
2137 4497 2450 4580 cuiusque
2492 4495 3039 4580 complementum
3093 4495 3186 4561 de
3241 4517 3443 4563 veru
3485 4494 3894 4563 ecclesiae
3939 4493 4502 4561 reformandae
4544 4515 4677 4559 ra-

674 4603 848 4671 tion
862 4625 899 4669 e
935 4603 1271 4671 Gallasius
1310 4607 1520 4672 solum
1562 4616 1916 4692 receperat,
1962 4605 2196 4693 (XVI)
2239 4608 2345 4674 hic
2387 4628 2503 4673 suo
2543 4608 2686 4674 loco
2729 4608 3034 4674 restituta
3075 4616 3191 4674 est.

984 4715 1114 4783 His
1155 4717 1290 4781 iam
1331 4719 1649 4786 accedunt
1690 4721 1826 4787 fere
1862 4719 2137 4786 totidem
2178 4725 2495 4786 tractatus
2531 4722 2923 4788 recentiores
2956 4727 3106 4804 post
3141 4720 3422 4788 Gallasii
3467 4720 3764 4807 syllogen
3812 4721 4078 4786 demum
4111 4739 4153 4783 a
4187 4717 4464 4787 Calvino
4499 4716 4677 4797 editi,

678 4827 911 4910 quibus
951 4835 1028 4894 ut
1069 4828 1396 4913 prioribus
1439 4853 1593 4898 suos
1634 4853 1940 4898 numeros
1983 4830 2443 4911 adscribimus,
2488 4852 2702 4914 neque
2745 4854 2785 4897 a
2828 4832 3120 4898 Gallasio
3163 4853 3372 4916 neque
3416 4854 3456 4897 u
3487 4832 3664 4898 Beza
3706 4832 3961 4898 additos
3975 4883 3991 4911 ,
4036 4839 4113 4897 ut
4153 4831 4257 4896 his
4297 4828 4681 4912 simpliciter

678 4937 785 5003 usi
827 4942 1261 5021 posteriorum
1314 4943 1771 5010 collectionum
1817 4944 2266 5009 recensionem
2321 4942 2546 5026 paucis
2603 4944 2940 5010 absolvere
2993 4945 3336 5027 possimus.
3427 4941 3605 5010 Sunt
3647 4965 3807 5009 vero
3854 4943 3951 5009 hi:
4014 4940 4210 5008 XXI.
4256 4939 4327 5005 Η
4341 4960 4379 5004 o
4395 4939 4678 5004 miliae

680 5070 734 5115 s.
794 5052 1134 5119 conciones
1187 5052 1309 5134 IV,
1368 5075 1647 5138 quarum
1701 5055 1917 5138 prima
1960 5055 2040 5120 de
2084 5054 2397 5141 fugienda
2450 5050 2819 5121 idololatria
2863 5056 3029 5140 agit,
3086 5055 3294 5121 altera
3336 5055 3418 5120 de
3469 5057 3971 5139 persequutione
4008 5050 4303 5129 ferenda,
4356 5051 4554 5115 tertia
4597 5048 4679 5114 de

678 5162 1169 5245 pulchritudine
1233 5164 1465 5231 domus
1531 5167 1826 5247 Domini,
1885 5175 2218 5250 postrema
2266 5165 2347 5233 de
2401 5164 2562 5232 Deo·
2614 5165 2817 5232 libere
2872 5166 3161 5232 colendo.
3261 5164 3519 5247 Quibus
3583 5169 4004 5251 subiungitur
4055 5161 4373 5246 expositio
4425 5160 4680 5227 Psalmi

682 5271 1121 5341 LXXXVII.
1218 5277 1348 5344 His
1402 5267 1703 5344 omnibus
1755 5278 1961 5358 Beza,
2022 5279 2350 5345 nescimus
2406 5299 2535 5364 qua
2593 5276 2673 5344 de
2716 5300 2940 5358 causa,
2997 5283 3175 5345 certe
3226 5280 3492 5344 omnino
3533 5285 3944 5364 repugnante
3987 5283 4357 5357 temporum
4399 5272 4677 5352 ratione,
