5100 6061
673 365 792 428 175
2201 359 3159 429 PSYOHOPANNYOHIA.
4569 366 4691 427 176

664 562 950 638 pergunt
990 553 1164 637 quod
1201 556 1404 621 semel
1449 562 1696 618 temere
1740 550 2197 614 effutiverunt:
2255 556 2400 614 tum
2444 551 2707 616 oracula
2750 552 2876 616 Dei
2936 552 3287 617 consulunt
3304 604 3318 632 ,
3377 574 3459 617 ex
3514 551 3749 635 quibus
3795 574 4092 618 errorum
4152 572 4422 617 suorum
4464 560 4689 636 patro·

665 658 837 724 cinia
880 665 1216 742 quaerant.
1305 658 1426 737 Ibi,
1472 656 1658 720 Deus
1700 654 1886 729 bone,
1933 651 2090 735 quid
2136 674 2270 717 non
2315 654 2698 719 invertunt?
2746 653 2901 737 quid
2945 673 3081 718 non
3127 654 3492 738 depravant
3537 663 3735 738 atque
3771 655 4250 739 corrumpunt?
4298 663 4376 719 ut
4417 655 4501 719 ad
4537 678 4691 722 sen-

665 782 815 826 sum
879 782 1101 839 suum,
1169 780 1303 825 non
1357 760 1499 826 dico
1556 759 1925 834 inflectant,
1982 755 2097 820 sed
2155 757 2221 820 vi
2268 758 2634 823 incurvent.
2726 754 2994 821 Scilicet
3045 779 3199 822 vere
3260 756 3428 821 dixit
3483 766 3702 841 poeta,
3755 758 3974 823 Furor
4030 780 4216 823 arma
4259 758 4608 824 ministrat.
4637 762 4690 844 ¹)

667 865 997 930 Haeccine
1042 872 1143 929 est
1184 861 1475 929 discendi
1529 860 1678 931 via?
1735 879 2001 922 versare
2046 878 2121 922 ac
2165 858 2465 924 volutare
2512 860 2897 943 scripturae,
2945 867 3020 923 ut
3064 859 3321 925 libidini
3366 869 3632 925 nostrae
3676 861 4011 926 serviant?
4063 869 4140 925 ut
4180 862 4402 927 sensui
4454 871 4685 928 nostro

668 967 1141 1032 subiiciantur?
1198 986 1326 1050 quo
1383 964 1552 1028 nihil
1605 970 1705 1027 est
1760 960 2075 1026 stolidius.
2168 959 2229 1025 O
2267 964 2587 1026 sonticam
2639 972 2917 1044 pestem,
2978 974 3047 1027 et
3088 964 3458 1028 certissima
3501 964 3750 1028 zizania
3792 964 4040 1030 inimici
4084 964 4401 1029 hominis:
4452 964 4690 1047 quibus

668 1070 815 1135 vult
853 1090 1192 1136 occaecare
1239 1089 1468 1134 verum
1512 1086 1753 1130 semen.
1842 1065 1933 1127 Et
1973 1063 2187 1129 adhue
2231 1066 2554 1129 miramur
2595 1064 2772 1130 unde
2819 1075 2913 1130 tot
2954 1074 3169 1131 sectae
3212 1066 3386 1131 inter
3431 1088 3539 1131 eos
3584 1068 3697 1149 qui
3742 1066 4030 1149 primum
4065 1088 4307 1132 nomen
4342 1069 4690 1153 evangelio

664 1172 995 1251 dederant,
1042 1194 1116 1236 ae
1159 1169 1530 1235 renascenti
1576 1156 1814 1233 verbo?
1896 1166 2223 1249 Equidem
2266 1176 2473 1232 terret
2506 1188 2614 1232 me
2659 1167 2802 1233 dira
2840 1169 2953 1234 illo
2997 1168 3442 1235 denunciatio:
3493 1170 3852 1235 Auferetur
3899 1190 3939 1233 a
3982 1168 4166 1235 vobis
4205 1191 4494 1254 regnum
4536 1171 4687 1251 Dei,

667 1283 734 1340 et
776 1274 1040 1339 dabitur
1084 1274 1262 1358 genti
1308 1272 1571 1338 facienti
1614 1272 1903 1335 fructum
1946 1271 2090 1334 eius
2138 1271 2405 1352 (Matth.
2447 1276 2545 1347 21,
2586 1276 2720 1352 43).
2786 1272 3027 1337 Finem
3072 1271 3178 1338 hic
3223 1271 3665 1355 conquerendi
3710 1272 3962 1337 faciam.
4042 1274 4216 1338 Nam
4255 1274 4526 1357 longum
4569 1295 4688 1353 vo-

665 1379 888 1443 lumen
933 1375 1469 1443 conscribendum
1518 1376 1631 1452 sit,
1689 1375 1742 1439 si
1789 1374 1862 1437 in
1906 1373 2097 1437 hanc·
2121 1380 2487 1456 temporum
2533 1376 3030 1457 perversitatem
3076 1375 3161 1439 ad
3209 1376 3460 1441 iustum
3517 1375 3783 1440 modum
3831 1374 4196 1442 declamare
4237 1376 4458 1442 libeat.
4549 1377 4688 1443 Nos

665 1503 838 1558 vero,
883 1481 1136 1557 fratres,
1185 1490 1281 1544 tot
1324 1478 1645 1561 exemplis
1689 1477 1941 1554 moniti,
1990 1477 2097 1541 vel
2142 1495 2289 1543 sero
2334 1477 2602 1541 tandem
2646 1478 2992 1560 sapiamus.
3085 1477 3502 1544 Pendeamus
3548 1500 3806 1561 semper
3854 1500 3936 1543 ex
3981 1501 4092 1544 ore
4137 1477 4442 1545 Domini:
4493 1489 4559 1545 et
4601 1503 4688 1547 ne

664 1584 820 1667 quid
865 1583 946 1648 ad
1004 1583 1142 1647 eius
1198 1581 1588 1664 sapientiam
1632 1579 1953 1644 addamus
1999 1588 2113 1645 aut
2157 1580 2633 1645 admisceamus
2679 1580 2759 1645 de
2804 1590 3023 1646 nostro
3041 1635 3056 1660 ,
3102 1605 3215 1660 ne,
3265 1581 3448 1647 velut
3489 1584 3913 1660 fermentum,
3960 1589 4169 1647 totam
4212 1602 4500 1647 massam
4537 1604 4680 1649 cor-

665 1696 952 1771 rumpat,
1011 1695 1079 1750 et
1133 1686 1341 1749 salem
1384 1686 1582 1748 etiam
1626 1685 1869 1765 ipsum,
1926 1685 2039 1765 qui
2082 1684 2151 1747 in
2196 1684 2380 1749 nobis
2440 1690 2570 1759 est,
2633 1683 2925 1747 infatuet.
3014 1687 3442 1755 Praestemus
3488 1707 3606 1750 nos
3652 1684 3938 1750 Domino
3984 1686 4209 1768 quales
4254 1684 4401 1748 vult
4445 1685 4688 1752 habere

663 1788 1040 1872 discipulos:
1101 1808 1452 1871 pauperes,
1508 1788 1872 1871 sapientiae
1910 1796 2174 1852 nostrae
2232 1789 2461 1851 inanes
2506 1794 2575 1851 et
2619 1808 2886 1863 vacuos,
2946 1787 3236 1853 discendi
3282 1788 3535 1867 avidos,
3583 1788 3699 1853 sed
3742 1787 3913 1852 nihil
3959 1789 4271 1865 scientes,
4319 1795 4433 1851 aut
4453 1790 4684 1853 -etiam

663 1894 827 1956 scire
882 1891 1207 1969 volentes,
1263 1892 1389 1956 nisi
1435 1888 1608 1972 quod
1659 1890 1769 1954 ille
1825 1889 2148 1955 docuerit:
2209 1888 2523 1973 quidquid
2570 1897 2669 1954 est
2711 1891 3066 1969 exoticam,
3128 1911 3258 1954 non
3317 1912 3503 1957 secus
3563 1910 3637 1955 ac
3694 1892 4302 1973 praesentissimum
4348 1912 4685 1956 venenum

661 1996 1007 2079 fugientes.
1098 1994 1268 2058 Volo
1322 2002 1545 2058 autem
1590 2001 1658 2059 et
1708 1994 1789 2059 iis
1834 2014 2198 2071 occurrere,
2259 1995 2369 2076 qui
2423 1992 2772 2059 consilium
2832 2014 3053 2057 meum
3097 1991 3609 2074 reprehendent:
3668 1992 3840 2075 quod
3884 1992 3967 2056 de
4012 2015 4083 2058 re
4126 1992 4317 2068 nihili
4361 1995 4686 2060 concitem

663 2099 964 2183 ingentes
1009 2118 1283 2181 pugnas,
1330 2107 1524 2179 atque
1567 2100 1766 2164 istaec
1809 2097 2312 2181 leptologemata
2356 2097 2648 2160 cruentis
2689 2094 2974 2160 dissidiis
3019 2095 3332 2160 decidam.
3423 2096 3485 2160 N
3489 2117 3576 2160 on
3620 2098 3795 2161 enim
3841 2096 4080 2160 desunt
4134 2097 4245 2180 qui
4291 2096 4385 2161 sic
4427 2117 4534 2163 me
4577 2118 4686 2163 ac-

667 2201 931 2283 cipiant.
1022 2200 1151 2266 Hie
1193 2220 1582 2283 responsum
1627 2202 1742 2266 sit:
1789 2222 1996 2283 quum
2043 2222 2125 2265 ex
2169 2200 2459 2284 professo
2504 2205 2799 2262 tentatur
2843 2196 2974 2262 Dei
3017 2184 3292 2276 veritae,
3342 2199 3524 2264 nullo
3568 2199 3760 2264 modo
3803 2198 4151 2264 ferendum
4194 2219 4354 2279 esse,
4402 2221 4486 2265 ne
4536 2206 4686 2265 tan-

666 2304 884 2368 tillum
927 2303 1193 2386 quidem
1233 2324 1317 2368 ex
1359 2326 1438 2369 ea
1482 2304 1773 2370 delibari.
1866 2303 1927 2367 N
1931 2323 2003 2367 ec
2047 2323 2190 2368 rem
2244 2322 2384 2368 esse
2419 2301 2616 2366 11111111
2660 2307 2774 2365 aut
2819 2300 3393 2381 contemnendam,
3451 2302 3676 2367 videre
3732 2304 4020 2368 tenebris
4065 2301 4306 2369 diaboli
4352 2304 4688 2387 exstingui

665 2408 792 2471 Dei
852 2406 1083 2472 lucem.
1186 2406 1443 2471 Deinde
1463 2459 1476 2479 .
1537 2407 1801 2471 maioris
1864 2407 2183 2471 momenti
2238 2426 2379 2471 esse
2437 2404 2608 2470 hanc
2652 2424 2950 2484 causam,
3007 2425 3204 2487 quam
3270 2425 3310 2468 a
3352 2404 3578 2471 multis
3625 2403 3946 2471 credatur.
4040 2405 4269 2488 Neque
4311 2412 4532 2472 tamen
4579 2406 4691 2491 (ut

668 2511 828 2575 falso
871 2511 1422 2593 interpretantur)
1472 2510 1552 2574 ad
1598 2530 1896 2575 cruorem
1939 2529 2146 2591 usque
2191 2507 2478 2586 dissidet,
2525 2510 2636 2590 qui
2681 2506 2960 2571 aliorum
3005 2508 3335 2573 erroribus
3383 2529 3514 2572 non
3554 2511 3924 2592 acquiescit.
4001 2508 4422 2592 Reprehendi
4457 2529 4689 2574 eorum

667 2613 1127 2690 curiositatem,
1173 2615 1285 2695 qui
1330 2613 1452 2677 has
1496 2613 1939 2696 quaestiones,
1987 2631 2219 2677 revera
2263 2610 2425 2676 nihil
2471 2609 2652 2673 aliud
2699 2629 2896 2691 quam
2942 2610 3192 2694 ingenii
3236 2620 3592 2690 tormenta,
3641 2614 4072 2696 exagitarent.
4162 2612 4525 2693 Postquam
4567 2634 4688 2677 au-

668 2727 801 2780 tem
845 2728 1190 2781 moverunt
1233 2717 1407 2781 hanc
1450 2716 1869 2792 camarinam,
1914 2714 2331 2796 reprimenda
2385 2724 2486 2777 est
2531 2735 2758 2776 eorum
2806 2713 3169 2791 temeritas,
3224 2736 3308 2778 116
3366 2736 3569 2797 supra
3615 2717 3960 2779 veritatem
4004 2715 4380 2780 invalescat.
4473 2714 4553 2779 Id
4598 2738 4691 2780 an

667 2819 1010 2897 effecerim,
1058 2820 1292 2896 nesci0,
1341 2820 1515 2883 volui
1563 2834 1763 2884 certe:
1826 2827 1895 2881 et
1938 2817 2109 2900 quod
2166 2819 2487 2899 optimum
2532 2814 2764 2891 habui,
2812 2814 2978 2879 dedi.
3071 2816 3224 2893 Alii,
3273 2819 3328 2881 ei
3376 2817 3531 2899 quid
3575 2818 3809 2882 melius
3853 2817 4168 2892 habeant,
4215 2819 4284 2881 in
4335 2839 4690 2884 commune

666 2921 911 2987 bonum
954 2922 1312 2987 conferant.

975 3024 1294 3104 Basileae,
1340 3026 1433 3092 M„
1460 3024 1543 3090 D.
1570 3023 1902 3094 XXXVI.

676 3203 963 3210 ψ

982 3318 1038 3384 1)
1078 3318 1278 3388 Vergil.
1315 3317 1539 3373 Aeneid.
1579 3317 1626 3385 1,
1665 3316 1783 3372 150.
