5100 6061
1940 1670 2270 1752 IOAN.
2317 1630 2958 1751 CALVINUS

2090 1804 2251 1872 ΡΙΟ
2289 1805 2701 1872 LECTORI
2744 1802 2814 1871 S.

740 1996 906 2061 Etsi
947 1995 1081 2059 iam
1124 2015 1276 2059 eum
1318 1996 1610 2075 fructum
1652 1994 1827 2078 apud
1870 1995 2010 2078 pios
2055 1994 2303 2077 aliquot
2346 1994 2523 2060 viros
2569 1994 2907 2077 Epistolae
2949 1996 3113 2060 istae
3168 2004 3433 2061 nostrae
3490 1995 3867 2079 ediderunt,
3924 2001 4035 2083 qui
4091 2022 4274 2085 spem
4330 2005 4451 2069 ali-

438 2108 688 2184 quanto
730 2099 1046 2165 maiorem
1081 2099 1247 2163 mihi
1289 2099 1362 2163 in
1404 2106 1742 2181 posterum
1775 2100 2002 2163 faciat:
2038 2098 2347 2181 quoniam
2381 2108 2607 2163 tamen
2641 2106 2708 2163 et
2740 2098 3093 2164 familiares
3128 2098 3446 2181 quosdam
3481 2120 3678 2179 meos,
3724 2108 3792 2166 et
3827 2102 3988 2169 alios
4021 2125 4153 2169 non
4186 2125 4447 2188 paucos,
4485 2086 4492 2089 v

439 2226 483 2270 a
526 2202 758 2287 quibus
797 2201 1003 2267 lectae
1058 2202 1355 2280 fuerunt,
1413 2201 1673 2266 etiamsi
1724 2201 1889 2266 mihi
1939 2202 2338 2267 verbotenus
2382 2202 2854 2279 assentiantur,
2920 2222 3058 2266 non
3111 2208 3333 2266 tamen
3391 2223 3787 2286 magnopere
3842 2206 3997 2273 hinc
4051 2211 4450 2275 commoveri

436 2304 651 2385 audi0,
696 2305 870 2389 quod
912 2305 1147 2371 duram
1189 2326 1616 2389 asperamque
1660 2306 1941 2369 nimium
1978 2302 2415 2370 conditionem
2455 2325 2495 2368 a
2529 2326 2636 2369 me
2672 2303 2794 2368 sibi
2839 2314 3188 2371 causentur
3220 2306 3494 2388 imponi:
3540 2326 3674 2371 non
3707 2308 4054 2375 minimum
4087 2312 4267 2378 visus
4303 2333 4451 2377 sum

438 2409 607 2474 mihi
650 2430 885 2492 operae
926 2410 1216 2492 pretium
1251 2409 1561 2487 facturus,
1609 2407 1666 2473 si
1709 2408 1933 2491 paucis
1977 2408 2087 2474 hic
2127 2406 2365 2490 probos
2409 2428 2638 2473 omnes
2682 2409 3059 2487 obtestarer‚
3107 2430 3182 2474 ac
3225 2429 3343 2492 per
3386 2408 3802 2474 tremendum
3846 2410 4012 2477 illud
4031 2414 4163 2480 Dei
4203 2436 4451 2481 nomen
4493 2468 4505 2480 .

434 2511 863 2593 obsecrarem,
906 2532 991 2577 ne
1033 2534 1200 2595 quas
1245 2533 1281 2577 e
1325 2509 1456 2576 Dei
1501 2512 1717 2577 verbo*
1743 2520 2037 2594 sumptas
2079 2511 2576 2576 exhortationes
2621 2511 2730 2575 bic
2775 2510 3036 2591 habent,
3082 2511 3355 2595 perinde
3391 2513 3731 2595 accipiant,
3780 2535 3854 2580 ac
3899 2516 3956 2581 si
3998 2516 4219 2583 fabula
4253 2518 4378 2583 sibi
4411 2539 4453 2582 a

434 2624 661 2699 poeta,
716 2626 833 2681 aut
873 2636 915 2679 a
954 2615 1219 2682 rhetore
1262 2615 1482 2698 aliquo
1527 2613 1912 2681 declamatio
1956 2615 2288 2693 recitetur,
2346 2634 2541 2697 quam
2583 2612 2820 2697 plausu
2863 2614 3247 2699 blandisque
3290 2616 3865 2683 acclamationibus
3910 2619 4072 2684 satis
4126 2619 4214 2685 sit
4268 2641 4449 2687 acce-

433 2719 641 2801 pisse:
688 2740 921 2786 verum
973 2726 1039 2783 et
1080 2718 1257 2785 vitae
1311 2718 1673 2783 doctrinam
1715 2717 1892 2782 tradi
1936 2716 2058 2782 sibi
2112 2717 2563 2795 meminerint,
2623 2736 2790 2799 quae
2833 2738 2965 2782 non
3009 2718 3200 2783 aliter
3244 2739 3441 2802 quam
3486 2719 3994 2803 obtemperando
4041 2723 4168 2787 rite
4213 2744 4447 2807 appro-

436 2821 658 2888 betur:
706 2830 774 2888 et
815 2843 961 2887 eam
1005 2825 1214 2905 ipsam
1261 2820 1624 2888 doctrinam
1661 2822 1789 2886 Dei
1828 2822 2101 2887 verbum
2145 2841 2286 2885 esse
2330 2822 2639 2904 cogitent,
2684 2820 2856 2904 quod
2889 2822 3156 2905 impune
3190 2820 3472 2886 ludibrio
3509 2823 3800 2888 habituri
3836 2845 3973 2889 non
4008 2826 4160 2891 sint.
4230 2824 4449 2906 Quam

435 2925 834 2991 sententiam
879 2927 1031 3009 quia
1073 2926 1368 3008 pluribus
1412 2925 1484 2988 in
1528 2926 1902 3008 praesentia
1938 2924 2154 2990 verbis
2198 2925 2497 3007 persequi
2543 2945 2676 2988 non
2721 2924 2891 3003 licet,
2934 2946 3069 2989 uno
3104 2924 3480 2992 Iezechielis
3525 2925 3882 3010 prophetae
3917 2928 4230 2993 vaticinio
4266 2949 4448 3009 sum-

433 3030 669 3095 matim
735 3029 1146 3114 complectar.
1248 3029 1540 3113 Insignis
1613 3038 1715 3095 est
1781 3027 1961 3095 locus
2032 3029 2143 3114 (33
2165 3081 2179 3107 ‚
2230 3032 2303 3092 31
2344 3029 2460 3113 ss.)
2524 3029 2638 3111 qui
2692 3038 2759 3092 et
2824 3028 2893 3093 in
2947 3028 3348 3094 Iudaeorum
3418 3028 3718 3112 exemplo
3784 3030 4113 3113 quandam
4166 3030 4445 3098 infelicis

434 3134 633 3199 huius
678 3134 923 3200 saeculi
966 3134 1252 3218 effigiem
1295 3145 1775 3216 repraesentet,
1835 3142 1903 3199 et
1955 3132 2232 3198 terribili
2289 3132 2495 3197 divini
2546 3131 2770 3198 iudicii
2825 3132 3306 3215 exspectatione
3347 3133 3582 3198 merito
3626 3155 3745 3198 nos
3788 3133 4146 3217 percellere
4191 3132 4444 3199 debeat.

436 3238 811 3303 Turmatim
854 3238 1143 3322 (dicebat
1184 3238 1540 3321 prophetae
1581 3236 1940 3318 Dominus)
1985 3235 2068 3301 ad
2110 3244 2179 3300 te
2226 3236 2532 3312 veniunt,
2591 3256 2814 3300 coram
2857 3244 2923 3299 te
2967 3235 3226 3314 sedent,
3273 3236 3599 3320 verbaque
3660 3246 3778 3302 tua
3834 3237 4145 3317 audiunt,
4201 3236 4317 3302 sed
4368 3259 4448 3302 ea

435 3362 574 3406 non
617 3348 1081 3425 exsequuntur.
1171 3341 1567 3407 Ludibrium
1607 3342 1784 3405 enim
1826 3339 1901 3403 in
1942 3340 2233 3421 ipsorum
2273 3358 2408 3416 ore,
2453 3347 2521 3402 et
2565 3359 2676 3402 cor
2718 3360 2943 3404 eorum
2985 3341 3058 3405 in
3100 3341 3446 3408 avaritiam
3488 3341 3895 3406 inclinatum.
3985 3341 4080 3406 Et
4120 3341 4332 3407 factus
4375 3362 4447 3407 es

431 3444 566 3509 illis
609 3465 746 3509 non
790 3466 979 3511 secus
1024 3466 1099 3510 ac
1142 3443 1397 3508 ludicra
1440 3444 1656 3508 cantio
1692 3463 1967 3508 sonorae
2003 3439 2385 3520 dulcedinis,
2430 3440 2957 3525 quandoquidem
2991 3445 3211 3511 verbis
3245 3446 3375 3510 tuis
3409 3445 3698 3510 intentas
3733 3444 3982 3510 habent
4018 3465 4231 3524 aures,
4274 3463 4444 3527 quac

434 3548 708 3631 exsequi
747 3568 881 3613 non
925 3554 1179 3613 curant.
1270 3544 1408 3613 Sed
1464 3568 1668 3630 quum
1724 3553 1986 3629 tempus
2024 3547 2284 3611 venerit
2340 3543 2540 3628 (quod
2584 3553 2759 3610 certe
2803 3547 2936 3610 iam
2980 3546 3210 3632 instat)
3266 3555 3659 3633 cognoscent
3713 3547 3888 3632 apud
3936 3569 4006 3614 sc
4047 3549 4250 3616 fuisse
4292 3568 4440 3631 pro·

430 3651 723 3734 phetam.
790 3649 981 3716 Vale.
1068 3649 1406 3728 Genevae,
1449 3650 1664 3734 pridie
1703 3647 1865 3715 Idus
1909 3648 2221 3713 Ianuarii.
2289 3650 2488 3714 Anno
2539 3650 2721 3712 1537.

2903 4181 3126 4228 ιιιιιιι
