5100 6061
1926 426 1927 433 ,
2017 347 2672 428 PROLEGOMEN
2672 364 2753 429 A.
4159 378 4221 443 X
4235 380 4414 446 LIII

383 537 553 603 illud
593 539 915 604 formulae
959 540 1219 606 cuidam
1261 541 1415 608 fidei
1458 551 1522 608 01
1567 543 1950 628 disciplinae
1995 567 2178 629 quae,
2225 554 2304 611 ut
2346 547 2625 630 videtur,
2669 573 3010 636 nunquam
3053 556 3231 638 typis
3276 558 3551 643 vulgata
3592 561 3745 642 fuit3
3791 566 4016 646 tertio,
4073 566 4294 634 locum
4335 576 4408 634 01

381 650 713 717 officinam
748 652 863 717 ubi
898 654 968 717 in
1004 653 1216 720 lucem
1249 654 1493 737 prodiit
1527 656 1650 720 1810
1683 654 1943 721 libellus
1977 657 2257 740 gallicus
2290 660 2365 723 in
2399 659 2702 744 ambiguo
2738 664 3034 748 relinqui,
3075 666 3387 735 Genevae
3423 679 3644 737 tamen
3679 672 4077 758 impressum
4109 680 4406 745 maxime

382 785 527 829 esse
547 764 900 846 probabile.
963 763 1316 831 Caeterum
1349 767 1623 848 nullum,
1659 766 1830 851 quod
1862 768 2164 850 sciamus,
2202 771 2339 836 ulla
2360 773 2433 836 in
2454 771 2845 839 bibliotheca
2874 776 3134 858 publica
3166 787 3385 845 exstat
3414 784 3752 867 exemplar
3773 786 3971 854 huius
3995 787 4400 856 catechismi

382 873 629 959 gallici,
687 896 1047 957 puerorum
1098 877 1411 943 nimirum
1469 880 1771 945 manibus
1823 880 1964 944 triti
2021 891 2088 948 et
2144 883 2444 963 lacerati,
2517 893 2593 949 ut
2646 885 2716 948 in
2772 885 2950 953 hisce
3005 887 3408 956 scholasticis
3461 894 3739 978 pagellis
3794 898 3941 963 fieri
3995 901 4263 983 assolet,
4335 912 4402 968 ct

381 986 744 1071 posteriore
783 987 1078 1054 eiusdem
1112 989 1363 1054 autoris
1404 990 1795 1057 catechismo
1837 991 1908 1056 in
1945 989 2086 1057 eius
2120 990 2334 1059 locum
2369 993 2741 1075 substitut0,
2777 1017 2933 1061 mox
2968 1020 3004 1063 e
3039 1001 3340 1066 manibus
3377 1003 3721 1070 hominum
3755 1008 4006 1090 pariter
4039 1031 4115 1075 ac
4148 1034 4399 1079 memo-

379 1098 484 1162 ria
518 1097 738 1181 elapsi.
828 1099 1056 1182 Neque
1100 1102 1309 1184 magis
1360 1102 1633 1184 reperiri
1676 1104 1890 1186 potuit
1942 1103 2292 1189 vestigium
2338 1106 2603 1190 aliquod
2650 1108 2843 1173 istius
2882 1109 3234 1177 Formulae
3276 1113 3683 1181 calvinianae
3727 1118 3800 1181 in
3843 1141 4037 1185 usum
4085 1123 4399 1190 ecclesiae

377 1212 770 1295 genevensis
821 1213 1241 1295 conscriptae.
1330 1212 1551 1279 Nullis
1594 1214 1773 1278 enim
1828 1214 2051 1279 solidis
2094 1218 2500 1300 argumentis
2557 1217 2902 1303 adprobari
2944 1230 3158 1303 potest
3201 1242 3344 1287 eam
3396 1225 3744 1292 formulam
3788 1229 4064 1297 eandem
4109 1255 4252 1300 esse
4297 1245 4400 1302 at-

377 1343 513 1405 que
567 1322 752 1388 illam
797 1321 1315 1400 Confessioncm,
1371 1346 1536 1408 quae
1582 1325 1662 1390 ab
1710 1325 2014 1393 omnibus
2038 1329 2394 1395 ‘autoribus
2444 1329 2524 1395 de
2568 1331 2763 1396 rebus
2810 1331 3230 1397 Genevatum
3288 1335 3739 1405 ecclesiasticis
3796 1345 4164 1411 accuratius
4221 1354 4396 1414 trac-

378 1434 674 1501 tantibus
728 1436 851 1500 sub
894 1433 1141 1500 Farelli
1200 1439 1463 1502 nomine
1508 1437 1842 1519 laudatur,
1898 1441 2210 1523 cuiusque
2254 1442 2662 1507 rarissimum
2707 1442 3142 1526 archetypum
3186 1454 3565 1512 asservatur
3608 1450 3677 1515 in
3720 1450 4118 1521 bibliotheca
4158 1457 4244 1523 V.
4290 1458 4392 1525 01.

376 1549 659 1615 Henrici
700 1549 1032 1627 Borderii,
1088 1537 1178 1614 in*
1201 1548 1363 1614 villa
1418 1549 1559 1614 eius
1616 1571 1817 1634 prope
1873 1550 2218 1617 Grenevam
2263 1554 2422 1632 sita,
2485 1554 2692 1621 latina
2735 1575 2890 1620 vero
2947 1554 3290 1621 translatio
3345 1557 3499 1624 huic
3542 1560 3671 1642 ipsi
3711 1571 3933 1629 nostro
3977 1564 4394 1636 catechismo

375 1661 778 1727 verbotenus
827 1662 1175 1727 subiuncta
1226 1661 1484 1746 legitur.
1575 1660 2019 1728 Oonfessionis
2079 1663 2275 1730 huius
2331 1672 2522 1730 tenor
2550 1674 2631 1733 ,et
2685 1667 2855 1731 ratio
2911 1666 3316 1749 ipsissimum
3358 1668 3700 1736 Farellum
3755 1672 4095 1755 denotant,
4151 1680 4392 1764 quippe

376 1794 552 1856 quae
594 1774 666 1836 in
702 1773 1087 1839 universum
1123 1773 1206 1838 ad
1250 1774 1428 1838 vitae
1473 1795 1665 1839 usum
1709 1781 1959 1856 spectet
2003 1781 2069 1839 et
2112 1777 2183 1839 in
2225 1775 2385 1842 10018
2425 1777 2828 1844 christianae
2885 1777 3220 1844 doctrinae
3265 1778 3655 1848 definiendis
3699 1804 3912 1868 neque
3956 1786 4388 1855 theoreticam

371 1905 577 1969 quam
634 1886 864 1949 dicunt
905 1885 1285 1951 methodum
1339 1893 1677 1967 sequatur,
1723 1907 1933 1969 neque
1987 1884 2397 1953 dialecticum
2443 1887 2708 1956 Calvini
2764 1889 3104 1972 ingenium
3157 1888 3462 1957 redoleat.
3552 1892 3932 1960 Christiana
3983 1898 4246 1979 quidem
4289 1910 4392 1968 est

372 1998 496 2064 sed
538 2017 673 2062 non
716 1996 1110 2081 theologica,
1167 1996 1341 2080 quod
1385 2017 1544 2062 sane
1586 1996 1755 2061 foret
1798 1999 1853 2062 si
1897 1996 2248 2065 Calvinum
2292 2006 2588 2065 autorem
2646 2000 2998 2066 habuisset.
3087 2001 3408 2066 Notemus
3453 2005 3680 2084 011801,
3738 1996 3925 2088 quasi
3967 2007 4037 2072 in
4082 2012 4387 2094 transitu,

370 2110 552 2175 118110
593 2108 841 2174 Farelli
885 2109 1360 2175 confessionem
1402 2108 1585 2173 iussu
1628 2121 1893 2174 senatus
1950 2111 2337 2194 genevensis
2390 2132 2564 2176 anno
2616 2116 2774 2176 1537
2824 2114 3001 2197 typis
3045 2108 3187 2178 esse
3229 2114 3628 2180 mandatam.
3718 2116 3904 2182 Haec
3949 2118 4126 2184 enim
4168 2123 4240 2186 in
4279 2144 4387 2192 ac-

370 2230 599 2288 torum
642 2219 1032 2304 reipublicae
1078 2220 1558 2286 commentariis
1600 2220 1916 2304 leguntur
1961 2220 2313 2305 (Reyisbres
2348 2222 2600 2317 d’Estat
2643 2226 2724 2286 27
2769 2224 2980 2307 April.
3033 2228 3194 2288 1537
3202 2225 3260 2308 );
3309 2224 3506 2290 Faire
3563 2227 3891 2309 imprimet·
3935 2235 3991 2293 01
4042 2232 4389 2300 distribue»-

368 2335 443 2400 Ζα
493 2333 855 2415 Confessien
895 2334 971 2398 de
1016 2331 1166 2415 Fey.

683 2446 810 2509 Est
862 2444 1066 2529 igitur
1120 2442 1296 2526 quod
1353 2442 1687 2521 doleamus
1745 2452 1812 2510 et
1862 2443 2038 2527 quod
2093 2445 2356 2511 doleant
2408 2443 2748 2512 nobiscum
2813 2446 3089 2512 lectores
3105 2498 3121 2525 ,
3191 2448 3479 2530 primum
3533 2448 3699 2513 illud
3756 2451 4067 2534 gallicum
4122 2455 4386 2524 calvini
4435 2476 4438 2479 ·

366 2558 695 2642 scriptum
739 2556 953 2639 plane,
1002 2565 1074 2621 ut
1108 2553 1387 2634 videtur,
1429 2556 1715 2638 periisse,
1763 2554 2054 2638 duraque
2089 2576 2211 2621 008
2247 2548 2510 2622 adactos
2546 2577 2689 2622 csse
2733 2558 3137 2637 necessitate,
3183 2558 3460 2623 latinam
3498 2560 3639 2624 eius
3682 2563 4070 2646 versionem,
4115 2566 4199 2632 ab
4240 2571 4385 2653 ipso

367 2670 639 2756 quidem
682 2675 910 2733 autore
951 2669 1219 2745 factam,
1267 2668 1634 2733 versionem
1679 2675 1898 2733 tamen
1914 2719 1929 2747 ,
1986 2667 2112 2732 hoc
2155 2668 2228 2731 in
2270 2662 2609 2732 volumine
2653 2667 2981 2733 exhibere.
3071 2668 3277 2734 Cuius
3321 2669 3525 2736 libelli
3569 2670 3897 2739 latinitate
3943 2674 4230 2743 donandi
4275 2702 4383 2746 00-

362 2784 700 2849 casionem
752 2780 1054 2864 praebuit
1089 2780 1336 2873 Petrus
1380 2778 1629 2856 081011,
1677 2777 2012 2844 Sorbonae
2053 2779 2435 2861 parisiensis
2491 2778 2716 2844 doctor
2755 2787 2949 2863 atquc
2982 2780 3180 2863 prior.
3270 2780 3403 2862 Qui
3446 2781 3518 2844 in
3561 2782 3792 2864 primis
3833 2786 3957 2849 fuit
3997 2808 4224 2854 eorum
4268 2793 4383 2875 qui

362 2895 704 2979 puriorem
749 2892 1114 2957 doctrinam
1154 2892 1223 2954 in
1270 2890 1492 2956 Gallia
1533 2890 1809 2973 professi
1851 2901 2036 2971 sunt,
2082 2890 2278 2956 homo
2319 2890 2736 2973 caeteroquin
2779 2890 3163 2957 ambitiosus
3178 2942 3195 2971 ‚
3241 2891 3407 2958 levis
3451 2899 3535 2956 01,
3559 2893 3801 2974 varius,
3846 2916 4210 2983 parumque
4253 2904 4380 2969 sibi

362 3013 695 3075 constans.
785 3004 893 3068 Ex
938 2996 1161 3069 Gallia
1213 3003 1527 3088 profugus
1572 3003 1756 3069 venit
1800 3002 2145 3069 Genevam
2189 3009 2256 3068 01
2297 3010 2446 3085 post
2480 3002 2724 3068 multos
2767 3002 3061 3087 ulysseos
3105 3024 3359 3070 errores
3374 3055 3389 3084 ,
3443 3011 3713 3088 propter
3755 3026 3941 3072 suam
3985 3008 4380 3095 importuni-

361 3129 573 3184 tatem
613 3117 830 3200 potius
871 3137 1069 3199 quam
1111 3123 1379 3198 propter
1435 3114 1820 3199 dignitatem
1863 3116 2072 3180 factus
2125 3121 2349 3199 pastor
2390 3114 2850 3181 lausannensis
2903 3116 3222 3198 primum,
3276 3115 3513 3182 deinde
3555 3120 4002 3202 neocomensis
4045 3122 4374 3206 ecclcsiae,

362 3239 700 3315 postremo
735 3227 822 3292 ad
853 3249 1005 3293 suos
1035 3226 1231 3293 rediit
1262 3226 1569 3310 papistas.
1633 3227 1704 3291 Is
1735 3227 1942 3311 igitur
1974 3226 2215 3310 iniquis
2250 3235 2475 3292 contra
2504 3226 2863 3305 Farellum,
2887 3225 3200 3293 Viretum
3236 3234 3304 3292 et
3335 3227 3690 3294 Calvinum
3725 3232 3968 3313 sparsis
4004 3234 4374 3302 rumoribus

363 3341 640 3407 tandem
682 3362 758 3405 00
799 3360 1004 3422 usque
1045 3340 1350 3423 prorupit
1388 3346 1465 3403 ut
1505 3338 1724 3421 palam
1762 3337 1907 3403 illos
1950 3339 2147 3418 viros,
2193 3338 2475 3423 collegas
2510 3346 2580 3403 et
2613 3337 2910 3405 doctrina
2945 3345 3015 3403 et
3046 3338 3337 3422 moribus
3371 3341 3983 3429 praestantissimos,
4030 3344 4376 3414 haereseos

361 3460 738 3532 accusaret,
793 3451 1130 3517 arianismi
1182 3450 1429 3516 scilicet
1471 3458 1538 3515 01
1588 3449 2054 3515 sabellianismi
2097 3449 2501 3533 aliarumque
2545 3450 2779 3514 talium
2822 3452 3244 3533 pravitatum.
3334 3450 3538 3516 Nulla
3579 3450 3709 3516 alia
3760 3459 3921 3520 tunc
3963 3454 4224 3537 publica
4258 3479 4375 3524 ex-

361 3566 632 3632 stabant
674 3564 829 3629 fidei
872 3563 1180 3630 ecclesiae
1222 3562 1616 3647 genevensis
1658 3568 2102 3640 monumenta,
2146 3572 2407 3644 praeter
2447 3561 2632 3626 illam
2674 3582 2868 3644 quam
2913 3560 3202 3628 diximus
3246 3560 3741 3628 Confessionem
3781 3571 3847 3630 01
3891 3564 4156 3633 08111101
4199 3575 4376 3635 0810-

357 3677 695 3745 chismum
711 3728 726 3753 ,
781 3696 946 3759 quae
989 3674 1239 3754 tamen,
1282 3681 1505 3758 utpote
1548 3673 1782 3757 gallice
1826 3673 2215 3756 conscripta,
2260 3655 2535 3762 caeteris
2577 3671 2915 3738 helveticis
2960 3672 3252 3739 ecclesiis
3295 3672 3430 3738 1010
3474 3674 3807 3758 incognita
3851 3685 4060 3744 erant.
4148 3679 4375 3745 Calvi—

357 3812 490 3855 nus
543 3789 766 3873 1180110
822 3809 1009 3853 suum
1060 3786 1550 3854 Catechismum
1608 3791 1674 3851 et
1715 3783 1962 3849 Farelli
2008 3784 2479 3850 confessionem
2529 3783 2736 3849 latine
2784 3784 3120 3866 loquentes
3176 3785 3330 3851 fecit
3385 3793 3461 3849 ut
3513 3785 3816 3851 omuibus
3869 3788 4013 3854 istis
4057 3790 4371 3857 fratribus

356 3902 522 3967 fidei
564 3900 929 3967 doctrinam
986 3922 1025 3964 a
1068 3921 1138 3964 se
1186 3899 1314 3965 huc
1358 3920 1561 3981 usque
1606 3897 1921 3963 Genevae
1973 3895 2289 3961 traditam
2332 3904 2401 3962 et
2441 3896 2606 3961 falso
2649 3895 2997 3961 1180108008
3040 3902 3413 3962 accusatam
3457 3897 3582 3961 hac
3635 3898 3936 3968 versione
3982 3899 4363 3967 declararet.

356 4014 596 4080 Mense
640 4014 886 4078 Martio
941 4013 1100 4077 anni
1165 4014 1325 4075 1538
1381 4031 1526 4075 eam
1578 4009 1824 4092 publici
1869 4008 2032 4072 iuris
2084 4009 2329 4074 factam
2382 4028 2523 4074 0880
2568 4007 3020 4092 typographus
3073 4008 3342 4090 ipsein
3396 4007 3572 4073 calce
3626 4008 3775 4074 libri
3827 4009 4089 4075 indicat.
4179 4011 4365 4078 Idem

346 4125 628 4210 colliges
684 4147 768 4190 ex
811 4125 1211 4207 praefatione
1262 4121 1531 4187 secundi
1574 4120 1970 4187 Catechismi
2015 4141 2055 4183 a
2110 4118 2388 4187 Calvino
2442 4140 2615 4184 anno
2660 4123 2818 4182 1545
2864 4118 2935 4183 in
2987 4119 3264 4183 latinam
3317 4119 3615 4202 linguam
3669 4119 3985 4186 translati.
4054 4113 4210 4186 'Hie
4260 4123 4366 4187 in-

352 4248 463 4303 ter
509 4237 664 4318 alia,
710 4221 876 4320 quae
918 4236 1092 4301 infra
1136 4255 1251 4301 suo
1292 4234 1434 4300 1000
1478 4233 1906 4317 attingemus,
1964 4231 2127 4297 haec
2171 4231 2398 4296 habet:
2453 4230 2659 4312 Quum
2693 4234 2836 4295 01110
2878 4249 3082 4297 annos
3123 4236 3355 4312 septem
3393 4231 3567 4296 edita
3610 4251 3653 4295 a
3693 4251 3792 4294 me
3835 4238 3994 4296 esset
4035 4234 4237 4299 brevis
4276 4257 4372 4302 re-

351 4353 624 4434 ziqionis·
661 4370 910 4415 summa
941 4349 1056 4412 sub
1103 4345 1473 4413 Gateehismi
1513 4325 1775 4424 nomine,
1808 4343 2077 4421 verebar,
2119 4343 2252 4407 nisi
2290 4341 2404 4408 hoe
2435 4342 2507 4408 in
2547 4343 2753 4408 medio
2785 4342 3041 4424 prolato
3077 4347 3529 4420 anteverterem,
3566 4361 3642 4406 ne
3681 4342 3815 4421 illa,
3860 4345 4030 4425 quod
4066 4345 4364 4426 nolebam,

346 4484 618 4529 rursum
673 4461 1092 4527 excuderetur.
1180 4459 1341 4524 Illos
1397 4464 1648 4541 septem
1691 4476 1899 4521 annos
1949 4469 2083 4520 non
2126 4453 2211 4519 ad
2254 4454 2566 4538 gallicum
2621 4454 3052 4538 archetypum
3110 4453 3226 4520 sed
3269 4453 3354 4518 ad
3396 4452 3676 4517 latinum
3729 4461 4032 4519 nostrum
4074 4457 4362 4539 primum

340 4575 855 4642 Catechismum
910 4579 1206 4656 spectare
1249 4569 1418 4635 nihil
1461 4577 1561 4634 est
1619 4567 1790 4652 quod
1835 4566 2107 4633 dubites.
2199 4564 2417 4632 Simul
2458 4589 2540 4632 ex
2595 4566 2832 4631 iisdem
2876 4565 3139 4632 Calvini
3180 4565 3399 4630 verbis
3459 4570 3641 4647 patet
3675 4564 3870 4630 aliam
3927 4567 4122 4650 primi
4143 4567 4362 4633 ‘Cate-

340 4687 594 4756 chismi
636 4686 827 4750 latini
870 4684 1241 4762 editionem,
1290 4688 1548 4765 praeter
1589 4680 1771 4744 illam
1813 4680 2194 4763 principem,
2238 4701 2370 4744 non
2414 4679 2762 4744 exstitisse.

667 4796 804 4864 Sed
854 4818 1003 4864 0000
1048 4794 1442 4878 Oporinum,
1499 4791 1935 4859 clarissimum
1988 4790 2178 4854 illum
2222 4789 2744 4875 typographum,
2790 4789 2903 4872 qui
2945 4789 3017 4852 in
3061 4786 3290 4852 eadem
3333 4787 3449 4853 illa
3493 4788 3798 4870 epistola,
3845 4791 4029 4854 cuius
4068 4789 4202 4853 iam
4248 4809 4361 4853 su·

338 4934 477 4998 pra
519 4903 711 4994 (pags
741 4909 905 4993 XL)
948 4907 1355 4972 mentionem
1392 4906 1765 4982 iniecimus,
1809 4923 1947 4966 una
1987 4923 2108 4966 sua
2150 4923 2325 4983 voce,
2368 4922 2534 4986 quae
2576 4900 2768 4967 modo
2813 4899 3258 4964 demonstrata
3300 4906 3369 4964 et
3409 4900 3782 4970 firmissime
3824 4900 4114 4965 stabilita
4157 4922 4198 4965 a
4238 4923 4360 4966 no-

336 5027 453 5093 bis
497 5003 821 5106 accepisti,
864 5022 935 5089 10
971 5018 1243 5084 dubium
1284 5037 1592 5083 revocare
1636 5022 1704 5082 et
1745 5022 2006 5080 tantum
2049 5035 2182 5079 non
2225 5021 2521 5080 evertere
2566 5013 2846 5078 videtur.
2929 5010 3152 5101 Habet
3202 5012 3380 5076 enim
3415 5011 3506 5077 ibi
3541 5012 3717 5076 inter
3750 5011 3878 5075 alia
3912 5017 3981 5075 et
4016 5012 4202 5078 haec:
4250 5011 4358 5077 De

349 5134 745 5203 catechismo
784 5140 886 5198 tuo
930 5134 1098 5199 scias
1111 5183 1126 5212 ‚
1167 5130 1259 5193 mi
1299 5127 1580 5208 Calvine,
1629 5129 1925 5211 maq'nam
1974 5147 2105 5192 esse
2155 5127 2719 5207 exspectationem;·
2740 5123 2991 5205 quando
3036 5144 3179 5188 eum
3231 5125 3610 5207 recognitum
3652 5123 3860 5188 denuo*
3911 5123 4197 5188 editurus
4242 5127 4358 5190 sie.

341 5247 643 5328 OEcpitmt
680 5244 793 5311 1100
825 5245 1114 5327 plerique
1148 5249 1204 5308 01
1239 5239 1688 5322 exemplarium
1728 5244 1915 5305 antea
1958 5261 2000 5305 a
2042 5238 2222 5304 nobis
2265 5257 2638 5304 excusorum
2670 5234 2914 5301 nullum
2957 5237 3136 5302 nobis
3178 5240 3461 5317 superest
3503 5234 3797 5315 ampliu&
3834 5232 3951 5390 ἵζε*
3966 5235 4184 5306 saltem
4218 5233 4363 5299 Ba-
