5100 6061
314 413 434 474 333

206 625 224 658 ι
311 599 580 684 reliquis
616 601 938 679 omnibus,
976 604 1086 685 qui
1123 601 1351 667 eodem
1371 601 1504 667 Dei
1523 602 1812 679 consilio,
1851 609 2002 667 ante
2035 602 2268 667 mimdi

310 686 871 765 constitutionem,
928 687 1262 770 reprobati
1315 696 1502 766 sunt,
1558 689 1924 755 clarissima
1946 687 2268 755 'veritatis

307 770 709 855 praedicatio
753 773 922 837 nihil
967 795 1162 858 quam
1203 773 1361 838 odor
1406 775 1636 840 mortis
1691 776 1760 839 in
1803 783 2083 839 mortem
2126 795 2269 838 esse

392 867 543 924 test.
621 859 830 924 Porro
885 881 1006 924 cur
1058 860 1203 926 illos
1264 860 1706 927 misericordia
1760 882 1880 926 sua
1933 859 2267 924 Dominus

356 945 648 1029 'gnetur‚
705 946 773 1009 in
833 945 955 1010 hos
1010 946 1235 1012 iudicii
1305 948 1408 1011 sui
1467 947 1888 1013 severitatem
1942 954 2264 1024 exerceat,

309 1032 632 1095 rationem
677 1052 879 1114 penes
933 1031 1126 1095 illum
1166 1054 1308 1098 esse
1353 1033 1676 1112 sinamus,
1725 1054 1919 1115 quam
1967 1054 2084 1095 nos
2128 1054 2266 1096 om-

309 1138 457 1196 nes,
516 1139 638 1183 nec
690 1118 833 1182 sine
888 1119 1134 1200 optima
1186 1120 1467 1194 ratione,
1538 1119 1782 1184 celatos
1840 1139 1982 1183 esse
2039 1118 2264 1183 voluit.

308 1202 460 1268 Non
506 1205 682 1267 enim
715 1203 824 1268 vel
869 1212 1123 1268 tantam
1158 1204 1372 1271 lucem
1407 1204 1658 1288 ingenii
1699 1205 1908 1268 nostri
1944 1202 2268 1268 hebetudo

1974 412 2652 482 OATEOHISMUS.

4194 427 4319 490 334

2373 603 2587 669 cordis
2645 604 2918 685 fiducia,
2975 628 3104 690 qua
3157 608 3228 671 in
3272 607 3400 674 Dei
3446 610 3915 689 misericordia,
3961 633 4079 694 per
4121 633 4321 679 evan-

2373 689 2621 772 gelium
2693 691 2879 757 nobis
2932 694 3285 775 promissa,
3342 714 3568 761 secure
3632 697 4118 779 acquiescimus.
4210 696 4325 764 Sic

2373 776 2550 872 enim
2597 797 2636 839 a
2680 779 3130 859 promissionis
3167 779 3531 847 substantia
3563 781 3851 866 petenda
3890 790 3990 848 est
4018 784 4180 854 fidei
4214 783 4325 849 de-

2372 861 2611 925 finitio:
2665 882 2832 943 quae
2886 865 2980 930 sic
3034 886 3111 931 eo
3177 866 3603 933 fundamento
3643 869 3903 948 nititur,
3950 878 4025 933 ut
4067 870 4324 936 sublato

2372 946 2516 1028 ipso
2553 948 2856 1029 protinus
2892 960 3173 1030 corruat,
3232 954 3340 1017 vel
3376 955 3592 1036 potius
3617 963 3982 1021 evanescat.
4039 954 4326 1022 Proinde

2373 1031 2532 1129 dum
2567 1032 3075 1102 misericordiam
3103 1040 3292 1105 nobis
3327 1059 3513 1104 suam
3539 1062 3657 1123 per
3692 1041 4138 1124 evangelicam
4172 1062 4325 1125 pro-

2374 1119 2755 1183 missionem
2800 1120 3009 1187 defert
3052 1124 3406 1203 Dominus,
3453 1127 3509 1191 si
3565 1126 3974 1208 promittenti
4030 1136 4204 1192 certo
4250 1149 4326 1193 ac

2372 1205 2537 1269 citra
2596 1204 3098 1272 haesitationem
3167 1211 3553 1277 confidimus
3572 1264 3587 1290 ,
3658 1212 3786 1277 fide
3841 1213 4116 1278 verbum
4184 1214 4335 1282 eius

308 1290 500 1367 ferre,
545 1289 654 1354 vel
698 1297 950 1354 tantam
997 1291 1356 1372 sapientiae
1407 1290 1934 1374 magnitudinem
1979 1290 2267 1354 tenuitas
2371 1290 2864 1372 apprehendere
2928 1294 3222 1360 dicimur.
3327 1297 3556 1379 Neque
3622 1298 3704 1362 ab
3759 1298 3882 1363 hac
3947 1298 4325 1364 definitione

308 1394 542 1459 capere
576 1376 811 1440 valeat.
868 1377 969 1441 Ac
1010 1377 1276 1441 omnino
1313 1377 1681 1460 quicunque
1715 1397 1785 1441 se
1821 1376 1930 1440 hic
1969 1375 2267 1440 attollere
2317 1349 2322 1466 l
2372 1375 2587 1440 aliena
2640 1386 2742 1440 est
2795 1378 2907 1441 illa
2960 1381 3267 1461 apostoli,
3335 1382 3444 1447 ubi
3490 1383 3675 1449 docet
3719 1404 3862 1449 esse
3913 1406 4134 1450 rerum
4176 1405 4324 1468 spe-

307 1461 735 1538 contendent,
795 1484 917 1527 nec
971 1462 1273 1527 cohibere
1330 1463 1569 1527 mentis
1625 1482 1782 1526 suae
1826 1462 2266 1526 temeritatem

307 1548 753 1624 sustinebunt,
800 1570 1032 1614 verum
1076 1570 1216 1614 esse
1261 1549 1684 1631 experientur
1727 1547 1899 1630 quod
1944 1549 2035 1612 ait
2079 1546 2266 1612 Solo-

303 1655 489 1698 mon:
549 1631 1000 1699 Scrutatorem
1055 1635 1415 1700 maiestatis
1472 1654 1856 1716 oppressum
1912 1634 1992 1698 iri
2041 1657 2078 1697 a
2124 1632 2265 1717 glo-

2370 1461 2731 1526 randarum
2775 1464 3281 1547 subsistentiam,
3327 1469 3774 1550 probationem
3822 1490 3956 1534 non
4001 1492 4321 1554 apparen-

2372 1548 2537 1611 tium
2597 1548 2967 1630 (Ηο111μ11,
3016 1552 3096 1634 1).
3195 1553 3517 1637 Intelligit
3570 1557 3745 1620 enim
3813 1564 4061 1621 certam
4114 1576 4322 1638 quan-

2373 1633 2520 1696 dam
2579 1656 2653 1698 ac
2711 1657 3007 1700 securam
3055 1640 3528 1720 possessionem
3573 1662 3828 1720 eorum,
3889 1663 4052 1724 quae
4095 1664 4134 1707 a
4174 1644 4321 1708 Deo

305 1721 402 1784 ria
439 1719 668 1804 (Prov.
702 1722 803 1798 25,
833 1723 921 1819 2),
953 1722 1002 1803 ¹)
1067 1721 1354 1785 Tantum
1394 1719 1462 1783 id
1498 1719 1836 1785 nobiscum
1875 1728 2263 1797 statuamus,
2317 1723 2318 1730 ’
2370 1722 2687 1802 promissa
2744 1733 2927 1800 sunt,
2983 1731 3049 1786 et
3105 1724 3502 1789 evidentiam
3561 1748 3780 1790 rerum
3829 1750 3958 1792 non
4002 1750 4320 1810 apparen-

303 1806 487 1870 illam
531 1806 806 1870 Domini
851 1806 1423 1888 dispensationem,
1469 1807 1733 1870 tametsi
1779 1807 2033 1871 occulta
2077 1805 2264 1870 nobis

2369 1806 2565 1869 tium:
2623 1827 2858 1889 nempe
2923 1808 3095 1873 vitae
3141 1819 3444 1875 aeternae
3466 1863 3480 1888 ,
3541 1815 3725 1876 cuius
3769 1815 4321 1894 exspectationem

305 1900 435 1971 est,
493 1893 735 1958 iustam
792 1892 1227 1957 nihilominus
1281 1903 1348 1957 et
1403 1901 1694 1958 sanctam
1752 1914 1915 1957 esse.
1992 1892 2162 1955 Nam
2209 1892 2262 1956 si
2315 1897 2319 1954 Ι
2372 1890 2606 1957 fiducia
2682 1891 2943 1958 divinae
3016 1894 3356 1975 bonitatis,
3447 1917 3566 1979 per
3645 1898 4057 1982 evangelium
4134 1900 4321 1965 nobis

303 1979 694 2044 universum
736 1979 1076 2043 hominum
1121 2001 1332 2062 genus
1367 1978 1686 2060 perderet,
1733 1978 1800 2042 id
1839 1979 2083 2042 faceret
2120 1980 2264 2041 iure

305 2085 441 2130 suo.
512 2063 595 2127 In
650 2064 732 2128 iis
776 2085 940 2146 quos
984 2086 1023 2128 a
1076 2064 1438 2147 perditione
1481 2070 1627 2144 [pag.
1675 2068 1775 2142 17]
1825 2073 2112 2141 revocat,
2170 2063 2265 2127 nil

305 2151 434 2215 nisi
465 2170 794 2214 summam
831 2150 971 2215 eius
1008 2150 1368 2215 bonitatem
1395 2150 1822 2233 contemplari
1843 2149 2012 2214 licet.
2071 2149 2263 2214 Elec-

300 2245 402 2302 tos
428 2257 586 2319 ergo
611 2256 767 2301 vasa
791 2258 933 2302 esse
964 2237 1446 2302 misericordiae
1467 2238 1691 2319 ipsius,
1733 2236 2002 2313 ut'sunt,
2029 2256 2262 2319 agnos-

302 2341 558 2388 camus:
607 2323 933 2405 reprobos,
973 2344 1132 2388 vasa
1173 2324 1325 2400 irae,
1374 2322 1487 2387 sed
1523 2344 1657 2387 non
1694 2322 1821 2387 nisi
1859 2323 2086 2386 iustae.
2155 2321 2261 2386 Ab

300 2408 600 2491 utrisque
632 2419 1097 2493 argumentum
1133 2431 1208 2475 ac
1242 2410 1584 2473 materiam
1618 2407 2090 2491 praedicandae
2126 2408 2264 2472 eius

302 2494 550 2579 gloriae
607 2515 961 2560 sumamus.
1038 2494 1265 2578 Neque
1344 2516 1611 2560 rursum
1629 2546 1644 2572 ,
1707 2494 1879 2577 quod
1934 2495 2261 2577 plerisque

302 2601 430 2646 usu
458 2580 692 2644 venire
736 2580 919 2658 solet,
958 2580 1039 2644 ad
1080 2579 1534 2647 stabiliendam
1560 2580 1790 2645 salutis
1825 2591 2087 2645 nostrae
2123 2599 2262 2644 cer-

301 2665 683 2744 titudinem,
741 2687 1132 2748 quaeramus
1182 2669 1251 2732 in
1318 2668 1534 2750 ipsum
1590 2666 1845 2732 coelum
1899 2672 2258 2749 penetrare,

300 2762 368 2817 et
412 2751 570 2835 quid
626 2751 707 2816 ab
762 2762 1026 2817 aeterno
1081 2752 1162 2816 de
1218 2754 1404 2819 nobis
1449 2754 1633 2818 Deus
1693 2752 2056 2818 decreverit
2109 2772 2259 2833 per-

299 2839 583 2904 contari?
644 2859 808 2920 quae
859 2840 1161 2922 cogitatio
1209 2839 1376 2904 nihil
1412 2860 1610 2921 quam
1646 2841 1887 2904 misera
1930 2839 2259 2903 anxietate

299 2946 372 2990 ac
413 2924 905 3007 perturbatione
953 2945 1191 2990 vexare
1240 2946 1360 2990 nos
1403 2932 1634 3008 potest.
1705 2923 1840 2989 Sed
1883 2924 2258 2988 testimonio
2309 2915 2313 3008 1

301 3010 601 3075 contenti
644 3011 869 3091 simus,
917 3033 1045 3094 quo
1089 3011 1251 3078 satis
1289 3034 1610 3095 superque
1646 3010 1831 3076 nobis
1871 3012 2082 3094 ipsam
2119 3008 2257 3075 Do·
2308 3040 2313 3095 ξ

2366 1976 2643 2055 oblatae,
2687 1981 3102 2062 concipimus.
3188 1979 3413 2063 Quum
3457 1993 3676 2048 autem
3730 2003 3954 2049 omnes
3996 1983 4122 2049 Dei
4167 2005 4323 2068 pro-

2368 2065 2713 2129 missiones
2776 2065 2845 2128 in
2918 2065 3184 2132 Christo
3250 2072 3723 2134 confirmentur
3790 2071 3857 2154 (2
3900 2069 4047 2135 Cor.
4095 2076 4145 2148 l,
4192 2072 4319 2155 17),

2369 2157 2434 2212 et
2479 2149 2956 2232 quodammodo
3014 2162 3433 2234 praestentur
3479 2176 3554 2220 ac
3607 2156 4020 2238 impleantur,
4066 2164 4321 2221 constat

2367 2236 2594 2317 procul
2619 2235 2834 2316 dubio,
2862 2236 3207 2304 Christum
3242 2241 3459 2323 ipsum
3497 2251 3886 2324 perpetuum
3921 2240 4075 2306 fidei
4111 2242 4321 2308 obiec-

2367 2332 2509 2384 tum
2556 2343 2716 2400 esse,
2764 2323 2836 2386 in
2863 2344 2987 2406 quo
3033 2325 3379 2391 universas
3405 2325 3670 2391 divinae
3708 2327 4189 2392 misericordiae
4224 2327 4322 2392 di-

2370 2408 2560 2472 vitias
2604 2409 3093 2492 contempletur.

2913 2614 3193 2681 FIDES
3238 2615 3578 2684 DONUM
3622 2616 3807 2682 DEI.

2539 2750 2615 2814 Si
2674 2761 2848 2816 recte
2904 2754 3243 2819 nobiscum
3307 2763 3716 2836 reputamus,
3763 2764 3828 2816 et
3872 2764 4191 2835 quantum
4236 2758 4319 2822 ad

2367 2836 2669 2900 coelestia
2725 2837 2854 2902 Dei
2922 2840 3237 2922 mysteria
3302 2862 3488 2905 mens
3557 2851 3781 2905 nostra
3845 2842 4189 2919 caecutiat,
4252 2853 4318 2906 et

2365 2929 2609 3004 quanta
2653 2922 3017 2988 diffidentia
3060 2946 3170 2990 cor
3224 2935 3525 2990 nostrum
3584 2927 3655 2990 111
3701 2926 4004 2990 omnibus
4047 2925 4314 3004 laboret,

2365 3008 2534 3072 nihil
2594 3007 3071 3090 dubitabimus,
3129 3012 3284 3094 quin
3341 3011 3503 3077 fides
3550 3012 3679 3078 vim
3736 3034 3997 3077 omnem
4041 3021 4317 3079 naturae

296 3100 520 3163 minus
579 3097 1012 3163 confirmavit.
1095 3098 1266 3162 Nam
1317 3110 1391 3162 ut
1445 3100 1513 3161 in
1559 3098 1824 3163 Christo
1869 3097 2057 3162 electi
2103 3106 2259 3161 sunt
2307 3126 2313 3191 1
2363 3106 2625 3159 nostrae
2680 3096 2872 3180 longe
2927 3108 3225 3180 superet,
3284 3109 3350 3162 et
3392 3099 3520 3162 Dei
3574 3096 3817 3163 donum
3871 3100 3955 3162 sit
3998 3098 4317 3163 eximium

298 3204 562 3261 omnes,
585 3269 598 3281 ο
630 3185 1015 3284 qui-cunque
1078 3194 1232 3248 ante
1297 3185 1467 3249 iacta
1532 3183 1761 3248 mundi
1830 3182 2258 3283 fundamenta
2306 3206 2313 3293 ἰ
2362 3202 2436 3247 ac
2482 3182 2830 3280 singulare.
2897 3183 3070 3248 Nam
3117 3185 3171 3248 si
3216 3184 3545 3249 humanae
3566 3185 3981 3284 ‘volunt-atis,-
4021 3194 4097 3284 ut
4137 3185 4315 3250 Pau-

294 3269 743 3351 praeordlnati
810 3269 891 3334 ad
951 3278 1159 3334 vitam
1213 3272 1485 3334 fuerunt
1544 3269 1746 3353 (Eph.
1792 3275 1845 3343 1,
1884 3272 1984 3351 4):
2048 3280 2140 3333 ita
2201 3291 2257 3333 1s
2306 3302 2312 3335 ι
2362 3267 2464 3331 lus
2519 3278 2977 3341 ratiocinatur.
3036 3291 3228 3334 nemo
3275 3280 3375 3334 est
3429 3278 3647 3350 testis,
3707 3291 3833 3334 msl
3888 3277 4151 3335 sou-itus
4195 3270 4314 3335 ho-

295 3364 412 3434 est,
460 3357 535 3420 in
562 3377 689 3438 quo
722 3356 1057 3422 electionis
1095 3367 1356 3421 nostrae
1383 3357 1624 3439 pignus
1661 3356 1848 3420 nobis
1886 3355 2252 3420 exhibetur.

296 3439 645 3524 Siquidem
719 3442 937 3525 ipsum
1015 3442 1144 3507 fide
1220 3442 1581 3525 excipimus
1649 3451 1715 3504 et
1780 3441 2255 3523 amplectimur.

2364 3353 2561 3417 minis
2606 3355 2715 3436 qui
2762 3355 2830 3418 in
2873 3358 3013 3439 ipso
3060 3366 3159 3421 est
3203 3357 3262 3441 (1
3309 3355 3459 3422 Cor.
3502 3362 3559 3434 2,
3603 3357 3731 3441 11),
3775 3355 4037 3423 divinae
4081 3357 4313 3421 volun-

2362 3440 2517 3503 tatis
2582 3440 2693 3520 qui
2760 3450 2976 3506 certus
3042 3450 3215 3508 esset
3269 3442 3505 3507 homo?
3595 3443 3688 3506 Et
3753 3443 3807 3508 si
3870 3443 4001 3507 Dei
4065 3442 4314 3509 veritas

295 3526 475 3608 Quid
537 3528 714 3591 enim
778 3529 846 3591 in
914 3528 1230 3594 electione
1295 3529 1668 3610 quaerimus
1687 3579 1702 3604 ,
1771 3527 1898 3590 nisi
1956 3536 2028 3590 ut
2081 3528 2258 3592 vitae
2363 3524 2533 3606 apud
2578 3544 2699 3589 nos
2742 3526 2809 3588 in
2855 3527 2933 3591 iis
2979 3528 3178 3592 etia'm
3234 3528 3429 3593 rebus
3473 3529 3762 3607 vacillat,
3813 3533 3960 3609 [pag.
4005 3533 4106 3608 19]
4154 3550 4313 3611 quas

294 3622 608 3678 aeternae
658 3614 864 3679 simus
915 3613 1305 3697 participes?
1389 3614 1593 3695 Atqui
1660 3634 1806 3677 eam
1859 3614 1928 3675 in
1988 3611 2254 3678 Christo
2360 3610 2550 3675 oofilo
2606 3613 2937 3693 praesenti
2978 3614 3341 3691 intuemur,

293 3699 700 3778 obtinemus,
759 3700 870 3783 qui
928 3708 994 3764 et
1042 3701 1181 3765 vita
1225 3710 1367 3765 erat
1411 3700 1492 3764 ab
1536 3699 1724 3763 initio
1771 3698 2023 3771 (Ioann.
2071 3704 2124 3777 1,
2163 3699 2253 3781 4),

293 3794 356 3849 et
398 3786 595 3851 nobis
637 3786 709 3849 in
745 3786 952 3852 vitam
986 3787 1394 3870 praepositus
1430 3795 1548 3864 est,
1597 3793 1671 3850 ut
1705 3804 1931 3850 omnes
1968 3784 2076 3866 qui
2113 3806 2253 3850 cre-

292 3870 464 3936 dunt
500 3873 573 3936 in
609 3893 778 3951 eum,
817 3893 952 3937 non
985 3880 1272 3955 pereant,
1313 3872 1426 3937 sed
1463 3872 1772 3937 fruantur
1807 3871 1950 3936 vita
1985 3878 2256 3936 aeterna

289 3957 555 4039 (Ioann.
598 3962 655 4037 3,
702 3957 826 4042 16).
906 3956 1099 4039 Quod
1155 3958 1211 4023 si
1256 3958 1599 4023 Christum
1643 3957 1772 4022 fide
1821 3956 2251 4039 possidentes,

289 4045 503 4109 vitam
547 4044 749 4109 simul
793 4045 864 4108 in
900 4065 976 4109 eo
1018 4044 1444 4127 possidemus,
1491 4043 1665 4109 ultra
1702 4042 1782 4107 de
1819 4050 2086 4108 aeterno
2122 4043 2252 4109 Dei

286 4130 563 4196 consilio
608 4129 962 4214 quidquam
1004 4132 1376 4213 percontari
1392 4182 1407 4209 ,
1452 4139 1675 4195 nostra
1717 4129 1987 4193 minime
2032 4130 2247 4194 refert.

287 4214 606 4282 Christus
643 4216 820 4281 enim
861 4238 994 4281 non
1034 4216 1373 4301 speculum
1415 4223 1514 4281 est
1557 4214 1906 4293 duntaxat,
1950 4235 2078 4298 quo
2120 4216 2249 4280 Dei

282 4303 601 4368 voluntas
644 4302 831 4368 nobis
876 4311 1437 4387 repraesentatur:
1496 4300 1612 4368 sed
1653 4303 1916 4386 pignus,
1961 4323 2088 4384 quo
2133 4323 2248 4365 ve-

281 4388 408 4453 luti
450 4387 852 4473 obsignatur.

725 4593 956 4677 QUID
1005 4595 1152 4662 SIT
1199 4596 1457 4660 VERA
1498 4593 1800 4660 FIDES.

448 4731 665 4798 Fides
697 4747 919 4798 autem
968 4732 1329 4797 christiana
1384 4753 1512 4796 non
1563 4732 1738 4797 nuda
1781 4740 1895 4797 aut
1930 4731 2059 4795 Dei
2095 4752 2247 4815 cog-

279 4819 450 4885 nitio
468 4872 482 4898 ,
532 4826 645 4883 aut
688 4821 1052 4902 scripturae
1095 4818 1530 4901 intelligentia
1573 4817 1868 4902 putanda
1914 4824 2031 4894 est,
2079 4838 2246 4899 quae

277 4906 351 4969 in
399 4905 673 4972 cerebro
715 4906 1008 4971 volutata
1050 4925 1160 4969 cor
1203 4900 1473 4968 'minime
1509 4905 1778 4969 afficiat:
1824 4902 2034 4987 qualis
2081 4903 2246 4968 solet

278 5012 428 5058 esse
466 4992 685 5074 opinio
721 5013 950 5056 earum
973 5011 1212 5070 rerum,
1250 5010 1415 5074 quae
1442 4990 1758 5073 probabili
1798 4993 1951 5072 [pag.
1994 4992 2095 5067 18]
2132 5011 2239 5053 ra-

277 5079 462 5142 tione
520 5076 707 5142 nobis
762 5079 1249 5142 confirmantur.
1331 5073 1466 5140 Sed
1521 5078 1713 5140 firma
1766 5085 1866 5141 est
1912 5098 1986 5141 ac
2031 5073 2239 5140 solida

424 5353 487 5417 1)
530 5351 611 5419 Cf.
652 5350 833 5406 Imtit.
866 5369 922 5421 p.
963 5351 1076 5405 141.

3406 3615 3516 3698 qui
3562 3617 3753 3679 firma
3795 3614 4175 3698 stabilisque
4216 3616 4314 3680 fo-

2359 3705 2481 3773 ret,
2523 3695 2635 3760 ubi
2682 3694 3008 3763 Dominus
3053 3720 3129 3763 ea
3170 3699 3531 3781 pollicetur,
3577 3722 3744 3783 quae
3787 3720 3909 3766 nec
3952 3701 4175 3765 oculus
4211 3700 4313 3764 vi-

2359 3783 2488 3860 det,
2536 3802 2654 3847 nec
2700 3782 3042 3867 ingenium
3088 3785 3372 3851 hominis
3416 3785 3631 3869 capit?
3712 3788 3944 3869 Itaque
3987 3786 4154 3850 nihil
4200 3786 4314 3850 ob-

2359 3889 2624 3933 scurum
2670 3877 2785 3947 est,
2836 3871 2994 3953 quin
3037 3869 3201 3936 fides
3243 3870 3593 3936 illustratio
3640 3873 3725 3937 sit
3770 3872 3977 3937 sancti
4021 3872 4309 3955 spiritus,

2358 3974 2485 4037 qua
2527 3962 2597 4016 et
2644 3965 2901 4020 mentes
2948 3965 3209 4021 nostrae
3267 3956 3756 4034 illuminantur,
3814 3967 3881 4021 et
3920 3959 4311 4022 confirman—

2357 4050 2471 4104 tur
2513 4038 2709 4103 corda
2752 4042 2826 4109 in
2868 4050 3112 4106 certam
3157 4044 3357 4106 animi
3404 4044 3889 4125 persuasionem
3907 4094 3921 4120 ,
3969 4063 4134 4125 quae
4177 4052 4311 4108 sta·

2358 4133 2502 4191 tuat
2544 4136 2679 4189 tam
2724 4137 2969 4192 certam
3013 4149 3157 4194 esse
3203 4129 3330 4193 Dei
3376 4129 3753 4207 veritatem,
3797 4135 3886 4193 ‘ut
3930 4150 4063 4194 non
4106 4131 4312 4212 possit

2357 4234 2489 4277 non
2534 4222 2869 4294 praestare
2884 4266 2900 4292 ,
2958 4214 3129 4297 quod
3178 4236 3246 4279 se
3290 4215 3612 4280 facturum
3669 4222 3896 4279 sancto
3943 4236 4058 4279 suo
4103 4217 4308 4280 verbo

2357 4298 2617 4381 recepit.
2702 4297 2809 4365 Ob
2858 4322 2998 4365 eam
3050 4322 3188 4366 rem
3234 4310 3299 4364 et
3343 4300 3541 4365 arrha
3585 4310 3884 4379 vocatur,
3931 4321 4096 4384 quae
4138 4300 4309 4365 divi-

2355 4406 2479 4449 nae
2523 4383 2821 4452 veritatis
2857 4386 3314 4453 certitudinem
3360 4387 3597 4451 animis
3639 4387 3882 4452 nostris
3918 4387 4192 4453 stabilit:
4242 4396 4311 4452 et

2354 4471 2674 4556 sigillum,
2734 4493 2860 4555 quo
2915 4474 2984 4537 in
3031 4472 3202 4537 diem
3250 4472 3520 4537 Domini
3576 4471 3769 4538 corda
3826 4482 4051 4539 nostra
4093 4474 4341 4557 obsig-‚

2353 4566 2627 4622 nantur:
2673 4558 2828 4641 quia
2870 4559 2980 4623 ille
3020 4566 3119 4624 est
3161 4559 3275 4641 qui
3316 4558 3577 4641 spiritui
3627 4568 3850 4624 nostro
3894 4560 4299 4635 testificatur,

2352 4642 2575 4709 Deum
2608 4666 2749 4709 esse
2793 4645 2979 4710 nobis
3021 4652 3292 4727 patrem,
3338 4666 3580 4727 nosque
3617 4646 3905 4710 vicissim
3952 4646 4091 4709 eius
4136 4644 4305 4710 filios

2354 4730 2422 4813 (2
2461 4729 2610 4795 cor.
2655 4735 2706 4809 1,
2746 4734 2857 4809 22;
2902 4730 3073 4813 Eph.
3121 4735 3173 4809 1,
3218 4735 3326 4810 133
3370 4731 3561 4795 Rom.
3602 4736 3662 4810 s,
3706 4736 3834 4815 16).

2393 4936 2493 5002 IN
2538 4934 2946 5002 CHRISTO
2993 4933 3674 5003 IUSTIFICAMUR
3714 4937 3902 5002 PER
3944 4936 4265 5001 EIDEM.

2520 5075 2879 5156 Postquam
2923 5081 3316 5158 perpetuum
3358 5074 3512 5140 fidei
3557 5073 3879 5138 obiectum
3924 5094 4065 5138 esse
4110 5072 4303 5138 Chri-

2350 5170 2523 5225 stum
2583 5162 2655 5224 in
2710 5160 3002 5226 confesso
3053 5169 3151 5224 est
3166 5212 3180 5238 ,
3238 5160 3394 5243 quid
3447 5181 3565 5243 per
3620 5158 3816 5224 fidem
3862 5168 4300 5242 assequamur,

2349 5246 2540 5312 aliter
2585 5247 2752 5312 scire
2796 5267 2943 5311 non·
2976 5265 3342 5329 possumus,
3386 5266 3583 5328 quam
3628 5245 3683 5311 si
3721 5247 3792 5309 in
3833 5245 4054 5329 ipsum
4088 5246 4303 5312 intue-

2349 5354 2556 5398 amur.
2646 5332 2799 5416 Ipse
2843 5339 3063 5398 autem
3105 5332 3253 5398 ideo
3298 5332 3483 5397 nobis
3527 5351 3566 5394 a
3608 5340 3796 5415 patre
3841 5331 4063 5411 datus,
4119 5338 4198 5396 ut
4231 5333 4302 5397 in
