5100 6061
700 407 820 469 195

698 589 1085 657 armandam
1142 611 1328 654 suam
1384 580 1633 668 fidem,
1671 595 1900 654 contra
1953 608 2174 651 eorum
2233 585 2643 668 pravitatem.

699 677 846 742 Hoc
887 675 1241 753 credimus,
1293 676 1413 740 hoc
1459 682 1926 757 exspectamus,
2014 671 2158 736 Illis
2217 682 2433 736 autem
2487 669 2646 752 quid

700 764 1056 844 reliquum,
1113 762 1243 827 nisi
1289 768 1366 825 ut
1406 762 1659 825 fortiter
1703 758 2032 823 dormiant
2083 778 2387 823 somnum
2431 777 2643 834 suum,

702 847 908 914 donec
953 869 1061 912 eos
1107 847 1583 930 expergefaciat
1630 849 1743 923 [fol.
1790 847 1890 921 17]
1938 844 2207 927 clangor
2252 844 2466 919 tubae,
2512 843 2644 925 qui,

702 941 777 1000 ut
821 935 943 1014 fur,
992 932 1435 1016 deprehendet
1477 932 1548 994 in
1592 929 1878 995 tenebris
1923 928 2362 995 dormientes?

875 1106 968 1169 Et
1010 1106 1065 1169 si
1103 1103 1313 1168 fidelis
1349 1103 1600 1166 animae
1638 1103 1791 1179 vita,
1843 1103 2025 1166 Deus
2075 1108 2192 1179 est,
2242 1098 2512 1183 perinde
2547 1107 2647 1163 at-

702 1213 829 1274 que
850 1192 1008 1273 ipsa,
1035 1191 1172 1253 vita
1188 1197 1286 1252 est
1312 1189 1624 1271 corporis:
1658 1187 1817 1270 quid
1844 1184 1943 1251 es't
1964 1186 2139 1269 quod
2166 1187 2404 1263 anima,
2419 1208 2650 1268 quam-

703 1277 818 1341 diu
861 1278 930 1339 in
989 1295 1255 1357 corpore
1302 1284 1432 1352 081,
1479 1274 1694 1356 ipsum
1741 1276 1975 1357 agitat,
2033 1294 2151 1337 nec
2205 1293 2497 1355 unquam
2554 1273 2650 1336 ita

702 1364 907 1428 otiosa
943 1368 1059 1439 est,
1096 1362 1653 1442 intentionemque
1690 1380 1875 1424 suam
1911 1359 2205 1436 remittit,
2247 1369 2319 1422 ut
2352 1379 2485 1422 non
2528 1357 2648 1421 ali-

700 1469 828 1530 qua
871 1447 1067 1512 officii
1101 1455 1287 1529 parte
1322 1447 1666 1529 fungatur,
1703 1446 1887 1509 Deus
1923 1452 2140 1509 autem
2176 1444 2360 1523 velut
2394 1442 2645 1528 agendo

702 1534 1013 1616 fatigatus
1050 1531 1298 1597 cessat?
1390 1531 1466 1596 Si
1512 1539 1694 1594 tanta
1729 1538 1830 1595 cst
1863 1532 1962 1595 vis
1998 1531 2273 1607 animae,
2318 1531 2387 1592 in
2431 1550 2649 1594 massa

702 1627 913 1683 terrae
958 1617 1356 1694 sustinenda,
1399 1616 1740 1693 movenda,
1787 1616 2212 1698 impellenda:
2260 1626 2505 1698 quanta
2546 1615 2649 1680 vis

704 1706 829 1769 erit
864 1703 991 1768 Dei
1038 1706 1106 1768 in
1151 1704 1388 1777 anima,
1436 1724 1599 1784 quae
1646 1710 1884 1766 natura
1927 1702 2113 1786 agilis
2158 1708 2276 1779 est,
2322 1701 2649 1765 movenda

702 1801 767 1855 et
811 1789 1104 1873 agenda?
1193 1791 1285 1852 Et
1329 1786 1571 1852 audent
1613 1788 1720 1852 alii
1765 1787 1994 1865 dicere,
2040 1789 2330 1852 animam
2375 1807 2648 1852 evanes-

703 1898 875 1942 cere:
926 1876 1056 1952 alii,
1104 1875 1170 1939 vi
1214 1896 1333 1939 sua
1376 1896 1507 1937 non
1544 1875 1832 1939 exerceri
1869 1884 2013 1956 post
2047 1873 2429 1938 dissolutam
2472 1894 2648 1938 com-

703 1983 937 2045 pagem
983 1959 1312 2043 corporis?
1403 1958 1580 2040 Quid
1628 1982 1782 2043 ergo
1826 1959 2313 2041 respondebunt
2366 1959 2450 2022 ad
2506 1980 2647 2023 car-

702 2070 856 2112 men
900 2044 1177 2110 Davidis
1218 2046 1356 2125 (Ps.
1405 2050 1505 2123 84,
1553 2051 1653 2128 8),
1691 2068 1815 2128 quo
1858 2046 2284 2129 principium,
2331 2043 2637 2121 medium,

704 2140 771 2198 et
809 2135 1011 2196 finem
1054 2133 1199 2196 viae
1236 2132 1568 2196 beatorum
1615 2131 1971 2195 describit?
2031 2132 2521 2213 Ibuntpinquit,
2570 2128 2650 2194 de

704 2220 949 2282 virtute
986 2219 1054 2280 in
1090 2218 1419 2294 virtutem,
1459 2216 1783 2282 videbitur
1819 2217 2006 2282 Deus
2043 2218 2313 2282 deorum
2349 2218 2417 2280 in
2456 2215 2646 2280 Sion}

2213 394 3164 462 PSYOHOPANNYCHIA.

4573 397 4696 460 196

2750 592 2890 649 tum
2937 585 2992 649 si
3036 584 3297 667 quidem
3353 591 3652 648 nostrum
3710 582 4017 649 Christus
4071 591 4204 661 est,
4252 592 4319 649 et
4362 591 4694 650 armatura
4712 602 4731 618 â€˜

2749 670 2892 748 illa,
2955 691 3083 753 qua
3148 690 3266 735 nos
3336 669 3545 734 induit
3602 669 3933 752 apostolus
4012 669 4279 753 (EpheS.
4326 672 4394 748 6,
4447 675 4517 733 11
4558 669 4687 755 ss).

2750 757 2842 821 Et
2886 757 3198 839 scriptum
3247 762 3347 821 est
3367 755 3570 839 (Psal.
3596 760 3698 833 45,
3731 757 3857 839 12),
3905 755 4077 838 quod
4119 778 4239 820 rex
4281 756 4696 838 concupiscet

2752 841 3052 907 decorem
3096 842 3387 925 coniugis
3447 862 3631 920 suae,
3678 862 3847 924 quae
3890 842 4077 906 fortis
4119 842 4246 906 erit
4286 842 4355 906 in
4400 842 4692 906 muneri-

2752 927 2891 1006 bus,
2930 928 3113 992 cuius
3150 928 3362 992 omnis
3398 927 3606 1010 gloria
3638 929 4046 992 intrinsecus.
4135 926 4438 1010 Denique
4474 928 4696 1012 sigua-

2752 1015 2848 1079 vit
2891 1035 3042 1078 suos
3083 1014 3428 1092 Dominus,
3469 1035 3628 1096 quos
3672 1021 3738 1077 et
3773 1015 3846 1077 in
3884 1020 4108 1092 morte,
4146 1019 4213 1076 et
4254 1014 4323 1077 in
4369 1034 4697 1080 resurrec-

2751 1101 2926 1163 tione
2981 1100 3325 1182 agniturus
3380 1106 3477 1164 est
3523 1101 3751 1181 (Apoc.
3812 1104 3880 1178 7,
3943 1100 4028 1181 3).
4119 1097 4258 1164 Cur
4302 1121 4436 1164 non
4478 1102 4696 1182 potius

2750 1186 3110 1269 respiciunt
3163 1185 3246 1249 ad
3303 1184 3371 1248 id
3425 1184 3594 1266 quod
3652 1191 3768 1265 [fol.
3805 1190 3905 1263 18]
3954 1186 4249 1267 proxime
4293 1185 4573 1263 dixerat,
4626 1194 4697 1265 et

2753 1272 2858 1336 cui
2896 1272 3064 1335 hanc
3107 1272 3317 1353 ipsam
3363 1272 3753 1335 sententiam
3798 1270 4164 1336 connectit?
4254 1272 4446 1336 Licet
4488 1273 4542 1336 is
4580 1274 4698 1355 qui

2750 1358 2906 1422 foris
2942 1365 3042 1422 est
3084 1357 3278 1421 homo
3315 1364 3538 1422 noster
3581 1366 4054 1439 corrumpatur,
4102 1378 4252 1422 eum
4297 1364 4536 1436 tamen,
4581 1359 4698 1441 qui

2752 1444 2934 1507 intus
2978 1450 3107 1522 est,
3154 1444 3458 1508 renovari
3518 1443 3598 1507 de
3656 1442 3760 1507 die
3804 1445 3871 1507 in
3918 1443 4093 1507 diem
4137 1444 4204 1527 (2
4253 1442 4400 1508 Cor.
4445 1450 4515 1520 4,
4568 1444 4695 1523 16).

2754 1527 2950 1609 Quod
2997 1535 3215 1593 autem
3261 1528 3587 1612 apostolus
3631 1529 3994 1594 clausulam
4036 1528 4217 1593 illam
4264 1528 4567 1608 subdidit,
4613 1530 4697 1594 de

2752 1615 3278 1680 manifestatione
3332 1635 3551 1680 coram
3609 1614 3924 1679 tribunali
3982 1613 4261 1693 Christi,
4318 1617 4527 1698 magis
4581 1636 4694 1681 eos

2754 1701 3044 1784 stringit:
3094 1721 3295 1783 quum
3339 1702 3524 1783 prius
3570 1700 3841 1766 dixisset
3897 1722 4014 1765 nos
4065 1708 4130 1765 et
4174 1700 4346 1765 domi
4389 1709 4456 1764 et
4509 1722 4699 1783 pere-

2753 1808 2870 1870 gre
2926 1793 3195 1869 agentes
3252 1786 3640 1852 contendere
3694 1795 3771 1851 ut
3832 1786 3933 1850 illi
3988 1786 4373 1870 placeamus.
4475 1786 4702 1867 Quum

2752 1895 2869 1957 per
2913 1871 3208 1950 domum,
3257 1893 3492 1954 corpus
3549 1873 3904 1956 intelligat,
3966 1872 4122 1955 quid
4165 1881 4267 1937 est
4304 1872 4467 1936 illud
4511 1894 4698 1955 pere-

2754 1958 2913 2042 gre?
2979 1958 3075 2024 Ut
3121 1978 3274 2041 ergo
3312 1959 3481 2023 nihil
3515 1952 3848 2036 addamus,
3902 1958 4104 2024 verba
4160 1959 4301 2024 81110
4345 1959 4701 2042 interprete

2754 2045 2876 2110 hoc
2941 2043 3324 2126 loquuntur:
3396 2066 3530 2123 nos,
3591 2052 3659 2110 et
3709 2046 3780 2108 in
3832 2066 4096 2127 corpore
4114 2096 4128 2122 ,
4192 2052 4261 2108 et
4323 2053 4514 2109 extra
4557 2048 4700 2110 cor-

2754 2153 2906 2214 pus,
2991 2130 3383 2195 contendere
3463 2140 3537 2194 ut
3609 2130 3982 2212 placeamus
4046 2131 4363 2196 Domino:
4445 2131 4699 2210 deinde,

2753 2238 2873 2281 nos
2910 2236 3218 2281 sensuros
3252 2217 3382 2282 Dei
3417 2218 3872 2300 praesentiam,
3910 2237 4112 2298 quum
4149 2218 4228 2281 ab
4272 2217 4394 2281 hoc
4427 2237 4698 2299 corpore

710 2303 812 2367 vel
857 2303 963 2384 (ut
998 2303 1245 2367 habent
1281 2303 1612 2384 hebraica)
1650 2303 1729 2368 de
1766 2304 2167 2369 abundantia
2199 2304 2269 2366 in
2313 2302 2650 2367 abundan-
2701 2322 2706 2397 Î™
2754 2302 3223 2385 separabimur.
3313 2303 3457 2366 Iam
3502 2324 3636 2366 non
3677 2323 3795 2384 per
3837 2301 4035 2366 fidem
4080 2302 4544 2381 ambulaturOS,
4581 2304 4699 2368 sed

705 2389 881 2452 tiam.
972 2386 1046 2452 Si
1093 2399 1395 2453 crescunt
1443 2410 1699 2471 semper
1743 2389 1948 2453 donec
1991 2388 2212 2454 Deum
2254 2388 2540 2466 videant,
2587 2394 2654 2451 et
2703 2402 2706 2451 1
2754 2409 2872 2471 001Î‡
2915 2388 3225 2469 speciem:
3272 2388 3580 2469 quoniam
3625 2388 3748 2454 1100
3791 2395 4007 2453 terrae
4050 2386 4332 2472 pondus,
4379 2410 4505 2470 quo
4548 2410 4700 2470 pre-

705 2473 786 2538 ab
832 2473 943 2537 illo
987 2474 1385 2539 incremento
1430 2481 1773 2539 transcunt
1816 2475 1898 2539 ad
1943 2476 2068 2543 Dei
2113 2475 2446 2553 visionem,
2494 2495 2652 2556 quo-

2755 2475 3019 2551 mimur,
3064 2494 3184 2538 nos
3222 2495 3261 2537 a
3295 2472 3458 2552 Dec,
3505 2475 3688 2557 quasi
3733 2475 4061 2554 maceries,
4106 2474 4304 2557 longo
4347 2474 4697 2540 intervallo

704 2559 894 2623 modo
932 2580 1041 2624 008
1079 2560 1404 2641 sepeliunt
1437 2561 1546 2624 isti
1581 2561 1653 2623 in
1689 2561 1998 2627 ebrietate
2035 2569 2101 2624 et
2136 2560 2272 2625 alta
2315 2559 2649 2625 socordia?
2759 2566 3036 2642 separat.
3113 2559 3234 2624 Isti
3270 2568 3619 2643 nugatores
3654 2567 3900 2638 contra,
3939 2582 4055 2625 nos
4091 2582 4209 2643 per
4242 2567 4519 2625 mortem
4554 2561 4698 2625 lon-

877 2730 958 2793 Id
1015 2732 1229 2813 ipsum
1285 2738 1563 2795 testatur
1616 2731 1945 2814 apostolus
2009 2733 2077 2812 (2
2129 2731 2276 2797 Cor.
2327 2736 2397 2809 5,
2443 2736 2470 2793 l
2512 2743 2651 2814 ss.),

707 2824 773 2881 01
809 2817 1012 2879 multo
1050 2817 1367 2899 apertius:
1406 2825 1481 2881 ut
1515 2819 1568 2882 si
1604 2826 2014 2900 rumpantur,
2052 2818 2312 2905 spiritui
2346 2818 2475 2883 Dei
2512 2839 2651 2880 am-

2759 2646 2908 2729 gius
2943 2666 2981 2708 a
3023 2646 3167 2710 Deo
3212 2645 3610 2712 discessuros
3651 2647 3983 2729 garriunt,
4028 2666 4223 2728 quam
4269 2645 4428 2709 dum
4473 2668 4700 2711 sumus

2756 2733 2827 2795 in
2863 2731 2987 2795 hac
3024 2732 3174 2798 vita.
3253 2733 3358 2797 De
3394 2732 3629 2815 quibus
3666 2733 3841 2797 enim
3877 2733 4194 2815 scriptum
4230 2741 4353 2796 est:
4392 2733 4698 2813 Domine,

2756 2817 2829 2881 in
2864 2816 3115 2881 lumine
3140 2817 3360 2882 vultus
3382 2820 3481 2881 tui
3505 2818 3934 2882 ambulabunt
3958 2818 4163 2897 (Psal.
4188 2823 4288 2897 89,
4322 2819 4457 2900 16)Í¾
4501 2819 4694 2882 item:

706 2903 880 2984 plius
927 2903 1229 2967 resistere
1274 2925 1405 2968 non
1451 2906 1717 2986 possint.
1810 2902 2070 2968 Scimus
2126 2901 2298 2987 quod
2344 2906 2399 2967 si
2444 2912 2651 2967 terreÎ‡
2703 2924 2708 2979 Î¹
2758 2903 2908 2985 1080
2945 2903 3214 2987 spiritus
3251 2905 3695 2968 testimonium
3724 2903 3940 2968 reddit
3958 2904 4216 2985 spiritui
4252 2911 4491 2980 nostre,
4527 2902 4701 2985 quod

706 3009 866 3052 num
914 2986 1309 3054 domicilium
1354 2988 1551 3054 huius
1608 2989 2009 3055 tabernaculi
2063 2988 2465 3055 destructum
2498 2989 2651 3053 *fue-
2703 2992 2708 3074 Î¾
2758 2989 2875 3053 filii
2919 2988 3050 3054 Dei
3093 3011 3318 3056 sumus
3367 2991 3584 3075 (Rom.
3633 2995 3690 3068 8,
3743 2989 3881 3075 16),
3934 3000 4000 3055 01
4059 2990 4267 3055 multa
4310 2990 4447 3055 eius
4498 3010 4699 3074 gene-

703 3076 811 3153 rit,
851 3073 1363 3140 aedificationem
1400 3076 1715 3141 habemus
1751 3098 1832 3140 ex
1868 3077 2030 3154 Deo,
2071 3076 2469 3141 domicilium
2514 3095 2652 3138 non
2703 3087 2707 3154 Î™
2758 3076 2878 3140 1Î‡18Í¾
2918 3076 3024 3140 1118
3062 3084 3128 3139 01
3154 3076 3384 3140 lumen
3403 3077 3624 3142 vultus
3660 3077 3805 3152 Dei,
3845 3086 3910 3141 et
3944 3078 4212 3159 spiritus
4252 3077 4701 3140 testimonium

703 3181 906 3224 manu
950 3162 1214 3239 factum,
1260 3170 1600 3226 aeternum
1636 3163 1708 3225 in
1742 3162 1956 3227 coelis.
2047 3163 2219 3226 Nam
2260 3163 2330 3225 in
2371 3161 2493 3226 hoc
2538 3181 2651 3244 geÎ‡
2757 3160 3070 3226 adimunt.
3184 3160 3377 3240 Quod
3429 3163 3483 3227 si
3541 3183 3770 3227 verum
3826 3171 3955 3240 est,
4009 3162 4325 3228 feliciores
4370 3184 4542 3227 nunc
4586 3184 4700 3226 suâ€”

703 3247 964 3323 111111108,
1004 3246 1327 3311 (1001101110
1363 3256 1605 3326 nostro,
1645 3248 1816 3329 quod
1840 3255 1941 3312 est
1978 3270 2013 3312 0
2040 3248 2233 3326 00010,
2272 3247 2653 3329 superindui
2757 3269 2932 3325 mus,
2980 3269 3177 3330 quam
3220 3255 3366 3330 post
3408 3257 3702 3313 mortem.
3791 3249 3942 3312 Etsi
4004 3249 4176 3313 enim
4236 3248 4357 3313 sub
4411 3249 4722 3313 elemen-'

703 3333 1065 3414 cupientes:
1125 3334 1182 3397 si
1238 3341 1456 3396 tamen
1513 3333 1758 3410 induti,
1814 3355 1945 3397 non
2006 3333 2168 3400 nudi
2226 3334 2647 3414 reperiemur.
2756 3333 2842 3397 118
2895 3332 3094 3397 110108
3146 3334 3377 3397 mundi
3430 3335 3750 3412 vivimus,
3812 3334 4126 3399 habemus
4171 3342 4394 3398 tamen
4441 3335 4697 3400 habita-

703 3417 990 3495 Etenim,
1028 3418 1137 3499 qui
1175 3439 1403 3483 sumus
1427 3420 1494 3481 in
1534 3419 1655 3484 hoc
1676 3417 2110 3498 tabernaculo,
2138 3419 2458 3503 gemimus
2494 3439 2650 3483 oneÎ‡
2759 3419 3000 3483 tionem
3033 3426 3104 3483 'et
3136 3419 3434 3504 politiam
3468 3421 3539 3484 in
3574 3420 3786 3499 coelis,
3834 3430 3911 3485 ut
3955 3422 4046 3484 ait
4086 3420 4337 3485 Paulus
4382 3420 4584 3502 (Phil.
4635 3425 4694 3501 3,

704 3504 865 3581 rati,
916 3511 1255 3585 propterea
1299 3504 1469 3584 quod
1511 3504 1818 3568 00100108
1862 3505 2043 3583 exui,
2089 3505 2205 3570 sed
2247 3505 2650 3589 superindui,
2759 3505 2888 3588 20).
2979 3503 3108 3570 Ubi
3166 3517 3388 3570 autem
3441 3515 3751 3571 veternus
3806 3506 3947 3584 ille,
4003 3515 4070 3570 et
4125 3527 4344 3570 rerum
4402 3507 4697 3572 omnium

709 3595 781 3652 ut
835 3589 1257 3653 absorbeatur
1312 3589 1672 3654 mortalitas
1727 3612 1767 3655 a
1809 3592 1964 3655 vita.
2051 3593 2215 3656 Post
2256 3592 2474 3673 paulo:
2513 3591 2651 3654 ItaÎ‡
2756 3591 2994 3656 oblivio
3031 3592 3282 3657 animas
3317 3613 3357 3655 a
3384 3600 3593 3657 morte
3635 3592 3981 3675 exceperit,
4003 3592 4305 3675 â´perdunt
4339 3612 4695 3673 quamcun-

749 3695 833 3737 ue
867 3674 1040 3737 bono
1077 3675 1293 3738 animo
1318 3696 1545 3740 sumus
1569 3697 1842 3758 semper,
1880 3684 1945 3742 et
1968 3678 2208 3742 scimus
2241 3677 2414 3760 quod
2451 3697 2651 3760 quum
2702 3687 2708 3804 Î™
2756 3697 2882 3759 que
2917 3676 3160 3742 habent
3195 3679 3583 3743 suavitatem
3611 3688 3842 3762 gustus
3877 3678 4251 3761 spiritualis.
4316 3678 4553 3742 Melius
4575 3699 4698 3746 nos

708 3696 881 3824 domi
926 3781 1181 3840 sumus,
1237 3761 1304 3825 in
1364 3782 1659 3843 corpore,
1727 3764 2221 3845 peregrinamur
2275 3785 2314 3828 a
2368 3764 2653 3827 Domino
2759 3762 2991 3827 docent
3046 3785 3268 3829 sacrae
3326 3765 3570 3829 literae.
3667 3763 3954 3847 Corpus,
4009 3764 4180 3846 quod
4235 3765 4693 3845 corrumpitur,

714 3848 859 3928 (per
901 3845 1097 3911 fidem
1145 3847 1319 3910 enim
1367 3848 1808 3925 ambulamus,
1852 3857 1918 3913 et
1967 3870 2102 3913 non
2146 3870 2263 3930 per
2306 3849 2652 3932 speciem)Í¾
2703 3809 2708 3906 l
2756 3856 3076 3932 aggravat
3137 3851 3451 3923 animam,
3530 3859 3598 3914 et
3667 3858 3930 3915 terrena
4003 3850 4322 3915 habitatio
4390 3849 4695 3933 deprimit

709 3930 1094 3997 confidimus
1130 3941 1350 3996 autem
1377 3941 1444 3997 et
1471 3935 1680 4017 magis
1711 3935 2079 4017 probamus,
2117 3956 2389 4032 peregre
2425 3936 2654 3999 abesse
2703 3911 2709 4048 J
2758 3955 3023 3999 sensum
3076 3936 3286 3999 multa
3330 3938 3722 4020 cogitantem
3772 3935 3953 4019 (Sap.
4003 3943 4060 4013 9,
4115 3939 4241 4020 15).
4333 3933 4408 4001 Si
4461 3957 4695 4020 corpus

710 4038 749 4081 a
792 4039 1077 4100 corpore,
1125 4026 1189 4083 et
1231 4028 1609 4100 praesentes
1655 4041 1796 4084 esse
1843 4018 2013 4103 apud
2055 4020 2433 4085 Dominum.
2522 4020 2653 4085 Hic
2704 4059 2709 4120 1
2758 4021 3016 4092 animae
3070 4030 3170 4086 est
3221 4043 3474 4101 carcer,
3523 4023 3577 4087 si
3635 4031 3897 4087 terrena
3948 4021 4292 4098 habitatio,
4351 4022 4696 4104 compedes

708 4104 939 4166 rimam
976 4104 1347 4169 inveniunt:
1387 4106 1456 4169 in
1493 4103 1665 4169 diem
1699 4104 1921 4171 iudicii
1958 4107 2350 4171 conferenda
2382 4105 2654 4188 apostoli

705 4187 941 4267 verba,
989 4210 1115 4271 quo
1159 4196 1225 4254 et
1268 4190 1832 4273 superinduimur,
1881 4199 1947 4256 et
1989 4191 2370 4257 absorbetur
2411 4199 2654 4256 morta-

708 4273 856 4338 litas
901 4296 941 4338 a
977 4275 1128 4339 vita.
1185 4276 1474 4341 Proinde
1518 4277 1695 4352 haec,
1741 4279 2066 4360 inquiunt,
2096 4277 2144 4360 Â¹)
2189 4298 2322 4342 una
2364 4277 2657 4343 clausula

708 4360 1201 4441 comprehendit
1245 4363 1601 4444 apostolus:
1640 4364 2051 4427 Manifestari
2088 4385 2314 4428 omnes
2358 4372 2655 4446 oportere
2705 4375 2710 4424 Î¹

707 4465 930 4510 coram
974 4446 1284 4511 tribunali
1322 4447 1587 4513 Christi.
1654 4449 1907 4514 Verum
1928 4501 1941 4524 ,
1989 4471 2104 4515 cur
2144 4449 2306 4513 illud
2354 4450 2654 4531 superin-
2705 4473 2710 4526 Ï‚

711 4529 823 4595 (101
865 4532 1079 4614 magis
1123 4532 1206 4595 ad
1249 4554 1480 4615 corpus
1524 4537 1847 4614 referunt,
1893 4557 2089 4619 quam
2145 4535 2227 4600 ad
2283 4537 2412 4601 Dei
2455 4536 2654 4600 beneÎ‡
2705 4529 2708 4552 â€œ

708 4616 1054 4693 dictiones,
1111 4616 1344 4699 quibus
1399 4640 1439 4682 a
1490 4628 1699 4685 morte
1763 4621 2128 4686 luculenter
2199 4620 2651 4686 abundamus?

710 4701 876 4783 Quis
929 4703 1104 4785 cogit
1162 4705 1366 4768 vitam
1417 4705 1597 4769 illam
1653 4707 1945 4790 accipere
1999 4706 2079 4773 de
2136 4705 2651 4772 resurrectione?

711 4787 934 4868 Quum
975 4790 1254 4872 simplex
1301 4798 1368 4854 et
1410 4801 1746 4874 promptus
1791 4793 1877 4856 sit
1920 4814 2150 4858 sensus
2194 4792 2485 4875 apostoli,
2532 4813 2653 4857 nos

710 4874 968 4955 quidem
999 4896 1235 4956 cupere
1257 4877 1498 4959 â€˜egredi
1533 4900 1611 4941 ex
1658 4878 1780 4943 hoc
1805 4880 2102 4961 'corporis
2147 4878 2493 4962 ergastulo,
2540 4876 2656 4940 sed

713 4980 844 5023 non
886 4971 960 5025 ut
976 4962 1034 5043 Â²)
1081 4983 1395 5044 vagemur
1439 4964 1673 5028 incerti
1719 4966 1857 5028 sine
1902 4964 2197 5047 hospitio,
2265 4966 2433 5028 Esse
2477 4964 2656 5027 enim

710 5044 1042 5111 meliorem
1078 5046 1361 5127 domum,
1399 5070 1595 5131 quam
1632 5050 1815 5114 nobis
1851 5048 2175 5115 Dominus
2210 5049 2652 5132 praeparavit:

714 5129 770 5192 si
810 5137 1028 5196 tamen
1064 5133 1296 5213 induti,
1336 5143 1404 5199 et
1438 5156 1571 5198 non
1609 5134 1768 5198 nudi
1807 5137 2223 5217 reperiemur.
2293 5135 2655 5200 Indumen-

852 5317 906 5383 1)
946 5319 1201 5389 inquiunt,
1239 5339 1338 5376 om.
1379 5321 1528 5376 1542.
1667 5322 1725 5386 2)
1764 5333 1842 5392 ut,
1876 5325 2131 5378 omittunt
2167 5321 2300 5377 1576
2334 5340 2478 5393 seqq.

2758 4114 2942 4170 sunt:
2981 4106 3135 4189 quid
3172 4108 3390 4172 anima
3424 4108 3638 4172 soluta
3674 4109 3795 4172 hoc
3830 4130 4119 4186 carcere,
4159 4114 4362 4172 exuta
4405 4109 4506 4173 his
4549 4109 4697 4173 vin-

2759 4191 2959 4256 culis?
3004 4214 3223 4257 nonne
3267 4193 3390 4258 sibi
3435 4194 3747 4272 redditur,
3794 4202 3861 4258 et
3904 4195 4091 4276 quasi
4127 4215 4196 4259 se
4242 4193 4529 4278 colligit?
4602 4195 4697 4260 Ut

2761 4278 2976 4343 dicere
3010 4278 3217 4355 liceat,
3255 4286 3517 4344 tantum
3550 4280 3647 4343 illi
3666 4300 4050 4357 accrescere,
4089 4290 4406 4363 quantum
4443 4280 4698 4345 decres-

2760 4365 2850 4429 cit
2901 4365 3170 4445 corpori.
3238 4365 3474 4429 Velint-
3527 4366 3766 4442 nolint,
3824 4365 3945 4432 hoc
3990 4387 4248 4448 semper
4291 4367 4360 4429 10
4405 4368 4696 4432 confesso

2761 4459 2875 4513 est.
2975 4448 3104 4514 Ubi
3161 4451 3402 4514 molem
3459 4450 3628 4517 hanc
3679 4454 3965 4534 corporis
4023 4453 4387 4528 abiicimus,
4444 4472 4697 4518 cessare

2759 4554 3048 4618 pugnam
3102 4536 3286 4600 illam
3340 4538 3608 4619 spiritus
3661 4537 3974 4603 adversus
4029 4559 4326 4616 carnem,
4374 4545 4439 4602 et
4482 4538 4696 4603 carnis

2760 4620 3075 4685 adversus
3113 4622 3433 4703 spiritum.
3521 4623 3821 4706 Denique
3855 4625 4418 4690 mortificationem
4463 4624 4696 4703 carniS,

2760 4727 2902 4771 0880
2946 4707 3452 4778 vivificationem
3496 4710 3782 4791 spiritus.
3844 4711 4013 4774 Tum
4054 4710 4257 4794 igitur
4302 4711 4535 4786 anima,
4582 4731 4698 4774 ex-

2761 4793 2968 4857 cussis
3005 4793 3320 4872 sordibus,
3361 4816 3514 4859 vere
3551 4802 3650 4859 est
3684 4796 4059 4878 spiritualis,
4099 4803 4172 4860 ut
4195 4795 4561 4861 consentiat
4581 4817 4699 4860 vo-

2760 4879 3002 4942 luntati
3044 4880 3202 4957 Dei,
3249 4901 3370 4945 nec
3423 4881 3669 4945 sentiat
3711 4883 3924 4947 carnis
3968 4882 4382 4967 tyrannidem
4429 4880 4550 4945 sibi
4592 4902 4699 4946 reâ€”

2761 4973 3189 5047 pugnantem:
3235 4974 3312 5030 01
3367 4967 3437 5029 in
3482 4966 3604 5032 hac
3655 4967 4134 5051 tranquillitate
4178 4967 4485 5044 resideat,
4527 4967 4701 5031 nihil

2761 5050 2938 5114 aliud
2981 5072 3176 5133 quam
3218 5050 3438 5116 Deum
3495 5054 3807 5138 cogitans.
3895 5055 3988 5118 Et
4041 5064 4194 5118 1000
4249 5053 4494 5119 80111001
4550 5052 4703 5117 (101Î‡-

2763 5137 2899 5212 mit,
2948 5159 3146 5219 quum
3173 5138 3427 5202 elevare
3465 5160 3552 5218 se,
3600 5139 3779 5204 nullo
3806 5140 4091 5222 pondere
4115 5146 4533 5223 aggravante,
4581 5160 4702 5220 po-

2765 5222 2932 5287 test?
3023 5224 3210 5287 Tunc
3255 5225 3486 5303 stertit,
3525 5248 3724 5309 quum
3768 5226 3976 5291 multa
4019 5228 4351 5309 percipere
4392 5246 4588 5290 sensu
4632 5236 4706 5290 et

2760 5309 3147 5392 cogitatione
3182 5319 3415 5392 potest,
3460 5311 3644 5377 nullo
3688 5311 4149 5394 impedimento
4193 5311 4704 5394 interpellante?
