5100 6061
362 395 485 455 213

363 600 583 646 secum
617 601 737 644 000
772 563 1082 645 membra.
1144 576 1329 643 Idem
1365 598 1633 661 prorsus
1667 578 1953 642 Ioannes
1989 577 2135 641 aliis
2162 598 2307 641 ver-

362 664 487 731 bis:
549 664 921 744 Carissimi,
981 686 1158 730 nunc
1203 664 1321 729 filii
1364 665 1493 728 Dei
1536 685 1799 742 sumus,
1856 662 1973 728 sed
2017 662 2310 726 nondum

1886 387 2511 455 PSYCHOPANN
2520 388 2834 454 YCHIA.

4245 399 4371 459 214

2412 598 2570 642 sane
2604 589 2671 642 et
2705 577 2874 643 laeta
2917 586 2984 642 et
3020 579 3211 643 beata
3237 581 3468 645 merito
3513 580 3864 648 vocabitur.
3942 586 4032 649 Et
4059 587 4363 668 quoniam

2415 663 2762 727 consilium
2785 672 2885 729 est
2913 662 3141 730 docere
3179 665 3588 733 adversarios
3622 669 3835 752 magis
3864 692 4063 752 quam
4096 693 4360 756 cogere:

362 752 670 835 apparuit
712 751 869 833 quid
915 752 1177 815 erimus.
1270 748 1529 815 Scimus
1574 751 1899 832 quoniam,
1947 770 2148 830 quum
2194 770 2308 831 ap·
2360 772 2365 817 1
2416 749 2828 814 commodent
2884 749 3068 815 nobis
3127 751 3456 834 paulisper
3514 775 3735 834 aures,
3793 755 3952 819 dum
4011 779 4090 821 ex
4149 761 4362 842 figura

362 839 675 921 paruerit,
723 837 967 903 similes
1004 838 1060 901 ei
1100 837 1365 915 erimus,
1412 838 1719 918 quoniam
1758 834 2121 900 videbimus
2159 856 2309 898 eum
2360 820 2365 875 ¹
2417 835 2657 899 veteris
2701 836 3076 900 testamenti
3121 839 3409 903 eruimus
3445 840 3810 918 veritatem,
3858 864 4065 924 neque
4110 844 4177 907 id
4221 846 4361 910 sine

362 924 554 989 sicuti
600 932 702 988 est
746 923 810 1007 (l
852 922 1078 988 Ioann.
1122 926 1176 996 3,
1219 925 1255 983 2
1294 926 1392 1002 s.).
1462 922 1615 985 Non
1660 921 1835 999 dicit,
1885 941 2002 985 nos
2038 921 2309 999 interea,
2361 924 2366 997 1
2418 926 2660 984 autore.
2731 919 3301 1001 Quemadmodum
3339 925 3587 990 Paulus
3632 926 3702 989 in
3750 930 4032 992 transitu
4076 929 4361 994 filiorum

278 1020 287 1023 “
362 1010 577 1092 aliquo
623 1009 934 1092 temporis
979 1007 1343 1085 interva110,
1393 1007 1558 1071 nihil
1603 1008 1887 1072 futuros:
1949 1006 2063 1072 sed
2108 1028 2310 1088 quum

364 1096 566 1160 simus
625 1094 743 1160 filii
790 1096 943 1172 Dei,
1003 1095 1114 1175 qui
1172 1104 1633 1175 exspectamus
1683 1093 2155 1158 haereditatem
2199 1114 2316 1174 pa-

2416 1004 2626 1069 Israel
2652 1014 2890 1071 tractat
2912 1007 3256 1092 allegorice
3277 1010 3690 1076 submersum
3715 1013 4150 1093 Pharaonem,
4186 1017 4360 1082 viam

2417 1091 2822 1158 liberationis
2866 1113 2998 1174 per*
3028 1114 3262 1176 aquam
3307 1095 3371 1179 (l
3416 1095 3563 1161 Cor.
3611 1103 3705 1176 10,
3755 1105 3770 1160 1
3822 1101 3930 1181 0.);
3979 1102 4365 1182 permittant

369 1181 516 1258 tris,
576 1181 860 1246 sustinet
914 1202 988 1246 ae
1034 1179 1376 1261 suspendit
1420 1180 1977 1261 exspectationem
2023 1185 2313 1243 nostram
2361 1208 2369 1273 1
2418 1177 2617 1241 etiam
2661 1178 2846 1243 nobis
2892 1178 3135 1258 dicere,
3195 1183 3265 1244 in
3313 1182 3633 1263 baptismo
3692 1185 4021 1269 submergi
4068 1188 4362 1254 Pharao-

365 1268 435 1331 in
479 1267 654 1332 diem
697 1267 913 1345 illum,
973 1288 1098 1347 quo
1143 1266 1212 1329 in
1258 1266 1557 1330 omnibus
1615 1264 1823 1348 gloria
1868 1264 1997 1327 Dei
2039 1265 2314 1328 111001ΐο-
2364 1280 2367 1351 Ι
2417 1284 2569 1326 nem
2615 1273 2948 1344 nostrum,
2995 1267 3286 1349 crucifigi
3331 1276 3624 1333 veterem
3669 1270 4030 1350 hominem,
4088 1277 4362 1339 mortifi-

366 1352 663 1429 stabitur,
711 1362 778 1418 et
826 1373 943 1416 nos
988 1354 1056 1415 10
1102 1373 1176 1415 eo
1213 1350 1657 1433 gloriabimur.
1726 1351 1855 1414 Hic
1891 1371 2156 1413 rursum
2192 1351 2313 1412 mi·
2419 1349 2555 1412 cari
2601 1349 2892 1413 membra
2938 1359 3176 1428 nostra,
3223 1373 3343 1416 nos
3388 1355 3650 1436 sepeliri
3697 1377 3846 1421 cum
3892 1355 4184 1437 Christe,
4246 1365 4362 1438 [fol.

366 1440 497 1503 rari
544 1437 741 1515 subit,
789 1460 990 1521 quum
1026 1436 1301 1502 audiunt
1331 1438 1458 1501 Dei
1503 1436 1687 1514 filios,
1736 1437 2012 1519 quinon
2047 1435 2316 1499 redeant
2422 1440 2529 1512 35]
2585 1434 2870 1516 migrare
2923 1458 2958 1500 0
3002 1438 3380 1518 captivitate
3435 1438 3672 1505 diaboli
3732 1464 3807 1506 ac
3860 1443 4133 1525 imperio
4188 1468 4362 1512 mor-

324 1525 447 1589 ·ad
493 1546 726 1590 sanam
770 1535 1085 1600 mentem,
1146 1531 1211 1587 et
1268 1524 1558 1587 sentiant
1615 1521 1783 1586 hanc
1825 1522 2313 1605 generationem
2364 1554 2368 1595 ς

365 1611 805 1675 immortalem
851 1631 1011 1688 esse,
1058 1630 1222 1691 quae
1267 1631 1350 1672 ex
1393 1610 1536 1672 Deo
1582 1616 1712 1686 est,
1772 1616 1839 1671 et
1882 1628 2009 1690 qua
2055 1607 2313 1672 divinae

365 1696 878 1761 immortalitatis
937 1716 1165 1760 sumus
1214 1695 1577 1777 participes.
1607 1699 1655 1777 ¹)
1745 1691 1879 1758 8οἀ
1923 1693 2005 1757 0(1
2052 1694 2312 1757 institu-

366 1790 503 1846 tum
546 1804 915 1865 pergamus.

366 2040 709 2105 Christum
752 2050 950 2121 00901
994 2049 1292 2103 nostrum
1331 2059 1491 2116 esse,
1539 2039 1723 2103 euius
1758 2060 2035 2120 regnum
2074 2048 2139 2100 et
2174 2036 2311 2118 glo-

366 2127 462 2191 ria
508 2126 802 2191 nondum
848 2134 1324 2207 apparuerunt:
1372 2126 1426 2188 si
1471 2124 1767 2189 membra
1810 2134 2009 2205 caput
2054 2144 2311 2203 praece-

366 2212 543 2289 dant,
579 2232 969 2295 perversum
990 2232 1066 2275 ac
1087 2219 1582 2293 praeposterum
1607 2231 1749 2275 esse
1771 2208 2083 2273 ordinem.
2144 2209 2312 2272 Tum
2362 2262 2365 2287 ,

367 2319 518 2364 vero
562 2319 685 2383 nos
730 2304 1122 2379 sequuturos
1168 2296 1529 2379 principem
1576 2306 1901 2374 nostrum,
1958 2316 2157 2376 quum
2203 2294 2313 2358 ille

366 2385 587 2449 veniet
630 2385 697 2446 in
724 2382 951 2469 ¹gloria.
995 2383 1200 2464 patris
1241 2381 1362 2459 sui,
1408 2390 1476 2447 et
1518 2381 1765 2447 sedebit
1812 2383 1877 2445 in
1922 2379 2075 2445 sede
2114 2381 2312 2444 maie·
2364 2448 2365 2463 ¹

1771 2467 2045 2530 Interim
2093 2474 2310 2530 tamen
2361 2496 2365 2527 a

362 2472 551 2536 statis
598 2490 755 2533 suae
801 2468 1067 2550 (Matth.
1116 2473 1210 2545 16,
1252 2472 1330 2529 27
1350 2492 1366 2547 ;
1405 2471 1504 2546 25,
1549 2472 1677 2550 31).

368 2558 604 2629 vivere,
654 2554 827 2637 quod
872 2578 954 2618 ex
990 2555 1133 2619 Deo
1179 2554 1247 2617 in
1293 2554 1479 2618 nobis
1524 2563 1641 2630 est,
1692 2554 1811 2617 hoe
1847 2563 1964 2627 001,
2008 2553 2311 2633 spiritum
2360 2614 2364 2637 ,

363 2651 679 2721 nostrum,
727 2642 878 2723 quia
922 2640 1228 2705 Christus
1273 2641 1437 2703 vivit
1478 2641 1611 2705 vita
1655 2652 1906 2704 nostra:
1956 2637 2310 2702 absurdum

1007 1780 1315 1846 Clament
1358 1788 1677 1863 quantum
1719 1779 1973 1855 volent,
2021 1801 2153 1842 non
2201 1799 2313 1843 vo·
2363 1758 2367 1845 1

366 1869 499 1933 cari
563 1867 931 1933 benedictos
983 1868 1110 1930 Dei
1170 1866 1250 1930 ad
1306 1887 1584 1949 regnum
1640 1875 1792 1930 ante
1849 1865 2018 1929 diem
2070 1864 2310 1942 iudicii,
2362 1898 2366 1937 ff

366 1975 484 2019 nec
529 1964 686 2018 ante
730 1954 1024 2036 promitti
1069 1952 1350 2017 salutem
1396 1952 1633 2034 populo
1679 1951 1823 2016 Dei.
1905 1950 2310 2032 RespondeO,
2364 1960 2367 1989 1
2417 1949 2585 2014 ritus
2629 1951 2749 2013 sui.

2422 1521 2531 1584 tis:
2582 1520 2719 1586 sed-
2740 1523 3024 1605 migrare
3070 1521 3390 1587 duntaxat
3435 1526 3503 1588 in
3544 1525 3892 1606 desertum,
3948 1540 4190 1596 terram
4235 1534 4362 1596 ari-

2363 1602 2367 1633 *
2420 1607 2569 1669 dam
2626 1626 2700 1673 ac
2744 1608 3034 1688 inopem,
3095 1610 3224 1673 nisi
3267 1611 3593 1677 Dominus
3613 1613 3833 1695 ’911101
3887 1636 4040 1680 man
4086 1640 4120 1680 0
4166 1618 4359 1696 00010,

2419 1684 2486 1755 et
2527 1714 2765 1773 aquam
2810 1696 3123 1759 scaturire
3168 1696 3361 1758 faciat
3384 1717 3418 1761 e
3465 1706 3664 1778 petra.
3721 1700 3964 1765 Anima
4000 1704 4175 1766 enim
4210 1725 4362 1768 nos-

2420 1786 2548 1853 tra,
2609 1779 2778 1842 sicut
2835 1787 3009 1843 terra
3053 1782 3195 1845 sine
3240 1802 3406 1863 aqua
3458 1782 3583 1861 illi,
3613 1783 3661 1866 ¹)
3720 1806 3884 1867 quae
3940 1810 4160 1852 rerum
4219 1811 4359 1853 om-

2419 1865 2605 1927 nium
2649 1866 2924 1947 penuria
2958 1868 3295 1947 premitur,
3344 1866 3546 1931 donec
3590 1869 3702 1934 ille
3747 1871 3912 1952 pluit
3947 1876 4190 1956 gratias
4227 1876 4359 1958 spi-

2841 1952 3190 2016 Transitur
3234 1962 3456 2035 postea
3500 1956 3566 2017 in
3612 1962 3857 2020 terram
3891 1962 4357 2040 promissionis,

2419 2035 2582 2100 duee
2631 2037 2780 2100 Iesu
2837 2037 2970 2100 filio
3017 2039 3233 2113 Nave,
3297 2048 3536 2103 terram
3594 2040 4033 2107 abundantem
4084 2046 4249 2110 lacte
4294 2059 4360 2111 et

2417 2122 2637 2185 melle:
2680 2122 2798 2187 hoc
2836 2134 2951 2201 est,
2990 2125 3204 2207 gratia
3231 2126 3351 2189 Dei
3391 2148 3506 2190 000
3542 2126 3776 2191 11110101
3813 2150 3847 2191 0
3884 2151 4149 2213 corpore
4185 2155 4357 2197 mor-

2418 2208 2530 2285 tis,
2592 2229 2708 2289 901·
2753 2210 2972 2274 Iesum
3033 2210 3372 2273 Christum
3419 2210 3781 2277 Dominum
3842 2225 4165 2295 nostrum,
4228 2240 4357 2282 non

2419 2308 2639 2357 tamen
2672 2295 2812 2359 sine
2849 2297 3165 2379 sanguine
3202 2310 3266 2359 et
3300 2297 3551 2361 sudore.
3624 2298 3696 2363 81
3733 2301 3993 2381 (101(10111
4033 2324 4182 2367 caro
4216 2314 4358 2367 tum

2417 2379 2704 2443 maxime
2751 2381 2972 2456 resilit,
3023 2394 3088 2444 01
3123 2381 3297 2446 vires
3334 2405 3486 2448 suas
3523 2383 3603 2447 ad
3651 2407 3938 2467 pugnam
3979 2389 4239 2465 exserit,
4286 2398 4361 2453 ut

2416 2466 2724 2547 confligat
2759 2467 3072 2532 adversus
3108 2470 3424 2549 spiritum.
3516 2472 3874 2551 Postquam
3920 2475 3988 2536 iu
4038 2486 4213 2539 terra
4257 2497 4359 2539 re-

2415 2550 2683 2627 sidetur,
2728 2562 2884 2617 tunc
2929 2556 3256 2635 pascimur
3292 2557 3356 2617 in
3402 2555 3819 2622 abundantia.
3890 2560 4149 2624 Dantur
4184 2562 4356 2625 enim

2415 2637 2621 2701 stolae
2677 2638 2890 2715 albae,
2953 2648 3017 2702 et
3075 2642 3341 2721 requies.
3445 2639 3579 2705 Sed
3636 2643 3928 2706 nondum
3988 2656 4204 2711 erecta
4260 2656 4359 2713 est

363 2729 537 2793 enim
589 2749 760 2804 0000,
821 2735 897 2790 01
953 2728 1214 2791 vivente
1263 2726 1395 2790 vita
1453 2736 1707 2801 nostra,
1766 2745 2106 2807 pereamus
2166 2724 2307 2806 ipsi.
2359 2774 2363 2815 Ι
2413 2722 2794 2801 Ierusalem,
2841 2734 3037 2807 eaput
3083 2746 3156 2789 ac
3199 2725 3385 2790 sedes
3421 2728 3623 2809 regni.
3693 2728 4006 2795 Nondum
4044 2731 4360 2797 80100100

364 2815 592 2878 Vitam
628 2823 849 2877 autem
886 2812 1055 2877 11000
1093 2822 1159 2875 01
1193 2812 1366 2893 apud
1405 2812 1640 2887 Deum,
1684 2821 1752 2875 01
1788 2832 1935 2875 cum
1971 2811 2113 2873 Deo
2150 2832 2307 2886 esse,
2360 2834 2363 2857 τ

1692 2897 1875 2960 Ηο00
1918 2897 2137 2960 omnia
2185 2895 2307 2961 01111
2359 2894 2364 2985 ξ
2415 2916 2569 2979 ergo
2616 2904 2990 2961 sanctorum
3034 2898 3291 2977 animae
3340 2909 3482 2979 post
3523 2908 3801 2962 mortem
3846 2901 3913 2964 in
3960 2921 4144 2982 pace,
4191 2924 4356 2984 quae

363 2909 428 2965 et
473 2901 733 2965 beatam
778 2918 950 2973 esse,
1000 2897 1154 2979 quia
1196 2898 1268 2961 in
1312 2899 1455 2961 Deo
1497 2898 1600 2961 sit.

363 2996 692 3063 constant,
752 2993 816 3050 et
874 2984 1134 3048 veritati
1190 2984 1624 3049 consentiunt.
1718 2982 1857 3049 Cur
1913 2982 2090 3047 enim
2146 3003 2309 3047 non-

365 3073 518 3137 dum
566 3072 804 3137 salvati
859 3091 999 3135 esse
1046 3069 1370 3148 dicuntur,
1431 3078 1545 3134 001
1601 3090 1880 3152 regnum
1926 3068 2058 3132 Dei
2102 3070 2308 3151 90001-

365 3157 545 3236 (1010,
605 3159 716 3240 (101
772 3158 840 3221 10
882 3156 1168 3220 Domino
1228 3157 1470 3221 mortui
1528 3155 1721 3221 sunt?
1815 3154 1990 3236 Quia
2043 3176 2307 3237 exspec-

364 3252 525 3322 tant,
572 3241 744 3327 quod
788 3242 1079 3307 nondum
1126 3241 1384 3320 habent,
1431 3264 1551 3307 nec
1594 3245 1793 3306 finem
1840 3263 1998 3306 suae
2034 3241 2327 3325 felicita--

364 3332 445 3396 tis
490 3332 867 3413 attigerunt.
938 3327 1079 3393 Cur
1122 3328 1546 3393 nihilominus
1591 3329 1763 3392 beati
1808 3328 2005 3392 sunt?
2054 3328 2206 3408 quia
2245 3336 2312 3390 et

362 3417 579 3482 Deum
626 3424 986 3498 agnoscunt
1029 3413 1154 3479 sibi
1199 3414 1573 3497 propitium,
1627 3424 1693 3477 et
1737 3416 2020 3478 futuram
2067 3434 2309 3478 meree-

364 3502 512 3567 dem
567 3503 824 3566 eminus
871 3499 1127 3579 vident,
1185 3507 1251 3564 et
1294 3501 1364 3564 in
1409 3507 1588 3565 certa
1631 3500 2114 3582 exspectatione
2162 3497 2309 3563 bea-

364 3599 465 3652 tae
512 3586 1010 3653 resurrectionis
1058 3587 1495 3667 aequiescunt.
1587 3583 1921 3665 Quamdiu
1971 3591 2145 3650 certe
2193 3585 2307 3648 ha-

367 3672 648 3738 bitamus
693 3675 761 3737 in
805 3673 927 3737 1100
972 3693 1229 3737 0010010
1289 3671 1499 3749 10100,
1556 3691 1895 3753 speramus
1952 3691 2117 3753 quae
2176 3692 2310 3734 non

363 3760 688 3824 videmus:
731 3770 797 3822 et
842 3767 1101 3840 praeter
1144 3778 1344 3839 spem,
1391 3755 1718 3823 credimus
1763 3758 1835 3820 in
1879 3778 2088 3838 spem:
2137 3756 2309 3839 quod
2358 3737 2364 3856 2

362 3847 451 3910 ait
494 3844 827 3928 apostolus
872 3843 953 3908 de
988 3844 1329 3909 Abraham
1375 3844 1591 3925 (Rom.
1633 3854 1691 3920 4,
1738 3846 1863 3927 18).
1923 3843 2053 3908 Ubi
2090 3853 2310 3906 autem
2358 3893 2363 3932 ἰ

362 3932 531 3997 00011
572 3931 812 3996 mentis
854 3939 1131 4008 nostrae,
1179 3932 1287 4011 qui
1335 3950 1511 3994 nunc
1555 3929 1796 4012 sepulti
1827 3930 1896 3993 in
1942 3929 2064 3993 hac
2112 3948 2310 3992 carne

363 4017 628 4083 hebetes
674 4025 853 4094 sunt,
901 4015 1328 4081 absterserint
1380 4015 1549 4080 hanc
1593 4016 1777 4081 velut
1829 4014 2307 4097 lippitudinem,

366 4102 732 4169 videbimus
776 4123 941 4184 quae
986 4101 1542 4184 exspectabamus,
1590 4110 1656 4166 et
1696 4103 1887 4166 inea
1930 4102 2152 4182 requie
2197 4099 2307 4164 de-

358 4189 765 4255 lectabimur.
838 4188 1067 4270 Neque
1108 4189 1284 4252 enim
1317 4209 1619 4254 veremur
1657 4187 1724 4252 id
1762 4193 1907 4270 post
1942 4185 2309 4268 apostolum

361 4275 592 4353 dicere,
609 4275 720 4357 qui
745 4297 780 4338 0
805 4295 1117 4340 converso
1135 4274 1535 4356 dicit(Hebr.
1571 4279 1664 4352 10,
1692 4270 2079 4357 27)φοβεράν
2102 4271 2197 4348 τὴν
2217 4276 2309 4334 ἐκ·
2360 4309 2363 4324 ι

361 4361 541 4443 δοχήν
583 4370 851 4447 κρίσεως,
872 4362 927 4440 ²)
973 4381 1236 4424 manere
1287 4360 1625 4442 reprobos,
1673 4360 1740 4424 id
1778 4369 1894 4438 est,
1930 4357 2310 4423 formidabi-

358 4448 488 4512 lem
533 4448 1085 4531 exspectationem
1136 4445 1373 4511 iudicii.

2416 2828 2533 2873 rex
2578 2810 2755 2892 pacis
2799 2823 3058 2893 sceptra
3092 2821 3286 2886 tenet,
3334 2813 3680 2893 omniaque
3715 2814 4108 2880 moderatur.
4180 2815 4356 2882 Sunt

2415 2988 2604 3046 extra.
2647 3002 2914 3047 manum
2959 2982 3166 3047 hostis
3211 2984 3578 3048 evolarunt.
3671 2983 3846 3050 Sunt
3889 2987 3958 3050 in
4005 2988 4353 3070 opulentia,

2414 3066 2494 3132 de
2527 3066 2761 3151 quibus
2805 3068 3048 3135 dictum
3085 3075 3212 3135 est:
3259 3070 3461 3135 Ibunt
3495 3070 3573 3134 de
3611 3071 4014 3139 abundantia
4043 3076 4112 3138 in
4147 3074 4356 3139 abun-

2415 3153 2725 3219 dantiam.
2794 3154 2923 3221 Ubi
2960 3176 3114 3220 vero
3150 3156 3512 3220 surrexerit
3552 3157 3623 3220 in
3666 3157 3940 3239 gloriam
3987 3182 4176 3230 suam
4213 3182 4355 3226 000-

2414 3239 2596 3304 lestis
2651 3241 3044 3318 Ierusalem,
3105 3249 3171 3305 et
3226 3264 3423 3307 verus
3477 3239 3787 3308 80101000
3844 3244 4182 3324 Christus,
4238 3268 4356 3312 rex

2414 3327 2618 3408 pacis,
2667 3327 2963 3393 sublimis
3006 3328 3251 3393 sederit
3292 3329 3360 3393 in
3407 3328 3746 3402 tribunali,
3795 3332 4164 3414 regnabunt
4206 3354 4356 3398 eum

2413 3434 2530 3476 suo
2575 3434 2731 3496 rege
2775 3415 2915 3478 veri
2960 3413 3316 3480 Israelitae.
3385 3413 3580 3495 Quod
3622 3417 3680 3480 si
3722 3417 3884 3483 libet
3927 3439 3965 3481 0
4007 3419 4201 3484 101100
4238 3419 4355 3484 ho-

2413 3500 2667 3562 minum
2714 3507 2932 3581 petere
2977 3500 3499 3566 similitudinem:
3545 3523 3916 3585 pugnamus
3960 3511 4111 3569 cuin
4153 3505 4356 3583 hoste,

2415 3583 2724 3666 quamdiu
2777 3586 3171 3651 conflictatio
3223 3597 3322 3652 est
3375 3586 3560 3653 nobis
3615 3587 3928 3656 adversus
3986 3612 4249 3657 carnem
4294 3601 4362 3658 et

2414 3671 2827 3753 sanguinem:
2855 3671 3177 3737 vincimus
3198 3672 3472 3750 hostem,
3513 3673 3670 3737 dum
3694 3677 3996 3742 exuimur
4019 3677 4141 3742 hac
4167 3699 4360 3743 carne

2414 3756 2677 3838 peceati,
2724 3764 2799 3820 ut
2840 3757 2961 3820 toti
3003 3758 3131 3822 Dei
3179 3759 3400 3823 simus.
3495 3761 3786 3843 Agemus
3817 3763 4242 3844 triumphum,
4294 3772 4360 3828 et

2412 3842 2629 3906 fructu
2676 3842 2987 3906 victoriae
3031 3845 3375 3926 potiemur,
3422 3865 3623 3925 quum
3668 3856 3860 3929 caput
3905 3857 4206 3912 nostrum
4250 3871 4358 3913 su-

2413 3949 2532 4010 pra
2576 3936 2872 4004 mortem,
2923 3950 3074 3993 vere
3118 3931 3407 4012 erigetur
3442 3931 3511 3994 in
3553 3930 3782 4014 gloria:
3835 3933 3958 3997 hoc
3995 3941 4110 4010 est,
4155 3955 4359 4016 quum

2413 4034 2589 4078 mors
2633 4016 2703 4077 in
2749 4014 3013 4078 victoria
3058 4013 3525 4081 absorbebitur.
3599 4017 3784 4082 Haec
3829 4027 4021 4095 meta,
4070 4018 4175 4082 1110
4220 4042 4359 4085 sco·

2414 4121 2535 4183 pus
2589 4108 2834 4176 noster,
2893 4098 2973 4165 de
3031 4122 3156 4183 quo
3211 4103 3526 4184 scriptum
3577 4111 3702 4166 est:
3765 4101 4097 4181 Satiabor,
4157 4126 4357 4187 quum

2414 4186 2833 4269 evigilaverO,
2872 4196 3139 4268 aspectu
3163 4187 3407 4271 gloriae
3444 4197 3593 4253 tuae
3629 4189 3832 4273 (Psal.
3866 4193 3961 4268 17,
3997 4191 4121 4275 15).
4174 4192 4358 4258 Ηο00

2414 4293 2496 4335 ex
2542 4273 2882 4355 scripturis
2925 4272 3115 4338 facile
3159 4273 3405 4338 discere
3450 4282 3747 4357 possunt,
3803 4275 4169 4358 quicunque
4212 4279 4357 4342 Deo

2415 4359 2802 4434 auscultare,
2840 4366 2908 4424 et
2941 4380 3165 4424 vocem
3200 4360 3340 4424 eius
3376 4357 3686 4425 exaudire
3721 4359 4104 4426 didicerunt.
4173 4363 4358 4429 Haec

1466 4444 1542 4510 81
1598 4446 1755 4511 11000
1801 4444 2137 4520 terribilis,
2198 4444 2311 4509 illa
2360 4481 2363 4494 ι
2416 4446 2614 4508 etiam
2659 4445 2845 4510 nobis
2880 4467 2999 4528 per
3031 4468 3266 4510 manus
3303 4444 3730 4524 tradiderunt,
3777 4448 3889 4529 qui
3925 4469 4117 4530 parce
4153 4458 4220 4514 et
4257 4472 4357 4514 10-

2359 4513 2364 4588 1
2418 4538 2720 4596 verenter
2766 4539 3134 4596 tractarunt
3167 4531 3295 4596 Dei
3341 4533 3671 4615 mysteria.
3742 4531 3855 4597 Sic
3897 4535 4072 4599 enim
4117 4538 4357 4618 permi-

500 4636 557 4701 1)
596 4635 707 4690 Hie
752 4635 900 4689 locus
944 4651 1011 4688 ex
1056 4637 1127 4688 iis
1172 4641 1251 4688 est
1296 4636 1451 4689 cuius
1487 4635 1862 4714 interpretatio
1894 4634 2094 4702 yauica
2134 4632 2308 4715 001υό-
2358 4617 2363 4716 Ῑ
2412 4626 2642 4715 serunt
2684 4617 2808 4683 sibi
2846 4617 3021 4716 loqui
3059 4624 3327 4696 veteres,
3374 4624 3445 4682 ut
3484 4616 3775 4684 dicerent
3809 4621 4061 4686 animas
4095 4621 4358 4704 quidem

356 4722 490 4760 num
538 4710 780 4759 autorem
826 4719 1116 4773 agnoscere
1159 4706 1307 4758 nullo
1354 4702 1511 4757 modo
1554 4709 1784 4771 poterit.-
1832 4704 1905 4757 Ils
1951 4700 2309 4757 s'esbahiront
2357 4719 2362 4792 Ι
2412 4725 2480 4766 m
2524 4702 2824 4786 paradiso
2868 4714 2935 4766 et
2969 4725 3040 4767 m
3076 4703 3251 4768 coelo
3287 4725 3452 4783 033oe
3495 4704 3790 4769 nondum
3828 4713 4045 4770 tamen
4084 4705 4359 4790 gloriam

358 4777 442 4844 yci
478 4773 743 4828 derechef
773 4773 953 4841 quand
988 4774 1054 4826 ils
1094 4781 1281 4842 oyem,
1320 4774 1426 4827 Les
1464 4773 1653 4827 enfans
1689 4772 1755 4826 de
1791 4771 1955 4838 Dieu,
1992 4771 2082 4838 qui
2117 4787 2185 4824 ne
2223 4787 2305 4825 re·

358 4849 617 4898 tournent
660 4842 813 4910 point
859 4844 892 4896 a
936 4843 1053 4895 leur
1088 4840 1195 4895 bon
1244 4858 1396 4909 sens,
1444 4850 1499 4895 et
1539 4848 1753 4896 sentent
1800 4847 1946 4894 ceste
1991 4841 2305 4907 generation

360 4920 504 4967 estre
541 4911 888 4978 immortelle,
934 4909 1169 4977 laquelle
1207 4918 1293 4964 est
1327 4910 1393 4963 de
1432 4911 1568 4964 Dieu
1644 4917 1700 4963 et
1748 4926 1847 4977 par
1882 4907 2115 4975 laquelle
2167 4924 2304 4963 nous

359 4997 594 5036 sommes
640 4979 766 5033 faits
849 4980 1143 5047 articipans
1189 4978 1254 5032 de
1300 4953 1680 5032 l’immortalite
1717 4978 1919 5032 Divine.
1997 4976 2149 5044 Quae
2193 4982 2303 5032 toto

358 5050 503 5105 coelo
539 5066 576 5101 a
609 5063 775 5101 sensu
866 5049 974 5102 tini
1005 5051 1181 5101 textus
1215 5048 1429 5101 absunt.
1484 5048 1663 5100 Multo
1696 5047 1886 5100 melius
1920 5046 2105 5100 reddit
2136 5044 2302 5100 editio

358 5118 545 5171 Betae
580 5115 742 5172 1566:
789 5116 847 5169 Ie
884 5116 1169 5170 m'esbahis
1215 5115 1495 5184 dereehef,
1542 5116 1720 5183 quand
1755 5115 1820 5170 ils
1858 5122 2019 5184 oyent
2051 5115 2118 5168 ici
2152 5131 2300 5170 nom·

358 5203 503 5254 mer,
540 5186 646 5240 Les
682 5186 872 5240 enfans
908 5186 974 5239 de
1011 5184 1176 5252 Dieu,
1213 5183 1367 5253 qu’ils
1415 5181 1471 5251 [i.
1508 5199 1567 5251 e.,
1604 5198 1709 5253 quo
1738 5190 1903 5252 pacto
1935 5182 2065 5303 ipat}
2114 5199 2180 5236 ne
2217 5200 2299 5238 re-

357 5262 617 5311 10010001
652 5257 685 5308 a
721 5255 838 5309 leur
872 5255 979 5308 bon
1013 5268 1137 5308 sens
1173 5262 1230 5307 et
1262 5269 1329 5306 ne
1369 5260 1582 5306 sentent
1616 5269 1719 5319 (100
1758 5259 1851 5307 etc.
2060 5257 2081 5318 )
2122 5253 2301 5308 Autor

353 5324 598 5390 fortas-Se
629 5324 874 5391 scraepsit:
911 5318 1150 5390 φοβεράν
1187 5338 1307 5372 τινα
1344 5318 1382 5371 ἐ.
1419 5337 1466 5370 κ.

2354 4795 2359 4892 1
2414 4797 2529 4853 aut
2572 4788 2938 4854 mercedem
2982 4789 3363 4872 percepisse.
3452 4790 3624 4855 Nam
3670 4791 4141 4857 Tertullianus:
4164 4794 4220 4877 ²)
4267 4795 4358 4858 Et

2411 4896 2680 4953 merces,
2727 4875 2959 4957 inquit,
3008 4883 3076 4940 et
3119 4876 3496 4958 perieulum,
3543 4878 3613 4940 in
3660 4879 4152 4942 resurrectionis
4197 4900 4356 4961 pen-

2409 4959 2520 5026 det
2557 4971 2822 5026 eventu:
2870 4962 2982 5043 qui
3021 4969 3259 5041 tamen,
3303 4963 3445 5027 sine
3481 4963 3618 5028 ulla
3658 4961 3948 5047 ambage,
3996 4962 4182 5030 docet
4217 4967 4355 5030 ani-

2545 5115 2604 5177 1)
2642 5115 2706 5170 G.
2745 5116 2925 5169 vertit:
2975 5115 3174 5170 Nosti-e
3224 5133 3340 5171 ame
3391 5125 3476 5172 est
3525 5132 3727 5171 comme
3763 5132 3866 5171 une
3904 5123 4047 5170 terre
4087 5134 4211 5173 sans
4251 5136 4353 5175 000

2407 5184 2641 5252 laquelle
2690 5184 2883 5238 baaille
2933 5183 2998 5238 de
3047 5186 3361 5241 secheresse
3408 5186 3604 5240 devant
3647 5184 3802 5238 Dieu.
3875 5185 4248 5241 Nihssomiaus
4296 5189 4357 5243 in

2405 5255 2580 5307 latino
2616 5258 2764 5307 textu
2799 5267 2942 5307 sana
2977 5255 3179 5322 omnia,
3216 5257 3269 5308 ει·
3305 5255 3449 5309 Psal.
3478 5251 3594 5320 143,
3621 5251 3654 5305 6
3690 5268 3757 5307 ex
3791 5269 3897 5322 quo
3935 5253 4246 5325 desumptus
4279 5263 4361 5313 est

2405 5322 2674 5390 releyeris.
2883 5321 2941 5386 2)
2983 5322 3146 5378 Libro
3184 5324 3250 5377 de
3287 5339 3484 5378 resurr.
3520 5322 3694 5377 carnis
3733 5339 3777 5376 c.
3813 5321 3897 5378 21.

3849 5407 3950 5460 14*
