5100 6061
321 438 389 496 81
1774 435 2061 500 LIBER
2099 397 2156 499 ’1
2244 433 2545 501 οΑΡΠΤ
2589 437 2712 502 IX.
2773 440 2858 504 x.
2941 410 2952 417 ’
4232 448 4316 512 82

317 646 441 689 nus
499 622 801 689 Tiberius
857 624 1032 689 Nero
1089 624 1325 689 Liviae
1381 623 1745 701 Drusillae,
1816 644 1981 705 quae
2033 633 2261 706 postea
2364 623 2608 704 quillus
2662 625 2733 691 in
2790 627 3121 711 Caligula:
3188 626 3322 695 Sed
3391 651 3589 695 avum
3650 652 3870 696 meum
3929 645 4314 700 narrantem
4360 636 4364 641 ’

316 711 620 792 Auguste
662 710 915 791 nupsit,
971 712 1226 775 6001011.
1318 710 1489 774 Nam
1542 731 1623 774 ex
1680 732 1758 774 ea
1795 710 2091 773 Drusum
2145 730 2259 792 ge·
2363 731 2525 791 puer
2568 711 2941 791 audiebam,
2988 734 3251 779 causam
3295 718 3508 799 operis
3552 717 3633 782 ab
3678 718 4097 784 interioribus
4141 719 4305 785 auli-

317 796 460 859 nuit
515 804 769 878 patrem
822 795 1225 860 Germanici:
1282 818 1364 860 ex
1408 815 1534 878 que
1580 816 1846 859 rursum
1891 796 2258 879 Agrippina
2362 796 2455 859 616
2500 796 2846 877 proditam.
2937 797 3192 865 Statius
3236 803 3449 883 primo
3496 803 3893 869 Thebaidos:

319 882 543 964 genita
584 881 867 946 Neronis
911 890 1138 945 mater.
1228 882 1366 946 Nec
1421 883 1621 945 fuisse
1667 882 1926 964 proprie
1972 879 2256 945 abavum
2671 899 2868 956 Lectus
2906 903 3131 955 concilio
3170 903 3346 957 divum
3385 913 3712 959 convenerat
3748 906 3882 961 ordo

317 966 695 1048 adoptivum
739 967 924 1032 facile
978 968 1349 1050 percipitur.
1439 968 1565 1031 Est
1607 969 1784 1031 euim
1829 966 2172 1049 adoptatus
2218 987 2256 1030 a
2668 967 2928 1022 Interim-e
2968 971 3115 1038 90¹0·
3399 1032 3408 1042 ,
3777 1030 3781 1034 .

317 1050 588 1117 Claudio
634 1061 862 1134 patruo
909 1075 1024 1119 suo
1066 1074 1334 1136 magne,
1391 1051 1601 1116 Drusi
1655 1061 1870 1118 autem
1926 1052 2091 1128 filie,
2146 1053 2255 1134 qui
2360 1051 2538 1114 Hinc
2594 1065 2660 1116 et
2723 1054 3081 1138 Vergilius:
3139 1054 3371 1121 demus
3424 1058 3698 1124 interior
3753 1082 3870 1143 pre
3914 1063 4072 1146 ipsis
4108 1083 4307 1144 pene-

315 1139 658 1221 privignus
703 1150 845 1202 erat
890 1140 1191 1222 Augusti.
1262 1137 1412 1219 Qua
1456 1138 1654 1201 etiam
1699 1140 1966 1214 ratione,
2013 1160 2097 1203 06
2142 1160 2257 1220 per
2360 1137 2650 1203 tralibus.
3645 1179 3649 1183 -

316 1225 694 1289 abusionem
748 1223 1039 1307 quidem,
1104 1225 1270 1290 abne
1318 1247 1389 1289 es
1452 1224 1678 1301 fuerit,
1747 1223 1862 1288 sed
1918 1243 2252 1307 pronepos.
2538 1224 2708 1288 Nam
2743 1223 3076 1304 Domitiae,
3118 1227 3443 1308 Messalas,
3480 1230 3762 1309 Asiam,
3812 1231 4158 1318 Cicerones]
4215 1234 4305 1298 Hi

314 1310 463 1374 Une
522 1322 741 1374 tamen
795 1309 986 1375 mede
1029 1312 1171 1374 iure
1300 1310 1580 1393 optionis
1625 1310 1718 1374 sic
1761 1311 1980 1376 vocari
2022 1317 2253 1392 petest,
2360 1330 2585 1373 omnes
2622 1320 2839 1392 partes
2885 1310 3093 1376 Cassii
3132 1321 3197 1376 et
3231 1314 3425 1378 Bruti
3463 1315 3839 1380 tuebantur:
3880 1316 4112 1400 quibus
4159 1340 4305 1401 pre-

314 1394 484 1478 quod
546 1397 840 1461 Drusum
908 1398 1281 1480 privignum
1347 1417 1538 1461 suum
1593 1395 1875 1460 Neronis
1939 1417 2255 1477 proavum
2359 1394 2622 1477 fligatis,
2679 1396 2944 1479 quidam
2994 1399 3192 1462 etiam
3249 1398 3332 1462 ad
3374 1398 3527 1465 Sex.
3575 1402 3963 1485 Pompeium
4010 1409 4155 1481 [pag.
4199 1409 4304 1484 73]

317 1486 463 1559 [pag.
517 1487 625 1562 72]
685 1482 1054 1546 naturalem
1112 1482 1461 1564 adoptavit.
1554 1482 1820 1546 Tacitus
1863 1480 1971 1546 lib.
2020 1481 2252 1545 XIIL:
2360 1481 2789 1546 transierunt:
2838 1482 3171 1548 Domitius
3214 1485 3475 1566 quidem
3518 1487 3690 1550 inter
3734 1491 4022 1554 conscios
4069 1488 4307 1555 Caesa-

314 1568 484 1632 Cum
531 1569 792 1632 Nerone
838 1568 1033 1632 simul
1087 1569 1357 1632 tertium
1410 1568 1562 1631 iniit
1605 1568 2012 1632 consulatum
2057 1566 2255 1631 Vale·
2361 1566 2583 1631 rianae
2630 1568 2827 1646 necis,
2873 1590 3267 1651 quamquam
3312 1570 3552 1648 insons,
3597 1572 3741 1656 lege
3785 1574 3992 1639 Pedia
4038 1575 4306 1639 damna-

311 1655 448 1718 rius
508 1654 812 1731 Messala,
880 1654 1064 1718 cuius
1129 1674 1448 1736 proavum
1515 1660 1838 1718 oratorem
1894 1652 2257 1718 Corvinum
2362 1660 2495 1729 106,
2553 1652 2636 1717 6(1
2689 1654 2977 1718 Brutum
3036 1667 3101 1719 et
3156 1654 3460 1721 Cassium
3514 1680 3583 1722 se
3626 1659 3927 1723 contulit:
3979 1682 4017 1724 a
4074 1662 4305 1742 quibus

314 1738 462 1804 dive
514 1741 811 1823 Auguste
868 1738 1074 1804 abavo
1120 1740 1401 1804 Neronis
1457 1739 1768 1821 collegam
1817 1739 1884 1803 in
1931 1760 2005 1802 eo
2050 1738 2256 1822 magi·
2361 1748 2695 1821 acceptam
2738 1740 3010 1804 classem
3056 1741 3170 1804 diu
3215 1743 3508 1807 retinuit:
3557 1765 3830 1825 querum
3888 1747 4112 1810 accisis
4170 1748 4305 1828 epi-

312 1834 526 1890 611610
576 1827 777 1890 fuisse
833 1827 1020 1908 pauci
1073 1826 1203 1889 iam
1275 1846 1508 1889 senum
1570 1826 2023 1889 meminerant.
2112 1824 2258 1888 Hoc
2360 1826 2483 1889 bus
2532 1827 2818 1889 Antonio
2868 1826 3155 1904 tradidit,
3211 1839 3278 1891 et
3334 1829 3401 1892 in
3445 1831 3722 1910 patriam
3763 1833 4122 1910 restitutus,
4170 1853 4308 1896 am-

312 1932 468 1975 1610
514 1911 1078 1976 animadversione
1119 1910 1417 1994 dignum.
1482 1910 1563 1974 ab
1606 1910 1829 1975 eodem
1878 1911 2101 1974 Tacito
2147 1909 2255 1973 lib.
2361 1909 2685 1993 plissimes
2744 1911 3021 1978 honores
3077 1911 3349 1996 adeptus
3394 1924 3511 1979 est.
3559 1915 3899 1980 Postremo
3959 1918 4130 1981 civili
4176 1918 4306 1982 dis-

312 1997 502 2062 XIV.
553 1997 755 2061 semel
798 1998 1173 2081 Augustum
1210 1998 1490 2062 Neronis
1536 2005 1802 2060 atavum
1841 1995 1966 2060 dici
2005 1996 2077 2059 in
2114 2017 2257 2059 ora-
2362 1997 2659 2061 sensione
2716 2008 2858 2062 orta
2912 1999 3086 2063 inter
3139 1997 3577 2063 Octavianum
3633 2011 3701 2064 et
3754 2003 4148 2080 Antonium,
4222 2003 4303 2068 ab

314 2084 488 2147 tiene
536 2083 826 2148 Senecae
872 2083 954 2147 ad
1001 2083 1345 2157 Neronem,
1399 2084 1465 2146 in
1511 2084 1806 2147 eratione
1850 2082 2130 2146 Neronis
2177 2079 2258 2145 ad
2366 2084 2652 2146 Amonio
2696 2082 2986 2160 descivit,
3025 2085 3328 2150 navicula
3364 2083 3445 2149 ad
3494 2083 3926 2150 Octavianum
3973 2096 4305 2153 transvec-

314 2167 638 2234 Senecam
675 2191 872 2233 avum
909 2168 1240 2252 appellari,
1293 2169 1547 2233 Alciato
1584 2170 1991 2243 connivente,
2038 2178 2104 2231 et
2138 2169 2257 2230 mi-

312 2257 537 2319 nutias
580 2254 889 2337 quasdam
938 2254 1269 2319 interdum
1313 2263 1742 2320 consectante.

490 2338 799 2439 Cocceios]
848 2342 919 2404 L.
968 2340 1309 2405 Cocceium
1350 2340 1662 2424 intellige,
1708 2340 1816 2422 qui
1862 2339 2042 2421 prius
2087 2360 2259 2403 eom-

312 2428 533 2492 munis
570 2425 846 2492 Octavio
891 2435 959 2490 et
992 2427 1281 2490 Antonio
1325 2428 1587 2503 amiens,
1636 2436 1823 2490 autor
1858 2424 2074 2489 fuerat
2108 2446 2259 2488 con-

314 2512 581 2578 ciliandi
627 2514 801 2575 inter
842 2533 950 2576 ees
995 2511 1289 2577 foederis.

486 2596 803 2683 Duellios]
864 2598 1046 2681 Lego
1106 2597 1409 2671 Deillios,
1471 2597 1650 2663 nulle
1710 2596 2069 2680 exemplari
2122 2597 2256 2659 suf-

313 2686 647 2768 fragante,
686 2683 822 2748 -sed
878 2705 1007 2747 nen
1064 2684 1191 2748 levi
1248 2685 1637 2749 coniectura.
1726 2684 2029 2764 Eumque
2073 2682 2257 2746 Deil-

310 2770 475 2834 lium
532 2792 675 2834 esse
726 2770 1141 2851 interpreter,
1196 2791 1389 2851 quem
1432 2769 1719 2835 Messala
1762 2769 2090 2834 Corvinus
2148 2767 2258 2831 de-

315 2868 630 2921 sertorem
696 2855 1010 2920 bellerum
1070 2855 1361 2920 civilium
1409 2855 1706 2920 vocabat:
1763 2855 1913 2937 quia
1972 2854 2078 2937 (ut
2120 2854 2258 2936 ipse
2363 2857 2465 2920 vis
2512 2856 2817 2921 arbitrari
2863 2855 3138 2921 abusum
3185 2855 3504 2922 Senecam
3553 2857 3822 2921 historia
3880 2857 3962 2921 ad
4021 2859 4310 2941 Augusti

316 2939 573 3007 Seneca
614 2940 721 3005 lib.
766 2942 818 3005 I.
867 2939 1131 3005 Suaser.
1181 2941 1433 3022 scribit)
1480 2964 1517 3004 a
1564 2939 1904 3005 Dolabella
1959 2940 2069 3017 ach
2096 2939 2257 3005 Cas·
2361 2941 2648 3007 laudem.
2739 2943 2840 3006 De
2886 2942 3172 3015 Messala
3227 2950 3453 3006 narrat
3495 2942 3921 3019 Plutarchus,
3971 2964 4159 3025 quem
4217 2946 4309 3007 ait

315 3030 486 3093 sium
534 3028 913 3099 transierat,
964 3028 1129 3090 inita
1184 3029 1480 3110 pactione
1526 3038 1598 3091 ut
1641 3025 2050 3092 Dolabellam
2094 3027 2258 3092 ecci·
2365 3027 2594 3095 Cassio
2639 3028 2834 3093 fuisse
2879 3028 3402 3112 perfamiliarem,
3450 3050 3524 3093 ac
3567 3027 3777 3111 pridie
3810 3051 4001 3113 quam
4033 3029 4305 3095 infelici-

316 3114 515 3179 deret.
608 3114 863 3178 Deinde
928 3136 965 3178 a
1025 3113 1267 3178 Cassio·
1320 3114 1400 3177 ad
1458 3115 1850 3190 Antonium,
1911 3114 2260 3177 novissime
2310 3139 2315 3160 ÷
2365 3125 2466 3179 ter
2521 3121 2884 3198 pugnatum
2943 3124 3042 3179 est
3097 3116 3165 3178 in
3223 3114 3574 3196 Philippis,
3634 3136 3780 3179 cum
3837 3136 3912 3179 eo
3979 3136 4304 3194 coenasse,

315 3202 392 3265 ab
443 3201 732 3265 Antonio
778 3199 860 3263 ad
902 3201 1276 3282 Augustum
1317 3201 1777 3283 transfugerat.
1846 3200 1927 3263 In
1962 3221 2086 3281 que
2121 3199 2260 3264 loco
2365 3223 2571 3283 quum
2613 3201 3041 3283 paucissimos
3081 3223 3164 3265 ex
3209 3201 3577 3265 domesticis
3621 3202 3692 3264 in
3732 3223 3807 3265 ea
3853 3222 4052 3265 coena
4107 3201 4306 3267 habe-

312 3287 595 3351 Deillius
641 3287 782 3350 sine
828 3287 1271 3350 controversia
1304 3286 1563 3370 legitur.
1633 3288 1798 3350 Eius
1836 3307 2087 3368 queque
2123 3306 2259 3349 me·
2365 3295 2482 3354 ret.
2574 3287 2728 3352 Huc
2763 3295 2939 3352 certe
2976 3294 3365 3370 argumente
3401 3297 3516 3364 661,
3554 3287 3624 3350 10
3658 3308 3894 3370 magno
3937 3288 4145 3369 pretio
4191 3288 4308 3351 ha-

314 3375 509 3436 minit
554 3371 950 3436 Plutarchus
1010 3373 1071 3434 fn
1122 3373 1278 3435 Vita
1323 3373 1622 3436 Antonii:
1686 3370 1794 3434 ubi
1854 3382 2075 3435 tamen
2120 3391 2259 3435 eer-
2364 3374 2603 3449 bitum,
2660 3371 2833 3454 qued
2877 3394 3081 3455 quum
3121 3373 3372 3437 Brutus
3427 3395 3465 3437 a
3509 3371 3736 3440 Cassio
3795 3380 4129 3437 exorasset
4185 3373 4306 3438 sibi

314 3470 508 3541 rupte
551 3457 794 3539 legitur
834 3457 1063 3521 Delius
1111 3459 1179 3520 in
1228 3457 1602 3540 vulgaribus
1647 3456 1989 3523 codicibus.
2365 3457 2711 3523 dexterum
2765 3480 3000 3536 cornu,
3061 3456 3321 3523 additus
3376 3469 3476 3523 est
3532 3458 3629 3522 illi
3684 3458 3997 3537 Messala,
4050 3463 4308 3541 partem

497 3545 715 3608 Totam
767 3543 1063 3609 cohortem
1108 3545 1394 3623 primam
1448 3545 1767 3608 interioris
1825 3541 2256 3629 admissionis]
2365 3544 2649 3608 militum
2687 3544 3242 3609 bellicosissimam
3277 3566 3492 3608 seeum
3533 3543 3796 3608 habens.
3888 3545 4127 3610 Postea
4168 3547 4307 3610 Au-

317 3629 508 3710 Quod
568 3629 849 3693 officium
908 3630 1081 3693 inter
1139 3629 1348 3694 aulica
1405 3630 1632 3693 munia
1698 3650 1830 3693 nen
1895 3637 2260 3710 postremae
2366 3640 2556 3713 gusto
2594 3629 3067 3707 1660061116106,
3106 3630 3331 3694 000601
3367 3631 3575 3694 faetus
3610 3639 3725 3708 661,
3772 3640 3838 3694 61
3874 3630 4308 3696 demandante

315 3716 436 3788 fuit
489 3714 856 3799 dignitatis,
915 3724 1233 3796 quantum
1288 3737 1407 3797 ego
1451 3715 1763 3798 intellige.
1856 3712 2032 3779 Sunt
2086 3715 2259 3779 enim
2366 3724 2603 3781 senatu
2638 3718 3012 3798 Augustum
3047 3718 3583 3797 patrem1pat1·iae
3628 3716 3952 3781 salutavit..
4041 3717 4307 3782 Primus
4375 3757 4384 3770 ι

314 3802 419 3866 1611
466 3799 988 3877 admissionaleS,
1034 3803 1141 3883 qui
1191 3799 1372 3865 aditu
1416 3801 1487 3864 in
1529 3800 1899 3866 cubiculum
1992 3801 2260 3883 rincipis
2365 3802 2560 3867 etiam
2604 3800 2789 3865 urbis
2833 3802 3215 3883 praefectus,
3262 3815 3487 3865 autore
3531 3801 3851 3886 Dionysio
3896 3814 3962 3864 et
4003 3803 4307 3866 Eusebio,

314 3887 665 3969 prohibent.
716 3907 876 3968 ques
934 3886 1196 3963 volunt,
1257 3897 1324 3951 et
1421 3908 1536 3950 uos
1591 3886 1822 3950 velunt
1966 3887 2256 3951 mittunt.
2366 3888 2640 3953 Asinius
2681 3907 2865 3964 vere,
2924 3887 3107 3952 cuius
3161 3889 3404 3951 mentio
3463 3889 3538 3950 fit
3594 3909 3632 3950 a
3673 3885 3952 3963 Seneca,
4014 3909 4143 3951 nen
4195 3887 4305 3951 ille

317 3971 742 4056 Lampridius
796 3974 863 4035 in
922 3971 1330 4037 Alexandro:
1445 3973 1806 4036 alutaretur
1866 3992 2020 4036 vero
2076 3973 2258 4053 quasi
2366 3980 2466 4038 est
2508 3972 2750 4050 Pollio,
2809 3973 2920 4054 qui
2976 3972 3221 4037 Iulium
3276 3973 3345 4035 in
3400 3972 3584 4037 bellis
3626 3972 3924 4037 civilibus
3969 3982 4302 4054 sequutu8,

316 4080 488 4124 unus
535 4058 615 4122 de
661 4059 1097 4136 senatoribus,
1155 4067 1421 4140 patente
1468 4059 1640 4133 vele,
1688 4057 2257 4124 admissionalibus
2366 4068 2700 4126 strenuam
2740 4057 2835 4121 illi
2868 4057 3180 4122 adversus
3216 4058 3599 4139 Pompeium
3648 4080 3906 4139 operam
3952 4059 4303 4140 praestitit:

315 4145 611 4221 remotis,
670 4153 785 4208 aut
829 4144 981 4208 selis
1024 4146 1106 4208 iis
1150 4145 1261 4225 qui
1306 4144 1592 4208 ministri
1637 4143 1716 4205 ad
1762 4145 1932 4208 feres
1976 4145 2254 4208 fuerant.
2364 4166 2556 4227 quem
2613 4143 2840 4208 Cicero
2897 4147 2964 4206 in
3020 4142 3297 4226 quadam
3356 4144 3722 4226 Philippica
3780 4144 3952 4206 111161·
4004 4154 4306 4226 portenta

318 4228 673 4296 Suetonius
718 4231 783 4294 in
829 4230 1258 4313 Vespasiano:
1316 4228 1673 4312 Trepidum
1715 4251 1868 4293 eum
1909 4229 2259 4295 interdieta
2365 4233 2723 4296 amicorum
2761 4228 3058 4295 Caesaris
3094 4242 3418 4306 numerat,
3461 4238 3526 4312 et
3569 4249 3717 4292 eum
3761 4248 3889 4310 (1110
3936 4229 4118 4294 velut
4158 4252 4304 4294 cum

316 4313 515 4382 causa
556 4317 677 4381 sub
720 4315 1012 4393 Nerone,
1059 4324 1608 4398 quaerentemque
1648 4315 1960 4398 quidnam
2016 4324 2255 4398 ageret,
2365 4317 2573 4382 amico
2618 4316 2926 4399 primarie
2967 4316 3207 4381 Iulium
3257 4314 3335 4380 de
3382 4314 3761 4379 traiiciendo
3807 4315 4147 4380 Rubicone
4193 4315 4303 4379 de-

319 4412 433 4467 aut
473 4424 599 4485 que
645 4401 871 4474 abiret,
913 4402 1179 4484 quidam
1225 4424 1307 4467 ex
1353 4403 1561 4467 officie
1609 4401 2019 4486 admissionis
2063 4402 2257 4466 simul
2364 4404 2674 4467 liberasse
2709 4401 2992 4466 affirmat
3026 4401 3462 4485 Tranquillus,
3501 4409 3568 4464 et
3601 4401 3713 4482 qui
3750 4412 3974 4482 postea
4007 4403 4306 4484 Auguste

320 4489 686 4570 expellens,
754 4488 1165 4552 Morbouiam
1230 4490 1409 4553 abire
1467 4488 1762 4552 iusserat.
1852 4487 1944 4552 Iis
2003 4498 2259 4570 praeest
2365 4488 2719 4571 opitulatus
2766 4499 2865 4553 est
2907 4490 2975 4551 in
3022 4485 3403 4553 debellando
3450 4485 3605 4551 Sex.
3650 4487 3980 4570 Pompeie,
4030 4497 4104 4551 ut
4149 4488 4305 4553 6611-

286 4572 631 4657 'magister
691 4571 1189 4652 admissionum,
1257 4576 1442 4639 euius
1508 4574 1810 4638 meminit
1874 4575 2260 4639 Ammianus
2366 4575 2464 4640 bit
2520 4574 2915 4639 Plutarchus
2974 4575 3042 4638 in
3103 4574 3239 4638 vita
3296 4572 3565 4638 Catenis
3635 4573 3981 4638 Uticensis.
4085 4573 4304 4657 Magis

317 4660 744 4724 Marcellinus
802 4659 965 4725 libro
1012 4660 1161 4724 XV.
1253 4660 1594 4724 Eiusmodi
1637 4660 1769 4722 fere
1814 4669 2004 4724 erant
2047 4672 2107 4723 et
2157 4681 2257 4725 16-
2366 4659 2748 4725 crediderim
2808 4668 2924 4723 aut
2978 4659 3280 4725 Asinium
3329 4659 3628 4737 Gallum,
3675 4669 3790 4722 aut
3838 4660 4040 4722 alium
4081 4681 4302 4740 quem·

319 4745 511 4829 gibus
565 4744 1017 4810 Macedonum.
1119 4745 1392 4810 Curtius
1449 4746 1613 4810 libre
1671 4746 1818 4809 v1.:
1883 4744 2260 4810 Ceballinus
2364 4748 2538 4829 piam
2577 4769 2657 4811 ex
2696 4766 2924 4809 eorum
2958 4766 3228 4810 numere
3264 4746 3373 4826 qui
3411 4743 3695 4809 libertati
3741 4744 4106 4810 studebant.
4196 4742 4307 4809 Oi-

317 4840 470 4896 ante
510 4832 901 4896 vestibulum
956 4833 1170 4915 regiae
1223 4834 1462 4914 (neque
1507 4833 1677 4896 60110
1724 4831 1988 4913 propius
2046 4825 2261 4897 adi'tus
2366 4854 2666 4897 cerenem
2721 4831 2826 4894 hie
2878 4833 3080 4896 filium
3138 4832 3457 4914 intellige,
3515 4833 3620 4912 qui
3667 4832 3818 4896 vivo
3862 4830 4076 4894 adhuc
4118 4838 4305 4913 patre

322 4919 384 4981 ei
435 4916 727 5002 patebat)
796 4919 1086 4983 constitit
1152 4918 1496 4999 opperiens
1565 4918 1844 4998 aliquem
1914 4939 1994 4996 ex
2050 4919 2263 4999 prima
2366 4940 2405 4982 a
2448 4920 2658 4983 Bruto
2702 4918 2944 4982 accitus
2989 4925 3090 4982 est
3134 4918 3202 4980 in
3247 4929 3478 4995 castra,
3526 4938 3600 4981 ac
3643 4917 3816 4980 inter
3860 4916 4049 4998 primi
4095 4917 4305 4980 nomi-

319 5004 583 5068 cehorte
648 5004 1031 5080 amicerum,
1097 5024 1223 5084 quo
1288 5002 1809 5068 introduceretur
1870 5001 1950 5067 ad
2016 5025 2256 5087 regem.
2365 5005 2470 5069 016
2508 5004 2701 5069 (111666
2740 5001 3018 5067 habitus.
3085 5002 3298 5068 Multa
3334 5004 3535 5086 gessit
3569 5004 3846 5085 egregie,
3892 5001 4103 5081 inquit
4142 5002 4306 5066 Plu-

321 5090 416 5153 Et
464 5089 631 5154 libro
684 5090 874 5154 VIII.
934 5090 1092 5155 dicit
1149 5087 1582 5153 nobilissimos
1641 5091 1912 5153 iuvenes
1956 5090 2260 5154 Macedo·
2367 5090 2634 5154 tarchus
2671 5089 2737 5151 in
2761 5087 2919 5151 Vita
2954 5090 3165 5154 Bruti.
3234 5089 3470 5154 Caium
3505 5090 3701 5152 etiam
3737 5088 4096 5151 Antonium
4134 5092 4306 5153 circa

321 5196 483 5251 num
525 5176 736 5240 solere
781 5176 1056 5241 describi
1102 5175 1170 5239 in
1215 5194 1358 5239 eam
1404 5174 1765 5253 eohortem,
1823 5175 1934 5256 qui
1981 5179 2259 5240 semina·¹
2367 5174 2699 5258 Byllidem
2745 5175 2993 5255 praelio
3030 5176 3282 5239 devicit.
3351 5175 3666 5239 Militavit
3707 5183 3933 5256 postea
3955 5172 4031 5235 ’10
4078 5175 4306 5238 castris

322 5262 492 5325 rium
535 5270 722 5326 erant
772 5261 1039 5338 ducum,
1086 5260 1703 5343 praefectorumque.
1795 5261 1984 5341 Quod
2044 5269 2261 5326 601610
2369 5261 2521 5326 Sex.
2585 5261 2898 5341 Pompeii.
2987 5262 3118 5327 Ubi
3174 5262 3443 5327 victoria
3500 5261 3741 5341 petitus
3795 5266 3895 5323 est
3943 5259 4303 5342 AugustuS,

323 5346 519 5424 addit,
565 5347 900 5428 interioria
944 5348 1280 5431 epitheton
1324 5346 1479 5411 facit
1514 5345 1594 5409 ad
1632 5346 1991 5429 emphasin.
2053 5349 2262 5414 Tran-
2369 5369 2545 5424 eum,
2594 5365 2720 5428 quo
2762 5367 2830 5411 66
2876 5367 2915 5410 6
2969 5347 3331 5431 proditione
3385 5344 3719 5411 Ciceronis
3764 5354 4132 5430 excusaret,
4194 5345 4306 5408 be-
4363 5354 4376 5359 “

536 5451 750 5503 Cal-vim
780 5447 962 5514 obera.
1030 5451 1137 5504 Vol.
1166 5451 1247 5504 ·V.
2437 5449 2455 5474 χ
3874 5446 3906 5498 6

2365 2182 2485 2233 tus.
2579 2174 2860 2233 Autores
2894 2169 3288 2235 Plutarchus
3325 2172 3392 2234 in
3431 2172 3739 2249 Antonie,
3778 2184 3844 2235 et
3887 2174 4306 2256 Tranquillus

2363 2255 2433 2319 iu
2479 2255 2760 2319 Nerone.
2851 2256 3104 2320 Verum
3150 2256 3424 2320 alterum
3473 2258 3636 2321 ferte
3683 2257 3791 2321 hic
3835 2258 4133 2342 designat
4188 2258 4308 2325 Se-

2364 2361 2542 2404 neca.
2636 2340 2864 2423 Neque
2910 2343 3082 2405 enim
3127 2343 3556 2407 beneficentia
3600 2344 3890 2426 Augusti
3935 2345 4001 2407 in
4048 2346 4309 2410 civitate

2365 2426 2604 2503 floruit,
2644 2427 2794 2508 quia
2838 2449 2970 2491 nen
3010 2427 3090 2491 ab
3135 2429 3455 2512 Auguste,
3503 2428 3614 2493 sed
3661 2430 3740 2493 ab
3787 2431 4074 2495 Antonio
4117 2431 4188 2495 10
4233 2433 4309 2495 fi-

2365 2511 2511 2576 dem
2570 2520 2900 2595 aceeptus,
2947 2534 3159 2596 neque
3216 2513 3482 2578 humilis
3537 2524 3651 2577 aut
3693 2515 4001 2596 supplex,
4050 2516 4162 2581 sed
4208 2518 4308 2581 in-

2366 2599 2581 2680 gentis
2621 2598 2836 2662 meriti
2882 2599 3048 2677 loce,
3093 2608 3167 2663 ut
3210 2601 3320 2681 qui
3365 2599 3669 2682 reliquias
3712 2600 3865 2665 belli
3912 2603 4164 2685 magnis
4210 2604 4309 2667 vi-

2364 2683 2543 2749 ribus
2600 2694 2966 2765 repararet,
3013 2693 3079 2749 ct
3131 2686 3325 2768 paule
3378 2694 3524 2767 pest
3567 2708 3758 2767 quam
3806 2686 3900 2771 ad,
3933 2688 4307 2769 Augustum

2363 2771 2717 2851 transfugit
2774 2770 2997 2836 relicte
3055 2772 3370 2847 Antonie,
3419 2772 3557 2834 vita
3601 2771 3889 2837 decessit.
3980 2773 4123 2837 Nisi
4168 2794 4306 2836 ma-

2308 4537 2315 5072 Μ
