5100 6061
742 421 990 490 XXIV
1020 412 1025 421 Γ
1915 415 2457 486 ΤΒΑΟΤΑΤΠΒ
2503 415 3088 485 THEOLOGIGI
3131 416 3575 485 MINORES.

2697 813 2780 877 V.

1988 981 2493 1049 EDITIONES
2539 983 2952 1049 LA'I'INAE
2998 982 3496 1049 ITERATAE.·

1055 1176 1268 1240 Bezae
1310 1171 1603 1237 collectio
1645 1171 1855 1236 latina
1895 1170 2046 1255 plus
2089 1171 2290 1237 semel
2335 1178 2484 1254 post
2520 1171 2767 1254 primas
2809 1170 3076 1238 editoris
3135 1193 3325 1238 curas
3362 1172 3544 1256 prelo
3586 1172 3875 1237 subiecta
3917 1179 4020 1238 est
4061 1172 4305 1257 absque
4348 1175 4530 1240 omni
4569 1176 4748 1244 viro-

746 1311 898 1356 rum
939 1288 1276 1354 doctorum
1317 1282 1759 1367 recognitione
1774 1334 1790 1361 ,
1857 1283 1954 1346 ita
2006 1289 2081 1346 ut
2134 1281 2624 1349 emendationes
2666 1284 2915 1366 pariter
2961 1305 3037 1349 ac
3079 1283 3320 1349 menda
3361 1283 3598 1363 omnia,
3654 1302 4076 1368 quaecunque
4118 1285 4285 1351 citra
4328 1286 4747 1355 autoritatem

746 1400 1106 1468 editionum
1142 1396 1510 1479 principum
1553 1402 1621 1458 et
1663 1392 2193 1459 authenticarum
2237 1395 2303 1457 in
2350 1401 2609 1459 textum
2652 1415 2822 1459 anno
2869 1398 3031 1459 1576
3079 1395 3461 1479 evulgatum
3515 1395 3940 1478 irrepserant,
3995 1395 4069 1460 in
4121 1397 4543 1480 sequentibus
4602 1420 4744 1465 861--

742 1519 901 1580 vata
942 1512 1091 1578 sint.
1180 1507 1530 1573 Pertinent
1572 1506 1705 1571 huc
4223 1514 4234 1519 -

2048 1696 2095 1749 Ι.
2163 1694 2412 1749 EDITIO
2448 1693 3042 1750 SANTANDREANA
3077 1694 3428 1751 SECUNDA.

1045 1834 1431 1902 IoANms
1471 1834 1480 1917 ι
1521 1820 2027 1904 GALVINI
2082 1818 2093 1923 Ι
2149 1831 2697 1898 TRAGTA'PVS
2757 1830 3041 1899 mno-
3066 1834 3075 1914 ι
3102 1830 3429 1898 Loe101
3484 1829 3833 1911 omns,
3892 1833 3994 1898 IN
4045 1834 4054 1916 ι
4105 1842 4318 1899 vm
4381 1843 4746 1903 vonviffiu

739 1959 997 2017 OERTIS
1034 1947 1046 2036 Ι
1086 1945 1398 2014 classibus
1441 1946 1758 2029 congesti:
1803 1944 1811 2029 Ι
1857 1942 2109 2025 QVOR
2124 1942 2270 2009 VM
2300 1943 2533 2025 ALIQ
2547 1943 2655 2008 VI
2692 1943 2883 2009 NEC
2921 1942 3295 2008 LATINE
3326 1944 3335 2027 Ι
3373 1963 3479 2009 nec
3525 1943 3765 2009 Gallice
3797 1945 3991 2026 prius
4032 1945 4184 2010 editi
4222 1945 4491 2027 fuerunt.
4531 1946 4543 2032 Ι
4581 1948 4743 2013 AL-

742 2062 994 2129 TERA
1036 2056 1382 2136 EDITIO,
1426 2054 2078 2134 ΕΜΕΝΒΑΤΙΟΒ,
2140 2054 2303 2121 CVI
2355 2055 2363 2140 Ι
2413 2064 2929 2121 Accssssnavm
2972 2065 3303 2119 EIVSDEM
3349 2065 3644 2120 cALvm
3687 2065 3768 2121 m
3813 2064 3823 2131 ι
3874 2056 4073 2122 libros
4118 2054 4409 2124 Senecae
4466 2057 4548 2123 de
4589 2057 4740 2125 Ole-

738 2173 989 2240 mentia
1041 2170 1051 2259 Ι
1100 2168 1588 2237 commentarii.
1632 2167 1641 2251 Ι
1682 2175 2037 2240 (Emblaema.)
2127 2166 2604 2245 GENEVAE,
2644 2166 2656 2251 Ι
2694 2153 2960 2267 Apud
3005 2155 3368 2237 Petrum
3410 2154 4161 2238 Santandreanum.
4219 2162 4230 2266 Ι
4284 2179 4360 2233 Μ.
4408 2179 4474 2233 D.
4522 2178 4740 2235 xcvn.

1052 2281 1299 2347 Forma
1340 2279 1661 2358 maxima,
1708 2280 1851 2363 typi
1890 2279 2113 2343 minus
2157 2277 2467 2363 grandes,
2513 2286 2736 2344 textus
2779 2280 2949 2344 binis
2992 2279 3312 2345 columnis
3354 2279 3737 2362 exscriptus.
3824 2278 4168 2345 Emblema
4209 2278 4384 2345 idem
4428 2286 4623 2364 atque
4665 2281 4740 2346 in

739 2396 954 2480 prima
995 2393 1281 2459 editione
1325 2390 1441 2458 sed
1486 2392 1719 2474 figuris
1761 2389 2125 2456 minoribus
2168 2410 2552 2472 expressum
2595 2400 2661 2456 et
2704 2390 2848 2456 aliis
2898 2392 3299 2456 ornamentis
3351 2390 3845 2457 circumdatum.
3934 2390 4206 2456 Accedit
4248 2391 4448 2457 etiam
4491 2414 4740 2460 novum

740 2507 1075 2592 adagium:
1122 2504 1572 2572 VERITATI
1616 2503 1924 2570 OMNIA
1962 2501 2355 2567 OEDVNT.
2445 2502 2686 2567 'Pernio
2736 2501 3218 2585 praeliminaris
3270 2509 3531 2586 praeter
3572 2502 3837 2567 titulum
3889 2502 4090 2568 habet
4127 2502 4343 2568 Bezae
4387 2503 4741 2571 dedicatio-

739 2639 898 2684 nem
950 2626 1017 2683 et
1068 2617 1365 2683 Indicem
1418 2617 1864 2682 Tractatuum.
1955 2612 2214 2697 Corpus
2270 2612 2420 2678 libri
2471 2612 2829 2679 absolvitur
2885 2614 3290 2679 ternionibus
3347 2615 3678 2697 octoginta
3734 2619 4013 2696 quatuor
4069 2613 4302 2697 (A-Z
4312 2638 4330 2695 ς
4384 2615 4738 2696 ΑΑ-ΖΖ;

742 2729 1176 2809 AAa—zzae
1220 2727 1753 2812 AAaa—PPpp)
1797 2744 2071 2809 quorum
2116 2724 2388 2789 ultimus
2431 2746 2564 2789 non
2607 2726 2863 2809 integer
2906 2734 3024 2805 est,
3069 2725 3326 2809 paginis
3376 2729 3559 2790 1003.
3871 2812 3880 2815 ¹

1048 2839 1526 2923 Commentarii
1566 2840 1642 2903 in
1685 2836 2041 2916 Senecam,
2095 2844 2171 2900 ut
2225 2836 2298 2900 in
2340 2836 2560 2920 priore
2614 2835 2925 2915 editione,
2987 2836 3231 2902 habent
3283 2858 3473 2901 suum
3531 2838 3871 2920 proprium
3927 2837 4224 2917 titulum,
4280 2844 4540 2922 praeter
4583 2839 4744 2903 anni

739 2961 966 3020 notam
1008 2959 1078 3017 et
1118 2952 1443 3017 minorem
1488 2949 1896 3045 emblematis
1937 2948 2214 3013 formam
2257 2948 2319 3012 ei
2362 2947 2774 3013 simillimum
2830 2929 3025 3032 q⁸uem
3076 2949 3206 3012 iam
3262 2947 3742 3033 descripsimus.
3833 2949 4084 3014 'sextus
4143 2948 4505 3015 absolvitur
4545 2951 4741 3034 quin-

739 3089 865 3152 que
908 3065 1314 3132 ternionibus
1357 3071 1428 3130 et
1468 3084 1600 3128 uno
1645 3061 2074 3147 quaternione
2117 3059 2329 3144 (a—i')
2373 3059 2632 3143 paginis
2681 3064 2778 3125 75.

2226 3235 2227 3238 ‘
2312 3256 2379 3311 11„
2448 3256 2698 3313 nnmo
2734 3255 3162 3313 sroEmANA.

1050 3398 1255 3463 Tituli
1296 3398 1494 3462 facies
1527 3395 1723 3479 plane
1765 3394 1994 3461 eadem
2028 3414 2103 3460 ac
2144 3395 2613 3478 praecedentis,
2655 3395 2752 3461 ita
2785 3402 2862 3460 ut
2896 3396 3290 3462 verbotenus
3325 3418 3476 3461 eum
3508 3396 3751 3461 iterum
3787 3395 4139 3480 depingere
4174 3415 4741 3479 supervacaneum

741 3513 1078 3578 ducamus.
1144 3508 1370 3574 Tertia
1408 3515 1629 3572 tamen
1675 3506 1872 3572 editio
1916 3506 2155 3572 dicitur
2194 3514 2261 3572 et
2301 3506 2586 3572 indicem
2626 3508 2964 3590 promittit.
3043 3506 3301 3573 Prodiit
3334 3506 3649 3575 Genevae
3692 3528 3776 3572 ex
3817 3506 4257 3592 typographia
4288 3507 4510 3575 Iacobi
4544 3507 4743 3575 Stoer

742 3620 1077 3700 MDOXI,
1120 3621 1333 3685 forma
1369 3620 1661 3684 maxima
1702 3626 1781 3682 ut
1822 3627 2135 3684 caeterae.
2179 3616 2529 3703 Emblema
2571 3619 2867 3686 officinae
2913 3640 2997 3685 ex
3027 3619 3153 3702 Ep.
3181 3619 3232 3684 Ι.
3280 3617 3364 3684 ad
3398 3618 3776 3685 Corinthios
3818 3618 3903 3702 (c.
3943 3622 3999 3683 3.
4039 3640 4102 3683 v.
4144 3622 4212 3703 7)
4255 3618 4538 3701 petitum
4570 3620 4743 3686 illud

744 3736 964 3818 ipsum
1008 3741 1111 3798 est
1153 3753 1279 3815 quo
1332 3732 1487 3797 olim
1538 3752 1697 3796 usus
1749 3730 1964 3795 fuerat
2007 3730 2295 3796 Thomas
2340 3728 2672 3796 Oourteau
2686 3782 2702 3809 ,
2760 3740 2827 3796 et
2869 3731 3041 3814 quod
3091 3730 3548 3815 descripsimus
3600 3733 3672 3795 in
3724 3729 4201 3814 prolegomenis
4235 3730 4385 3796 Vol.
4421 3731 4549 3796 III.
4586 3751 4738 3815 pag.

738 3845 1002 3912 XLIII.
1089 3846 1252 3910 Post
1306 3844 1672 3909 ternionem
1724 3842 2253 3925 praeliminarem
2309 3840 2403 3925 (ἢ
2455 3841 2737 3907 habetur
2777 3841 2990 3907 Index
3044 3863 3266 3908 rerum
3323 3849 3604 3927 quatuor
3644 3842 3815 3908 foliis
3868 3841 4201 3908 absolutus
4258 3842 4404 3927 (¹²¹³).
4495 3843 4740 3909 Textui

737 3958 867 4042 ipsi
907 3957 1287 4022 tribuuntur
1324 3955 1657 4020 terniones
1701 3955 2118 4038 septuaginta
2160 3954 2288 4018 duo
2334 3951 2598 4037 (A—-Z;
2642 3954 2950 4033 Aa—-Zz;
2994 3954 3377 4034 Aaa—-Zzz;
3422 3952 3907 4038 Ama—Oeen),
3953 3953 4231 4037 paginae
4275 3958 4399 4018 864
4440 3955 4513 4018 in
4545 3954 4738 4020 binas

739 4069 1076 4134 columnas
1120 4066 1385 4134 divisae.
1475 4066 1703 4130 Etiam
1747 4065 1852 4130 hic
1894 4065 2343 4131 commentarii
2389 4066 2460 4129 in
2501 4063 2822 4132 Senecam
2865 4065 3241 4148 appendicis
3281 4065 3422 4130 loco
3464 4065 3747 4131 veniunt
3788 4064 3981 4130 titulo
4025 4065 4289 4148 speciali
4321 4065 4556 4145 ornati,
4601 4071 4738 4131 ter-

741 4178 1048 4244 nionibus
1091 4180 1375 4262 quinque
1419 4198 1569 4243 cum
1612 4174 1881 4241 dimidio
1922 4177 2133 4261 (ει-ἱ)
2176 4177 2434 4261 paginis
2478 4179 2576 4241 66.
3202 4182 3208 4188 ’

1050 4290 1343 4354 Exstant
1385 4288 1582 4354 huius
1628 4286 1934 4352 editionis
1977 4287 2378 4376 exemplaria
2419 4287 2632 4370 quoad
2675 4287 2943 4353 titulum
2994 4289 3282 4371 primum
3321 4288 3591 4354 variata.
3681 4288 3834 4370 Ipse
3888 4288 4067 4353 enim
4120 4287 4418 4355 Stoerius
4476 4288 4743 4372 quibus·
4851 4317 4856 4322 “

744 4399 898 4465 dam
953 4401 1110 4463 anni
1165 4400 1257 4464 M.
1303 4399 1447 4466 Dc.
1492 4399 1654 4465 XII.
1713 4405 1936 4463 notam
1992 4400 2324 4483 praefixit,
2384 4398 2578 4463 simul
2634 4398 3001 4465 Indioem
3065 4421 3339 4465 rerum
3403 4400 4030 4488 praecipuorum
4095 4401 4746 4484 copiosissimum

743 4509 1044 4593 longiore
1085 4510 1366 4574 formula
1406 4511 1479 4575 in
1521 4512 1663 4594 ipsa
1696 4509 1859 4600 ⁸libri
1900 4511 2113 4575 fronte
2155 4510 2518 4593 pollicetur,
2564 4531 2755 4593 quem
2797 4519 2992 4576 antea
3034 4511 3420 4595 simpliciter
3460 4509 3816 4577 Indicem
3870 4511 4143 4577 dixerat.
4230 4511 4417 4578 AJias
4473 4511 4746 4576 omnino

739 4621 909 4688 nihil
952 4619 1027 4684 in
1072 4626 1205 4685 toto
1248 4641 1440 4702 opere
1484 4624 1641 4688 novi
1685 4622 2151 4706 deprehendes.
2239 4622 2481 4688 Paucis
2524 4623 2719 4688 annis
2762 4630 2990 4706 postea
3032 4622 3362 4688 triumviri
3405 4621 3689 4688 Ioannes
3731 4622 4021 4707 Vignon,
4065 4624 4309 4689 Petrus
4354 4630 4422 4688 et
4464 4622 4748 4689 Iacobus

741 4734 1003 4800 Ohouet
1045 4753 1245 4815 quum
1292 4729 1587 4816 Operum
1632 4732 1894 4799 Oalvini
1933 4734 2225 4800 omnium
2264 4752 2497 4817 corpus
2540 4732 3034 4814 meditarentur,
3079 4733 3202 4800 hoe
3247 4734 3674 4799 Tractatuum
3717 4733 4022 4799 volumen
4066 4733 4281 4801 eidem
4322 4734 4748 4816 inserendum

742 4866 878 4911 non
917 4845 1128 4911 denuo
1170 4842 1354 4927 prelo
1398 4844 1828 4925 subiecerunt,
1874 4845 1990 4912 sed
2033 4844 2381 4911 Stoeriana
2423 4845 2849 4928 exemplaria,
2910 4846 3210 4928 quamvis
3261 4846 3436 4930 typis
3494 4845 3855 4910 minoribus
3899 4853 3965 4910 et
4009 4846 4348 4913 vilioribus
4394 4867 4638 4913 excusa
4681 4853 4751 4910 et

744 4957 1020 5022 caeteris
1073 4955 1267 5020 tomis
1323 4975 1559 5037 parum
1615 4955 1882 5037 similia,
1948 4958 2330 5041 simpliciter
2381 4977 2501 5022 sua
2554 4957 2850 5021 fecerunt
2897 4964 2965 5021 et
3013 4977 3133 5038 pro
3189 4957 3377 5022 novis
3430 4955 3885 5026 vendiderunt.
3976 4955 4276 5038 Quorum
4327 4957 4562 5023 titulus
4614 4964 4747 5023 est:

742 5065 1150 5133 Iohannis
1194 5066 1519 5133 Calvini
1563 5086 1902 5149 operum
1959 5070 2311 5135 omnium
2365 5067 3018 5151 theologicorum
3070 5075 3336 5132 tomus
3388 5068 3794 5152 septimus
3851 5069 4293 5135 continens
4345 5075 4752 5136 tractatus

742 5175 1259 5261 theologicos
1301 5199 1571 5243 omnes
1610 5179 1692 5243 in
1735 5201 1972 5245 unum
2016 5180 2386 5247 volumen
2442 5181 2700 5247 certis
2758 5178 3175 5244 classibus
3229 5187 3662 5264 congestos
3719 5186 3908 5246 caett.
3996 5179 4436 5246 Postrema
4488 5180 4751 5246 editio

740 5294 934 5354 caett.
994 5287 1424 5356 MDOXVII.
1512 5290 1860 5357 Emblema
1922 5292 2220 5358 officinae
2284 5301 2388 5358 est
2452 5291 2741 5359 anchora
2801 5312 2946 5356 cum
3016 5297 3320 5374 serpente
3381 5313 3581 5376 quam
3646 5291 3816 5357 duae
3876 5309 4111 5357 manus
4167 5293 4496 5357 sustinent
4547 5313 4762 5376 supra
