5100 6061
604 442 853 509 Lvm
1786 438 2331 507 raAcrAros
2377 436 2963 504 THEOLOGIOI
3007 434 3452 504 monas.
3545 420 3548 425 ’

928 631 1354 711 Melanthon,
1400 632 1579 695 inter
1625 630 2101 713 colloquutores
2141 627 2560 710 praecipuus,
2619 624 2848 692 edidit:
2893 625 3060 691 Acta
3104 627 3174 690 in
3224 630 3521 690 conventa
3569 624 4011 690 Rati-soonensi
4055 626 4430 690 continentia
4473 645 4634 707 quae

609 748 962 826 sequantwr
1004 752 1191 809 caett.
1285 742 1675 823 Impressum
1724 739 2195 821 Wittemberyae
2227 759 2353 821 per
2398 738 2740 820 Iosephum
2785 737 2864 803 K
2869 737 2989 821 laq.
3028 737 3122 802 M.
3159 737 3246 803 D.
3288 735 3479 802 XLI.
3566 736 3897 803 Praefatio
3948 734 4032 800 ad
4081 738 4269 820 pium
4323 736 4631 802 lectorem

618 856 775 921 data
819 863 921 921 est
964 857 1136 921 circa
1180 853 1239 919 d.
1288 862 1593 937 quartam
1640 851 1962 918 Octobris,
2029 850 2478 917 Inveniuntur
2521 850 2749 916 eadem
2791 850 2956 916 haec
2997 849 3171 915 Acta
3211 850 3282 913 in
3320 849 3628 932 operibus
3662 848 4113 913 Melanthonis
4147 855 4422 914 curante
4454 848 4633 914 Peu-

615 988 767 1033 cero
810 965 1315 1049 Wittenbergae
1368 963 1558 1030 editis
1604 965 1786 1029 Tom.
1833 962 1955 1029 IV.
2013 985 2076 1047 p.
2128 965 2251 1026 729
2298 981 2471 1044 seqq.
2561 960 3158 1037 Bretschneiderus
3208 962 3281 1025 in
3337 958 3586 1025 edendo
3641 958 3932 1042 Corpore
3973 959 4510 1026 Reformatorum
4549 959 4633 1025 il-

612 1078 1053 1143 lustrissimus
1107 1085 1330 1142 noster
1383 1074 1709 1155 decessor,
1777 1075 1941 1140 haec
1997 1075 2171 1140 Acta
2235 1073 2599 1139 secundum
2657 1080 3028 1158 temporum
3083 1071 3381 1138 ordinem
3435 1072 3642 1136 Tomo
3685 1070 3806 1136 IV.
3862 1091 4135 1153 operum
4186 1072 4631 1138 Melanthonis

615 1189 863 1272 passim
907 1210 1024 1254 suo
1067 1188 1208 1254 loco
1250 1187 1545 1253 inseruit.
1800 1254 1807 1267 ,

926 1300 1208 1364 Ioannes
1247 1299 1517 1378 Eckius,
1563 1297 1802 1364 tertius
1847 1296 2369 1380 colloquutorum
2426 1292 2892 1362 catholicorum
2909 1349 2925 1376 ,
2979 1296 3094 1380 qui
3146 1296 3312 1361 febri
3364 1299 3702 1378 correptus
3758 1295 3841 1360 ab
3897 1295 4041 1378 ipso
4090 1294 4396 1378 colloquii
4448 1295 4632 1361 initio
4749 1322 4754 1325 ²

614 1412 789 1477 nulli
831 1411 1071 1476 actioni
1114 1410 1342 1476 adesse
1381 1411 1626 1493 potuit,
1683 1408 1994 1493 pleraque
2042 1406 2433 1473 documenta
2492 1406 2576 1472 ad
2629 1406 2805 1475 hanc
2856 1408 3376 1493 ratisponensem
3431 1404 3841 1471 concordiam
3891 1406 4290 1489 pertinentia
4337 1408 4632 1489 sequenti

613 1543 788 1587 anno
832 1520 1036 1587 edidit
1076 1521 1201 1586 hac
1245 1543 1362 1587 suo
1400 1522 1568 1586 libro
1618 1521 1792 1584 facta
1822 1518 2274 1601 inscriptione:
2319 1518 2634 1601 Apozoyia
2678 1539 2800 1601 pro
2848 1518 3413 1586 Reverendissimis
3448 1522 3504 1582 ct
3536 1513 4007 1583 mustrissimis
4056 1518 4470 1599 Principibus
4511 1516 4631 1584 Ga-

617 1634 860 1699 molinis
899 1654 973 1697 ac
1012 1633 1166 1698 aliis
1208 1634 1534 1698 ordinibus
1558 1631 1832 1712 Imperii
1876 1630 2177 1695 adversus
2217 1650 2495 1695 mucores
2548 1636 2606 1695 et
2659 1632 3011 1696 calumnias
3055 1629 3294 1695 Buceri
3335 1648 3525 1709 super
3568 1629 3724 1695 actis
3771 1627 4179 1695 Comitioram
4224 1629 4627 1710 Ratisponae.

615 1745 933 1828 Apoloyia
972 1765 1097 1828 pro
1145 1744 1686 1829 Reverendissimo
1745 1742 1946 1823 Sedis}
1986 1741 2383 1822 Apostolicae.
2425 1742 2661 1826 Leyato
2731 1747 2786 1806 et
2862 1742 3185 1808 cardinali
3243 1738 3524 1823 Caspare
3572 1738 3929 1805 Centareno.
4033 1738 4125 1805 Io.
4162 1740 4355 1807 Eckio
4398 1746 4631 1807 auto-re.

623 1855 912 1922 Coloniae
956 1855 1051 1920 M.
1088 1856 1173 1920 D.
1222 1853 1457 1918 XLII.
1493 1874 1701 1919 mense
1743 1852 1946 1918 Maio.

922 1968 1106 2031 Ante
1149 1966 1397 2048 aliquot
1440 1985 1649 2030 annos
1694 1964 1970 2030 Carolus
2015 1964 2401 2029 Theodorus
2449 1965 2772 2049 Hergang
2829 1963 3071 2029 librum
3130 1963 3335 2029 edidit
3377 1962 3458 2030 de
3501 1964 3821 2047 colloquio
3865 1965 4302 2047 ratisponensi
4341 1965 4630 2049 peculia?

510 2098 515 2107 ·
615 2080 778 2143 riter
820 2084 1216 2143 tractantem
1262 2084 1330 2140 et
1373 2077 1723 2160 praecipua
1782 2076 2172 2142 documenta
2219 2083 2356 2140 tam
2412 2077 2620 2141 latine
2675 2098 2871 2160 quam
2925 2077 3302 2159 germanice
3359 2082 3670 2159 concepta
3726 2075 4175 2154 exhibentem,
4232 2078 4356 2143 hoc
4410 2077 4626 2142 titulo:

617 2190 765 2256 Das
808 2187 1489 2271 Reliqions-Gesprdch
1513 2198 1615 2253 ‘zu
1657 2187 2058 2271 Reqcnsbury
2102 2188 2191 2252 im
2213 2186 2415 2253 Jahre
2464 2192 2647 2252 1541
2689 2188 2823 2252 und
2864 2189 2984 2254 das
3028 2187 3496 2272 Reyensbwryer
3515 2187 3719 2267 Buch,
3763 2187 3939 2253 nebst
3979 2188 4220 2253 andern
4261 2189 4510 2270 darauf
4540 2188 4633 2253 be-

617 2300 944 2385 zilylichen
994 2298 1306 2381 Schriften
1334 2301 1517 2380 ⁴jener
1561 2299 1715 2363 Zea.
1810 2296 2030 2363 Caesel
2078 2303 2262 2363 1858.
2352 2302 2410 2363 8.

926 2411 1096 2476 Acta
1136 2410 1341 2474 latina
1384 2410 1627 2476 Buceri
1666 2410 1919 2475 incuria
1948 2409 2245 2492 -quadam
2288 2410 2590 2476 laborant
2624 2416 2690 2474 et
2722 2411 3156 2475 tumultuarie
3190 2410 3557 2494 conscripta
3591 2408 3903 2476 videntur
3938 2419 4006 2476 et
4038 2412 4385 2494 publicata.
4450 2409 4631 2476 Ordo

616 2523 798 2588 enim
844 2530 1210 2605 temporum
1256 2522 1439 2586 nullo
1482 2522 1677 2587 modo
1720 2523 2108 2587 observatus
2153 2530 2254 2586 est
2296 2530 2363 2587 et
2405 2522 2622 2586 multa
2663 2521 3139 2588 desiderantur.
3230 2522 3630 2589 Germanica
3673 2521 3868 2587 editio
3911 2524 4117 2588 multo
4163 2524 4524 2591 accuratior
4567 2530 4634 2587 et

612 2635 865 2699 auctior
904 2641 1291 2716 perpetuam
1335 2633 1604 2698 exhibet
1647 2633 2025 2698 historicam
2070 2633 2555 2698 enarrationem
2613 2654 2843 2698 earum
2900 2656 3122 2698 rerum
3168 2655 3332 2717 quae
3373 2642 3521 2718 post
3561 2636 4157 2718 praesentationem
4219 2636 4632 2701 uniuscuius-

614 2768 744 2828 quc
787 2746 1013 2828 scripti
1060 2751 1176 2809 aut
1218 2742 1575 2809 deliberata
1631 2751 1745 2808 aut
1798 2751 2130 2810 transacta
2183 2752 2355 2809 sunt.
2444 2747 2618 2811 Acta
2659 2745 3113 2810 Melanthonis
3170 2745 3381 2809 multo
3435 2747 3743 2829 pauciora
3795 2746 4138 2811 continent
4178 2768 4376 2830 quam
4418 2748 4631 2813 Buce-

612 2858 818 2937 riana,
864 2863 931 2921 et
972 2858 1218 2939 passim
1263 2857 1482 2922 varias
1527 2856 1774 2922 habent
1816 2855 2147 2939 lectiones,
2195 2854 2310 2921 sed
2354 2877 2466 2921 eas
2508 2857 2701 2939 parvi
2743 2857 3129 2940 plerumque
3174 2858 3504 2922 momenti.
3572 2856 3771 2922 Eckii
3810 2857 4140 2942 Apologia
4182 2860 4494 2924 refutatio
4531 2865 4633 2924 est

613 2989 848 3036 eorum
908 2988 1074 3051 quae
1119 2969 1418 3035 Bucerus
1475 2967 1611 3034 suis
1655 2966 1843 3033 Actis
1900 2966 2249 3034 admiscuit
2302 2975 2618 3051 tanquam
2674 2969 3158 3052 pontificiorum
3217 2988 3582 3035 censuram.
3675 2966 3868 3050 Quod
3923 2968 4005 3035 ad
4060 2970 4449 3037 documenta
4490 2971 4633 3054 ipsa

614 3082 871 3159 attinet,
918 3087 1178 3146 textum
1222 3079 1419 3145 habet
1463 3100 1615 3146 cum
1655 3079 2030 3145 Buceriano
2071 3079 2208 3144 fere
2254 3080 2556 3146 omnibus
2599 3082 2670 3145 in
2712 3082 3008 3164 partibus
3052 3082 3254 3147 verbo
3299 3089 3492 3145 tenus
3536 3102 3909 3147 consonum.

924 3192 1096 3257 Acta
1140 3190 1403 3256 Calvini
1448 3191 1684 3275 gallica
1728 3210 1897 3272 quae
1940 3210 2121 3254 nunc
2163 3191 2457 3274 primum
2501 3214 2619 3257 suo
2662 3192 2802 3259 loco
2844 3194 3022 3258 inter
3066 3193 3205 3258 eius
3261 3213 3459 3275 opera
3512 3192 3882 3277 theologica
3933 3194 4371 3273 restituimus,
4429 3215 4629 3277 quum

611 3311 682 3370 et
729 3303 1064 3369 Grallasius
1107 3309 1175 3366 et
1216 3304 1394 3367 Beza
1436 3325 1514 3367 ea
1557 3303 1824 3367 omnino
1867 3302 2301 3384 neglexerint,
2348 3309 2605 3368 textum
2637 3304 2881 3371 Buceri
2925 3304 3205 3369 latinum
3246 3312 3626 3387 sequuntur,
3674 3304 3887 3369 solum
3931 3305 4177 3371 scilicet
4220 3327 4417 3389 quem
4461 3306 4628 3370 Nos-

612 3422 718 3480 ter
772 3417 843 3478 in
898 3415 1204 3479 manibus
1259 3413 1502 3479 habere
1555 3413 1786 3496 potuit.
1889 3410 2025 3479 Sed
2081 3433 2240 3478 cave
2298 3413 2541 3504 nudam
2587 3416 2944 3482 Buceriani
2999 3416 3149 3481 libri
3193 3417 3566 3482 versionem
3624 3417 3796 3482 hano
3850 3437 3992 3482 esse
4045 3416 4163 3481 tibi
4218 3417 4629 3501 persuadeas.
4695 3499 4698 3502 Δ

612 3525 955 3592 Nonnulla
997 3525 1174 3589 enim
1217 3525 1478 3603 omittit,
1525 3525 1656 3590 alia
1699 3545 1835 3588 non
1878 3545 2085 3608 pauca
2126 3525 2510 3608 compendio
2554 3526 2788 3607 reddit,
2834 3529 3323 3602 exhortationes
3360 3527 3683 3606 videlicet,
3727 3548 4037 3593 censuras
4073 3535 4139 3593 et
4174 3529 4628 3609 refutationes;

556 3723 563 3740 ι
611 3637 860 3720 passim
905 3637 1104 3700 etiam
1150 3657 1186 3699 e
1230 3657 1348 3700 suo
1391 3657 1569 3719 penu
1611 3656 1834 3700 rerum
1878 3637 2411 3702 narratiunculas
2455 3637 2669 3718 addit,
2716 3647 2783 3703 et
2823 3640 2918 3706 sic
2955 3640 3202 3705 librum
3243 3661 3402 3705 vere
3456 3661 3707 3706 novum
3764 3647 3830 3703 et
3885 3641 4224 3723 proprium
4278 3640 4630 3706 lectoribus

613 3748 825 3814 offert.
917 3746 1105 3827 Quae
1151 3746 1230 3812 de
1275 3747 1552 3831 singulis
1596 3748 1753 3813 locis
1800 3755 1868 3812 et
1910 3747 2208 3830 partibus
2254 3746 2528 3815 dicenda
2575 3757 2746 3829 sunt,
2794 3772 2871 3815 ea
2915 3750 2996 3815 ad
3037 3752 3266 3834 ipsum*
3300 3758 3555 3817 textum
3600 3759 3917 3817 annotata
3958 3752 4266 3836 reperies.

925 3859 1155 3925 Unum
1209 3867 1505 3942 superest
1560 3858 1735 3942 quod
1788 3879 2201 3924 moneamus:
2266 3861 2590 3926 Actorum
2642 3870 3018 3928 nostrorum
3077 3863 3463 3946 gallicorum
3520 3863 3921 3946 exemplaria
3975 3863 4315 3929 rarissima
4368 3884 4510 3929 esse
4563 3869 4632 3928 et

613 3971 842 4055 paucis
885 3972 1045 4037 visa.
1134 3971 1342 4036 Nobis
1387 3977 1561 4036 certe
1606 3970 1733 4036 duo
1778 3977 2039 4036 tantum
2082 3967 2527 4052 innotuerunt,
2572 3973 2854 4038 alterum
2897 3975 2965 4038 in
3010 3972 3406 4039 bibliotheca
3448 3973 3812 4040 Dresdensi
3856 3981 4292 4054 asservatum,
4351 3974 4632 4040 alterum

612 4103 745 4165 quo
788 4083 913 4165 ipsi
956 4085 1060 4147 usi
1109 4103 1356 4161 sumus,
1405 4084 1730 4148 turicense
1774 4105 1857 4148 ex
1896 4081 2298 4148 bibliotheca
2343 4084 2659 4151 Carolina
2701 4087 2841 4152 sive
2885 4086 3090 4151 civica
3134 4085 3607 4169 depromptum.
