5100 6061
365 388 491 449 393
1741 384 1871 451 AD
1918 383 2386 451 sADeLE'rl
2428 361 2983 454 EPlsTeLAM.
4239 395 4362 454 394

2926 535 2967 548 0-

364 571 677 636 mendat?
747 570 922 651 Quia
965 572 1141 635 enim
1186 571 1595 652 providebat,
1633 592 1829 652 quam
1875 572 2314 654 periculosum
2419 576 2694 639 verbum
2738 578 2953 657 ipsum
3001 578 3370 642 obtendere.
3432 577 3623 642 Nunc
3671 578 3724 641 si
3771 577 4215 643 definitionem
4259 600 4363 644 ec-

365 658 534 722 feret
562 657 808 738 absque
835 657 1033 732 verbe
1059 657 1358 737 spiritum
1384 658 1641 733 iactare,
1669 658 2005 722 eeclesiam
2029 681 2068 721 a
2090 669 2313 723 sancto
2418 661 2649 725 clesiae
2705 675 2821 727 tua
2875 664 3194 727 veriorem
3237 665 3522 746 recipere
3568 665 3882 740 sustines,
3929 663 4032 728 dic
4073 664 4361 746 posthae,

366 743 630 825 quidem
689 744 918 824 spiritu
976 743 1325 825 gubernari
1383 745 1686 806 asseruit:
1736 741 1850 807 sed
1886 764 2028 807 eam
2075 742 2312 826 guber·
2417 748 2811 824 societatem,
2836 771 2976 812 6666
3020 759 3391 814 sanctorum
3437 751 3748 825 emnium,
3797 770 3959 830 quae
3994 770 4111 831 per
4154 757 4363 814 totum

366 829 719 902 nationem,
758 851 840 893 ne
877 849 1045 910 vaga
1080 839 1145 891 et
1177 828 1503 893 instabilis
1547 828 1940 908 crederetur,
1985 829 2183 894 verbe
2220 828 2312 891 al·
2418 832 2641 894 orbem
2698 831 2961 904 diffusa,
3006 856 3125 916 per
3184 855 3410 898 omnes
3454 843 3699 899 aetates
3742 833 4049 915 dispersa,
4088 855 4219 899 una
4260 843 4362 899 ta-

366 913 618 997 1186νί1.
685 913 829 979 Η66
877 915 1130 977 ratione
1175 913 1414 977 clamat
1458 913 1788 992 ChristuS,
1836 938 1919 978 ex
1964 912 2105 978 Dee
2151 937 2309 992 esse,
2418 938 2573 979 men
2630 916 2878 982 Christi
2925 920 3220 984 doctrina
3265 929 3330 983 et
3378 942 3508 984 une
3565 921 3796 1001 spiritu
3842 920 4169 1003 colligata,
4218 921 4363 985 uni-

372 1002 484 1081 qui
545 1000 741 1064 verba
791 997 922 1063 Dei
977 999 1279 1075 audiunt;
1338 1021 1494 1063 eves
1552 1022 1705 1064 suas
1759 1021 1931 1078 esse,
1977 1021 2141 1081 quae
2199 1021 2311 1063 ve·
2419 1010 2638 1064 tatem-
2676 1003 2826 1067 fidei
2873 1026 2946 1069 ac
2982 1007 3337 1069 fraternam
3375 1006 3784 1070 concordiam
3820 1006 3974 1071 colit
4013 1017 4203 1087 atque
4248 1005 4360 1070 eb—

373 1107 510 1149 cem
581 1106 766 1149 suam
829 1085 1112 1167 pastoris
1179 1105 1319 1149 esse
1388 1100 1881 1167 recognoscunt:
1960 1084 2318 1166 quamlibet
2422 1099 2656 1150 servat.
2728 1088 2898 1152 Cum
2959 1091 3080 1155 hac
3136 1113 3275 1155 esse
3322 1090 3505 1154 nobis
3547 1090 3901 1172 quidquam
3947 1091 4198 1155 dissidii
4243 1111 4359 1155 ne-

368 1170 597 1249 aliam,
637 1170 927 1235 'heminis
982 1192 1121 1234 esse
1167 1172 1463 1234 extranei
1508 1172 1766 1254 (Ieann.
1821 1177 1911 1248 10,
1961 1171 2091 1253 27).
2171 1171 2317 1233 Hac
2422 1195 2668 1254 gamus.
2710 1173 2885 1253 Quin
2930 1177 3163 1257 1161166,
3208 1187 3285 1239 111
3326 1197 3469 1240 6661
3512 1197 3889 1239 reveremur
3928 1178 4159 1241 matris
4202 1178 4361 1257 loce,

368 1258 619 1320 ratione
676 1258 941 1339 spiritus
996 1277 1112 1338 per
1164 1277 1234 1320 es
1277 1256 1471 1320 Pauli
1513 1257 1917 1339 pronunciat,
1963 1257 2303 1321 ecelesiam
2420 1260 2514 1322 ita
2557 1259 2626 1321 in
2662 1259 2807 1323 sinu
2854 1261 2991 1324 eius
3031 1262 3324 1342 cupimus
3368 1282 3765 1344 permanere.
3834 1264 3927 1325 At
3968 1260 4072 1326 hic
4117 1284 4223 1326 me
4258 1284 4363 1327 re-

365 1340 706 1406 fundatam
764 1363 906 1406 esse
963 1363 1161 1423 super
1216 1340 1714 1406 fundamentum
1760 1343 2205 1424 apostolerum
2251 1350 2316 1404 et
2422 1343 2707 1426 dai-guis,
2776 1345 2988 1410 Deces
3048 1348 3250 1424 enim,
3310 1367 3726 1428 quaecunque
3787 1347 3866 1410 ab
3935 1349 4126 1411 amis
4181 1348 4363 1412 mille

360 1426 833 1511 prophetarum
868 1427 1139 1509 (Ephes.
1170 1430 1237 1503 ,2,
1268 1428 1395 1504 20).
1454 1428 1624 1491 Item
1660 1428 1995 1493 ecclesiam
2031 1427 2315 1491 Domino
2421 1431 2810 1511 quingentis,
2851 1443 2963 1494 aut
3008 1431 3301 1513 amplius,
3340 1434 3654 1496 constanti
3701 1432 3996 1496 fidelium
4039 1455 4364 1498 consensu

363 1515 832 1578 sanctificatam
886 1513 1160 1596 lavaero*
1196 1533 1396 1594 aquae
1451 1515 1517 1576 in
1581 1512 1779 1576 verbe
1824 1515 1995 1577 vitae
2041 1513 2311 1595 (EpheS.

367 1604 426 1675 5,
465 1602 598 1682 26).
662 1597 760 1665 Id.
795 1600 1010 1682 ipsum
1058 1620 1173 1680 per
1217 1620 1286 1663 66
1331 1599 1513 1661 Petri
1557 1601 1753 1662 etiam
1799 1599 2064 1663 clarius:
2113 1619 2313 1678 quum

366 1685 552 1749 decet
596 1685 967 1767 regenerari
1013 1685 1154 1748 Dee
1199 1685 1538 1766 populum,
1582 1707 1698 1766 per
1741 1706 1964 1748 semen
2008 1682 2169 1747 illud
2214 1685 2312 1747 in-

364 1771 781 1851 corruptibile
819 1774 884 1852 (1
914 1770 1090 1833 Petr.
1125 1775 1176 1846 1,
1203 1773 1330 1847 23).
1390 1770 1708 1851 Denique,
1735 1790 1851 1833 cur
1884 1770 2076 1834 toties
2112 1791 2314 1833 evan-

366 1856 518 1938 gelii
565 1855 957 1938 praedicatio
1002 1877 1280 1938 regnum
1325 1853 1451 1918 Dei
1501 1865 1946 1938 nuncupatur,
1992 1856 2116 1919 nisi
2162 1855 2315 1936 quia

367 1951 698 2024 sceptrum
744 1951 860 2016 est,
899 1963 1023 2023 que
1067 1940 1320 2022 plebem
1366 1961 1549 2005 suam
1595 1941 1972 2005 moderatur
2016 1963 2132 2003 rex
2170 1961 2312 2004 coe-
2361 1973 2367 2034 5

370 2026 595 2090 lestis?
662 2026 888 2108 Neque
934 2028 1005 2089 in
1040 2027 1246 2090 literis
1293 2035 1549 2089 tantum
1595 2027 1959 2108 apostolicis
2004 2026 2166 2089 illud
2211 2049 2313 2089 re·

368 2113 610 2194 peries,
666 2134 897 2176 verum
955 2113 1203 2194 quoties
1249 2112 1350 2175 vel
1412 2118 1524 2190 [fol.
1567 2117 1671 2188 25]
1728 2113 1807 2175 de
1864 2111 2307 2186 instauranda,

365 2199 474 2261 vel
534 2197 612 2261 de
681 2197 1101 2280 propaganda
1167 2199 1234 2261 in
1291 2197 1509 2261 orbem
1590 2198 1975 2262 universum
2043 2198 2313 2261 ecclesia

366 2284 812 2349 vaticinantur
847 2283 1216 2365 prophetae,
1255 2283 1538 2364 primum
1573 2305 1828 2365 semper
1861 2284 2072 2347 lecum
2117 2283 2313 2347 verbe

370 2370 728 2452 assignant.
809 2368 1196 2433 Prodituras
1253 2369 1425 2432 enim
1495 2390 1695 2450 aquas
1753 2369 1938 2432 vivas
1995 2366 2222 2431 dicunt
2278 2390 2312 2431 e

370 2453 759 2528 Ierusalem,
809 2475 976 2536 quac
1020 2456 1086 2517 in
1134 2464 1411 2535 quatuor
1454 2456 1724 2518 flumina
1768 2452 2067 2519 diductae
2112 2465 2314 2517 tetam

2420 1525 2574 1579 sunt
2618 1516 3045 1597 comprobata,
3084 1538 3160 1580 66
3194 1529 3414 1580 nestra
3450 1518 3939 1598 importunitate
3975 1518 4252 1582 convelli
4297 1527 4365 1582 et

2419 1599 2737 1684 abrogari.
2806 1601 2940 1665 Hic'
2970 1625 3102 1666 nen
3140 1604 3484 1683 requiram,
3529 1617 3604 1664 ut
3626 1624 3779 1667 vere
3821 1623 3895 1666 66
3929 1603 4203 1669 candide
4244 1626 4362 1667 ne-

2419 1684 2669 1752 biscum
2713 1708 2869 1770 agas
2916 1689 3114 1769 (qued
3160 1701 3380 1751 tamen
3420 1687 3832 1770 philosophe,
3877 1688 4119 1752 nedum
4166 1689 4363 1754 Chri-

2419 1775 2646 1848 stiano,
2686 1783 2917 1852 sponte
2936 1772 3400 1856 praestandum
3424 1775 3611 1855 erat),
3652 1773 3765 1837 sed
3810 1776 4048 1856 rogabo
4084 1783 4360 1854 tantum,

2418 1879 2502 1921 66
2557 1855 2638 1920 ad
2692 1857 3075 1923 illiberalem
3130 1880 3330 1940 usque
3390 1857 3830 1922 calumniandi
3875 1859 4204 1925 licentiam
4249 1859 4361 1924 de-

2418 1943 2721 2018 scandas,
2782 1965 2946 2024 quae
2987 1945 3533 2011 existimationem
3583 1953 3761 2006 tuam
3807 1945 3977 2025 apud
4023 1946 4254 2027 prebes
4298 1956 4365 2010 et

2417 2035 2534 2105 [fol.
2589 2033 2693 2105 26]
2748 2051 2982 2111 graves
3038 2032 3241 2105 vires,
3283 2031 3467 2093 nobis
3512 2050 3765 2110 queque
3810 2029 4202 2107 tacentibus,
4250 2052 4361 2094 ve-

2418 2114 2761 2177 hementer
2804 2115 3061 2179 laesura
3106 2126 3219 2180 est.
3291 2115 3437 2180 Scis
3482 2114 3621 2189 hec,
3670 2113 3992 2188 Sadelete,
4036 2126 4118 2192 61,
4157 2117 4211 2179 61
4259 2115 4361 2179 in-

2415 2200 2615 2263 fitiari
2658 2202 2903 2282 pergis,
2952 2203 3186 2266 faciam
3226 2209 3301 2265 ut
3342 2208 3407 2264 te
3451 2201 3716 2264 scivisse
3762 2222 3835 2263 66
3878 2200 4108 2264 callide
4151 2202 4362 2265 vafre-

2415 2307 2539 2366 que
2576 2283 3015 2351 dissimulasse
3060 2309 3284 2351 omnes
3320 2284 3719 2366 intelligant:
3768 2307 3897 2349 nen
3942 2283 4134 2349 mede
4170 2286 4361 2368 10686

2415 2371 2750 2435 meliorem
2806 2373 2990 2436 nobis
3046 2393 3193 2437 cum
3238 2370 3624 2452 antiquitate
3677 2373 4163 2434 consensionem
4222 2391 4364 2437 esse

2416 2476 2609 2537 quam
2655 2458 2857 2535 vebis,
2897 2459 3009 2522 sed
3055 2457 3220 2522 nihil
3266 2456 3442 2522 aliud
3487 2456 3706 2520 conari
3752 2477 3951 2536 quam
3992 2464 4066 2519 ut
4110 2457 4364 2521 instau-

349 2550 616 2603 -terram
670 2538 1088 2603 inundabunt
1141 2539 1364 2618 (Zach.
1410 2545 1515 2616 14,
1556 2541 1642 2621 8).
1695 2539 1913 2619 1(ὶ1166
1971 2560 2125 2605 vere
2181 2542 2313 2605 sint
2416 2550 2600 2605 retur
2652 2543 2996 2623 aliquande
3052 2553 3310 2609 vetusta
3381 2542 3493 2605 illa
3548 2541 3855 2606 ecclesiae
3916 2542 4138 2619 facies,
4200 2563 4365 2625 quae

372 2646 577 2706 aquae
623 2624 771 2689 illae
824 2625 1046 2702 vivae,
1107 2626 1203 2688 1111
1261 2627 1386 2706 11161
1447 2637 1787 2699 enarrant,
1847 2647 2048 2707 quum
2093 2627 2308 2689 aiunt:
2416 2627 2625 2708 prime
2662 2625 2743 2690 ab
2788 2628 3161 2695 hominibus
3203 2628 3498 2705 indoctis,
3546 2633 3613 2690 et
3655 2648 3789 2689 nen
3823 2627 4101 2707 optimis,
4149 2627 4362 2692 defor-

365 2710 718 2774 Exituram
763 2711 976 2793 legem
1019 2732 1052 2774 e
1093 2697 1282 2788 Sion,
1330 2723 1395 2774 et
1431 2713 1708 2775 verbum
1743 2709 2011 2774 Domini
2054 2733 2089 2775 6
2125 2713 2310 2776 Ieru-
2414 2721 2593 2775 mata
2648 2723 2716 2776 et
2758 2712 3041 2792 foedata,
3102 2724 3327 2796 postea
3372 2736 3410 2777 a
3452 2712 3760 2793 pontifice
3805 2731 4072 2775 remane
4109 2721 4175 2776 et
4219 2713 4363 2777 eius

367 2796 570 2860 salem
617 2796 769 2870 (Ies.
815 2801 873 2872 2,
915 2798 1000 2879 3).
1069 2796 1252 2860 Bene
1297 2818 1451 2880 erge
1489 2797 2020 2880 Chrysestemus,
2054 2798 2163 2878 qui
2209 2819 2311 2860 re·
2413 2799 2695 2862 factione
2730 2801 3046 2881 flagitiose
3091 2801 3375 2865 lacerata
3418 2809 3484 2861 et
3526 2817 3724 2880 prope
3771 2796 3985 2860 deleta
4029 2807 4143 2860 est.
4213 2799 4365 2862 Non

367 2881 735 2965 pudiandes
783 2893 1005 2945 menet
1052 2903 1294 2959 6111666,
1341 2883 1450 2963 (161
1488 2884 1607 2947 6611
1651 2891 1999 2964 praetextu
2043 2883 2342 2963 spiritus
2415 2883 2574 2948 adeo
2619 2892 2686 2948 te
2721 2887 3009 2967 praecise
3046 2887 3310 2968 urgebe,
3349 2893 3422 2949 ut
3463 2903 3762 2948 revocem
3807 2883 3888 2946 ad
3933 2881 4112 2946 illam
4158 2883 4362 2948 eccle-

368 2989 407 3032 a
463 2966 743 3050 simplici
802 2967 1122 3050 evangelii
1182 2968 1476 3034 doctrina
1534 2990 1648 3033 nes
1705 2967 2060 3036 abducunt:
2108 2990 2310 3050 quum
2416 2969 2550 3035 siae
2587 2971 2882 3047 sennam,
2915 2992 3108 3053 quam
3134 2972 3405 3054 apostoli
3441 2970 3955 3035 constituerunt:
3994 2968 4065 3030 in
4101 2989 4228 3050 qua
4262 2982 4361 3034 ta-

367 3054 638 3136 spiritus
684 3054 772 3118 sit
814 3055 1173 3136 premissus
1219 3077 1348 3118 non
1393 3053 1471 3117 ad
1519 3077 1754 3120 nevam
1803 3054 2164 3119 doctrinam
2209 3078 2312 3119 re·
2415 3078 2571 3120 men
2624 3058 2890 3121 unicum
2951 3058 3266 3122 habemus
3326 3077 3517 3122 verae
3562 3055 3869 3120 ecclesiae
3913 3055 4275 3135 exemplar,
4324 3077 4364 3120 6

365 3139 731 3216 velandam,
769 3140 882 3204 sed
918 3140 1422 3221 imprimendam
1457 3140 1794 3204 hominum
1840 3140 2077 3204 animis
2112 3162 2312 3204 evan·
2418 3164 2544 3224 que
2591 3143 2645 3206 si
2692 3144 2835 3223 quis
2880 3143 2985 3207 vel
3027 3143 3371 3207 minimum
3418 3142 3717 3217 deflectit,
3764 3136 4039 3205 aberrat.
4110 3139 4243 3204 Sed
4288 3148 4364 3204 ut

367 3226 519 3309 gelii
575 3225 942 3289 veritatem.
1025 3227 1124 3290 Ac
1187 3249 1302 3290 606
1359 3248 1428 3289 16
1483 3228 1623 3308 11166
1672 3224 1864 3290 hodie
1919 3226 2310 3307 experimur,
2417 3237 2688 3291 eatenus
2732 3228 2847 3291 tibi
2893 3228 3287 3312 indulgeam,
3330 3237 3563 3304 statue,
3601 3247 3871 3308 quaese,
3919 3226 4039 3290 tibi
4085 3225 4166 3289 eb
4211 3247 4360 3289 ecu-

367 3332 564 3393 quam
619 3312 816 3375 fuerit
869 3312 1235 3376 necessaria
1279 3311 1647 3376 admonitio,
1716 3314 1779 3375 A
1825 3311 2080 3375 duabus
2120 3313 2313 3377 sectis
2416 3314 2513 3378 les
2562 3324 2852 3378 veterem
2885 3314 3071 3378 illam
3116 3314 3424 3379 eeclesiae
3468 3313 3725 3389 faciem,
3773 3311 4029 3394 qualem
4073 3311 4362 3395 Chryso-

366 3416 858 3480 oppugnamur:
908 3418 1076 3479 quae
1116 3397 1294 3460 inter
1331 3418 1400 3461 se
1443 3397 1798 3479 plurimum
1843 3396 2153 3461 videntur
2196 3397 2313 3461 ha·
2416 3400 2609 3462 6161111
2645 3407 2711 3462 et
2745 3401 2976 3464 Basilii
3022 3408 3230 3464 aetate
3267 3400 3442 3483 apud
3484 3399 3787 3475 Graecos
3826 3396 4162 3480 Cypriani,
4200 3400 4364 3461 Am-

366 3482 518 3547 bere
548 3481 961 3546 discriminis
1021 3481 1197 3562 Quid
1222 3484 1397 3547 enim
1432 3504 1638 3566 papae
1673 3482 1882 3545 simile
1916 3484 1987 3545 in
2033 3484 2314 3563 speciem
2417 3485 2644 3559 brosii,
2700 3486 3058 3567 Augustini
3124 3487 3379 3550 saecule
3446 3483 3620 3566 apud
3674 3484 3948 3548 Latinos
4018 3484 4362 3561 exstitisse,

372 3590 520 3633 cum
574 3568 1075 3649 Anabaptistis?
1143 3570 1234 3632 Et
1288 3576 1542 3647 tamen,
1600 3576 1674 3631 ut
1727 3567 1951 3632 videas
1998 3565 2313 3631 Satanam
2415 3570 2707 3651 ipserum
2762 3580 3182 3635 monumenta
3235 3572 3430 3636 fidem
3498 3570 3771 3634 faciunt:
3830 3575 4054 3650 postea
4118 3570 4362 3644 ruinas,

369 3674 706 3736 nunquam
764 3661 950 3717 tanta
1004 3656 1297 3718 versutia
1340 3676 1407 3717 se
1452 3654 1951 3735 transfigurare,
1988 3654 2148 3734 quin
2192 3654 2313 3716 ali-
2418 3676 2586 3736 quae
2623 3655 2797 3736 apud
2834 3677 2949 3719 ves
2985 3678 3069 3719 ex
3103 3657 3218 3719 illa
3253 3668 3622 3738 supersunt,
3662 3654 4116 3736 centemplare.
4190 3655 4363 3719 Tan-

370 3760 498 3820 qua
533 3761 615 3804 ex
652 3747 836 3821 parte
873 3760 942 3803 se
977 3739 1223 3821 prodat,
1261 3739 1435 3803 idem
1468 3741 1725 3820 utrique
1760 3740 2179 3821 praecipuum
2219 3747 2312 3802 te-

371 3823 507 3889 lum
553 3824 814 3901 habent,
862 3846 985 3905 que
1021 3846 1138 3888 nes
1174 3826 1468 3907 fatigant.
1538 3824 1861 3907 Spiritum
1898 3826 2074 3888 enim
2110 3846 2313 3906 quum

371 3910 652 3975 fastuose
709 3912 980 3988 iactant,
1026 3931 1158 3974 nen
1217 3911 1344 3974 6110
1399 3919 1574 3975 certe
1633 3910 1941 3986 tendunt,
2000 3931 2195 3991 quam
2239 3920 2310 3974 ut
2361 3966 2364 3977 .

369 4017 675 4078 oppresse
711 3996 1088 4078 sepultoque
1124 3995 1254 4060 Dei
1288 3998 1486 4061 verbe
1522 3997 1730 4060 106661
1767 3996 2007 4060 faciant
2041 3997 2176 4060 suis
2212 3996 2310 4077 ip-

372 4102 591 4145 serum
629 4081 999 4146 mendaciis.
1067 4083 1313 4164 Tuque,
1353 4080 1678 4158 Sadelete,
1725 4082 1792 4146 in
1830 4082 2039 4163 prime
2083 4080 2310 4145 limine

365 4166 818 4250 impingende,
866 4167 1100 4231 dedisti
1145 4188 1384 4249 peenas
1427 4169 1564 4232 eius
1606 4167 2067 4244 contumeliae,
2114 4188 2310 4248 quam

369 4254 627 4335 spiritui
699 4264 923 4318 sancte
992 4254 1320 4330 inussisti,
1370 4276 1566 4335 quum
1635 4254 1948 4334 separasti
1999 4253 2216 4333 ipsum
2271 4275 2310 4316 a

369 4339 581 4402 verbe.
644 4339 817 4402 Nam
855 4339 1037 4402 velut
1079 4341 1150 4402 in
1184 4340 1357 4404 bivio
1393 4340 1528 4403 sint
1570 4338 1935 4415 constituti,
1979 4340 2088 4418 qui
2131 4338 2309 4402 viam

366 4422 493 4487 Dei
530 4432 872 4507 quaerunt,
916 4446 990 4489 66
1033 4434 1209 4489 66116
1253 4426 1441 4508 61860
1487 4425 1780 4490 destituti
1827 4445 1934 4487 ees
1981 4424 2309 4488 haesitan-

368 4517 464 4575 tes
522 4509 830 4576 inducere
885 4512 1166 4593 cegeris:
1223 4522 1531 4575 utrumne
1576 4512 1783 4592 magis
1828 4510 2160 4591 expediat,
2207 4532 2309 4575 ec-

366 4595 597 4661 clesiae
633 4596 1049 4660 autoritatem
1086 4597 1285 4678 sequi,
1331 4620 1417 4661 an
1451 4598 1530 4660 iis
1567 4596 1952 4669 auscultare,
1999 4617 2157 4677 quos
2196 4618 2311 4659 ne·
2591 4595 2813 4676 Quum
2870 4596 3079 4661 tribus
3133 4596 3429 4679 partibus
3486 4604 3737 4660 constet
3782 4616 3857 4659 ac
3900 4595 4210 4661 fulciatur
4252 4615 4365 4675 pe-

366 4702 603 4745 verum
640 4682 1023 4765 dogmatum
1059 4693 1425 4765 repertores
1462 4702 1672 4746 vocas.
1745 4680 1821 4745 Si
1857 4682 2174 4759 scivisseS,
2202 4681 2309 4745 vel
2413 4682 2743 4746 tissimum
2789 4683 3095 4747 ecelesiae
3140 4682 3581 4759 incolumitas,
3628 4681 3953 4758 doctrina,
4002 4680 4363 4761 disciplina,

369 4766 788 4832 dissimulare‘
832 4767 1177 4843 noluisses,
1227 4769 1530 4849 spiritum
1590 4766 1894 4832 ecclesiae
1937 4768 2310 4849 praelucere
2415 4776 2484 4830 et
2529 4768 2979 4843 sacramentis;
3035 4774 3262 4849 quarte
3314 4767 3454 4832 lece
3524 4767 3838 4832 accedant
3904 4767 4363 4845 caeremoniae,

371 4853 451 4917 ad
491 4853 1010 4935 patefaciendam
1053 4852 1236 4917 verbi
1283 4853 1808 4935 intelligentiam:
1863 4851 2135 4931 verbum
2197 4874 2310 4915 au·
2414 4852 2915 4939 quaespepulum
2936 4854 3005 4917 in
3030 4853 3293 4936 pietatis
3315 4853 3541 4918 officiis
3564 4859 3927 4917 exerceant.
3963 4852 4057 4917 Ut
4077 4852 4365 4916 maxime

368 4948 500 5003 tem
547 4940 754 5001 instar
796 4960 937 5004 esse
981 4937 1145 5021 lydii
1186 4937 1440 5020 lapidis,
1484 4960 1609 5020 que
1654 4938 1766 5001 illa
1801 4936 2127 5002 doctrinas
2173 4958 2310 5001 em·
2359 4998 2364 5025 1
2413 4951 2719 5020 pareatur
2755 4939 3065 5005 666166166
3104 4948 3361 5004 vestrae
3397 4938 3648 5016 honeri,
3694 4958 3820 5020 qua
3856 4946 4040 5019 parte
4084 4938 4184 5003 vis
4219 4958 4365 5002 eam

369 5047 485 5089 nes
509 5027 853 5102 examinet,
881 5046 965 5088 an
989 5024 1070 5087 ad
1095 5026 1288 5087 istam
1313 5021 1468 5088 adeo
1491 5025 1869 5106 perplexam
1894 5024 2307 5103 et‘spinesam
2359 5042 2364 5133 1
2413 5024 2840 5091 censeamus?
2921 5025 3278 5089 Doctrinae
3345 5025 3759 5107 propheticae
3823 5033 3888 5087 et
3952 5024 4364 5106 evangelicae

371 5112 813 5192 quaestionem
881 5109 1320 5193 confugisses?
1405 5110 1545 5173 Tne
1612 5110 1813 5193 igitur
1866 5110 2308 5190 experimento
2359 5160 2362 5177 .
2411 5110 2684 5185 veritae,
2743 5131 2871 5191 qua
2924 5109 3265 5173 fundatam
3323 5132 3463 5175 esse
3513 5110 3849 5175 ecelesiam
3904 5116 4184 5191 opertet,
4231 5131 4363 5174 nen

371 5195 560 5273 disce,
609 5216 739 5259 non
778 5198 996 5260 minus
1031 5197 1481 5277 importunum
1518 5216 1677 5271 esse,
1719 5195 2022 5276 spiritum
2066 5194 2309 5259 iactare
2359 5190 2362 5263 ἱ
2412 5195 2604 5259 mede
2659 5195 2791 5260 11116
2844 5216 3083 5279 magna
3137 5218 3220 5261 ex
3283 5204 3469 5279 parte
3529 5196 3811 5273 interiit,
3869 5194 3983 5259 sed
4035 5193 4363 5260 hostiliter

374 5282 515 5347 sine
551 5282 772 5358 verbo,
812 5305 1004 5365 quam
1049 5283 1343 5345 futurum
1390 5281 1477 5344 sit
1514 5280 1857 5355 insulsum,
1904 5282 2043 5345 6166
2080 5280 2307 5362 spiritu
2359 5290 2362 5315 ²
2414 5283 2584 5345 ferro
2622 5293 2687 5369 et
2730 5283 2866 5365 igni
2911 5282 3213 5364 abigitur.
3277 5283 3378 5345 Tu
3422 5280 3584 5344 mihi
3641 5302 3757 5364 pre
3812 5281 4084 5347 eeclesia
4138 5280 4362 5346 obtru-

2417 3749 2559 3804 tum
2604 3751 2780 3805 certe
2824 3740 3215 3832 discriminis
3260 3742 3613 3824 apparebit,
3651 3750 3967 3822 quantum
4011 3739 4362 3820 prophetae

2416 3826 2603 3890 nobis
2658 3825 3032 3891 describunt
3090 3827 3265 3891 inter
3324 3827 3725 3909 praeclaram
3780 3824 4147 3901 ecclesiam,
4195 3846 4363 3906 quae

2415 3912 2534 3975 sub
2579 3910 2838 3976 Davidc
2882 3920 2948 3974 et
2992 3911 3341 3977 ¹Solomone
3385 3914 3622 3989 floruit,
3670 3934 3743 3976 66
3788 3911 3987 3986 illam,
4033 3932 4196 3991 quae
4244 3910 4363 3973 sub

2416 3995 2692 4061 Sedecia
2745 4007 2810 4062 et
2865 3997 3108 4061 Ieacim
3166 3999 3234 4061 in
3308 4019 3500 4062 omne
3557 3997 4100 4079 superstitionum
4154 4017 4366 4078 genus

2414 4083 2717 4164 prolapsa
2761 4083 2970 4147 divini
3014 4082 3228 4147 cultus
3265 4084 3617 4165 puritatem
3672 4102 3938 4163 prorsus
3998 4081 4364 4146 vitiaverat.

2414 4168 2645 4231 Iamne
2703 4169 2951 4232 hostem
3010 4169 3418 4249 antiquitatis
3459 4190 3599 4232 esse
3646 4165 3837 4244 (11666,
3884 4167 4011 4247 (161,
4060 4168 4366 4248 antiquae

2414 4254 2677 4336 pietatis
2715 4277 2789 4319 ae
2826 4254 3293 4320 sanctimoniae
3330 4253 3563 4330 studi0,
3596 4254 3929 4334 praesenti
3964 4272 4189 4315 rerum
4226 4273 4365 4315 em·-

2413 4340 2599 4403 nium
2655 4341 3069 4422 corruptione
3131 4361 3262 4403 nen
3319 4346 3694 4415 contentus,
3739 4359 3904 4418 quac
3948 4346 4104 4402 sunt
4149 4339 4216 4400 in
4263 4359 4365 4402 ec-

2415 4424 2612 4489 clesia
2653 4426 2967 4507 dissipata
3002 4447 3076 4490 66
3112 4423 3481 4506 depravata,
3529 4424 3855 4505 corrigere
3900 4425 3967 4486 in
4013 4423 4263 4501 melius,
4302 4432 4368 4487 et

2414 4512 2759 4575 restituere
2804 4512 2875 4574 in
2919 4513 3271 4593 pristinum
3314 4510 3590 4574 nitorem
3638 4509 3989 4573 molietur?
