5100 6061
689 413 812 473 371

685 598 813 662 sibi
846 597 1162 676 potentias
1208 603 1265 659 ct
1307 619 1500 660 novos
1544 597 1806 661 honores
1853 601 2000 674 [pag.
2035 602 2096 674 6]
2146 595 2482 677 quaerunt)
2529 600 2645 658 tes-

689 690 790 747 tor
831 682 1041 746 Deum
1097 684 1601 762 omnipotentem,
1659 702 1798 745 eum
1847 683 2061 761 ipsum
2113 683 2225 762 qui
2281 702 2444 746 nunc
2497 683 2645 745 inti·

690 770 816 833 mis
857 769 1013 831 meis
1062 769 1541 850 eoqitationibus
1590 787 1893 848 gnaesens
1948 769 2147 845 adest,
2202 788 2297 831 me
2351 772 2406 830 et
2466 767 2646 852 indo-

690 855 890 920 luisse
929 856 1220 936 yraviter,
1265 859 1321 918 et
1371 854 1610 934 duplici
1666 854 1943 933 quadam
1983 853 2422 917 misericordia
2466 853 2646 933 affec-

693 945 826 1004 tum
866 940 1099 1020 fuisse.-
1152 961 1342 1021 quum
1399 959 1476 1002 ex
1531 960 1659 1002 una
1695 944 1880 1020 parte
1922 939 2168 1004 vide-rer
2209 938 2368 1002 mihi
2423 939 2648 1003 audire

689 1027 988 1108 gemitum
1037 1026 1355 1107 plorantis
1410 1026 1636 1089 matris
1691 1029 1940 1089 nostrae
1995 1026 2275 1090 ecclesiae
2319 1029 2402 1111 ctx
2416 1024 2646 1088 lamen-

698 1113 917 1187 tantis,
976 1133 1136 1190 quae
1180 1116 1268 1172 tot
1309 1116 1366 1173 et
1408 1116 1538 1175 tam
1581 1111 1825 1175 dilectis
1864 1112 2026 1191 filiis
2069 1131 2196 1175 uno
2241 1116 2514 1192 tempore
2555 1131 2645 1174 es-

2336 405 2513 472 IAC.
2563 403 3036 471 SADOLETI

4567 406 4689 467 372

2750 595 2908 657 tium
2941 597 3288 677 capiamus,
3327 599 3477 672 [pag.
3502 598 3571 672 8]
3608 594 3770 657 unde
3804 591 4077 656 maxime
4113 597 4533 673 opportunum
4567 614 4695 658 esse

2749 681 3067 746 ducimus:
3112 700 3217 762 eqo
3236 732 3250 758 ,
3303 682 3537 761 tratres
3577 680 3929 757 carissimi,
3982 679 4074 742 sic
4119 678 4435 757 existimo,
4490 700 4588 742 me
4641 685 4699 744 et

2750 787 2876 841 vos,
2923 772 2980 830 et
3021 767 3297 846 reliquos
3334 771 3663 845 praeterea
3709 784 3917 828 omnes
3958 765 4069 843 qui
4115 765 4181 826 in
4232 762 4479 828 Christo
4524 784 4699 846 spem

2750 859 2807 917 et
2844 853 3031 932 fidem
3073 872 3259 916 suam
3292 856 3661 932 posuerunt,
3704 851 3775 913 id
3816 871 3890 913 ea
3934 870 4066 912 una
4107 850 4184 913 de
4225 869 4417 913 causa
4460 851 4553 914 ita
4593 851 4698 932 fa-

2750 958 2882 1003 cere
2915 943 2970 1003 et
2996 938 3235 1019 fecisse,
3272 957 3392 1018 quo
3421 940 3471 1019 l)
3508 937 3772 1000 salutem
3791 936 3915 1000 sibi
3951 941 4134 1016 atque
4171 937 4504 1000 animabus
4536 939 4698 1016 suis,

2750 1043 2871 1087 non
2914 1024 3072 1089 hanc
3115 1024 3437 1087 mortalem
3472 1029 3526 1086 et
3560 1024 3675 1087 cito
3710 1022 4124 1099 interituram,
4169 1022 4280 1086 sed
4321 1021 4503 1086 illam
4544 1043 4702 1087 sem-

2739 1110 3061 1189 piternam
3101 1115 3155 1174 et
3188 1109 3602 1173 immortalem
3643 1113 4033 1188 quaererent,
4090 1127 4249 1188 quae
4293 1108 4364 1171 in
4406 1109 4560 1173 coelo
4601 1130 4703 1174 so-

696 1202 790 1260 set
831 1195 1074 1260 orbata:
1119 1216 1196 1259 ex
1230 1195 1447 1273 altera,
1493 1197 1732 1274 vestris,
1779 1217 1812 1259 o
1850 1198 2191 1275 carissimi,
2237 1196 2650 1261 incommodis
2751 1197 2881 1259 lum
2924 1216 3062 1262 vere
3102 1195 3389 1270 obtineri,
3450 1196 3517 1258 in
3575 1195 3761 1258 terris
3805 1199 4010 1258 autem-
4053 1193 4225 1258 nullo
4266 1195 4441 1258 modo
4472 1199 4700 1274 potest.

696 1287 753 1347 et
771 1282 1081 1362 periculis
1109 1302 1535 1346 commoverer.
1602 1282 1882 1346 Sciebam
1918 1284 2084 1346 enim
2118 1303 2242 1365 cqc,
2285 1282 2438 1346 tales
2472 1282 2648 1345 viros

695 1373 1028 1432 novatores
1069 1373 1340 1431 veterum
1384 1373 1439 1430 ct
1481 1367 1626 1432 bene
1669 1364 2145 1432 constitutarum
2197 1388 2434 1446 rerum,
2493 1368 2649 1431 tales

697 1452 928 1526 turbas,
974 1454 1136 1517 talia
1179 1453 1479 1532 dissidia,
1537 1473 1663 1516 non
1705 1454 1910 1517 solum
1954 1453 2286 1518 animabus
2327 1453 2649 1516 hominum

684 1539 994 1619 pestifera
1042 1539 1236 1619 (quod
1277 1544 1482 1603 tamen
1525 1539 1761 1603 malum
1807 1540 2087 1603 omnium
2127 1539 2478 1604 maximum
2519 1559 2653 1602 ma-

2754 1280 2872 1345 Est
2914 1282 3165 1363 quidem
3206 1281 3302 1344 ita
3344 1280 3755 1360 dispartitum
3797 1279 3905 1344 hoc
3944 1280 4223 1360 officium
4263 1285 4573 1359 nostrum,
4632 1286 4704 1344 ut

2752 1369 2911 1431 iacto
2941 1368 3228 1449 primum
3268 1366 3417 1446 fidei
3453 1349 3880 1448 sunitamento,
3927 1365 4025 1430 hic
4067 1366 4287 1430 deinde
4329 1365 4700 1447 laboremus,

2751 1475 2870 1534 quo
2914 1453 3044 1517 illic
3087 1455 3516 1534 quiescamus.-
3571 1453 3641 1515 in
3683 1458 3853 1515 terra
3895 1471 4095 1516 semen
4142 1453 4479 1530 iaciamus,
4534 1454 4703 1532 quod

2757 1542 2821 1602 in
2866 1541 3018 1603 coelo
3067 1543 3287 1618 postea
3331 1539 3657 1618 possimus
3709 1537 4030 1601 demetere:
4091 1543 4145 1601 et
4198 1539 4424 1618 quibus
4474 1537 4575 1602 hic
4635 1539 4706 1602 in

647 1673 648 1680 κ
695 1624 899 1689 lorum
943 1627 1079 1705 est),
1124 1625 1233 1688 sed
1273 1625 1460 1688 rebus
1495 1625 1680 1688 etiam
1723 1630 1776 1687 et
1810 1626 2093 1706 privatis
2117 1631 2174 1690 et
2198 1625 2475 1705 publicis
2498 1645 2648 1705 per·
2749 1625 3051 1705 operibus,
3076 1624 3371 1703 quibusve
3396 1625 3466 1687 in
3499 1624 3731 1687 studiis
3765 1628 3997 1688 nosmet
4019 1624 4190 1705 ipsos
4219 1625 4703 1702 exercuerimus,

677 1707 940 1773 ‘niciosa
985 1713 1264 1774 existere.
1338 1709 1423 1774 Id
1467 1711 1634 1790 quod
1678 1732 1787 1774 vos
1827 1732 2069 1796 quoque
2108 1712 2248 1793 ipso
2293 1716 2508 1775 eventu
2549 1730 2646 1771 re-

694 1816 844 1859 rum
886 1784 1082 1860 edocti
1122 1816 1475 1877 coqnoscere
1509 1797 1826 1876 potuistis.
1897 1797 2063 1878 Quid
2094 1817 2235 1879 erqo
2270 1797 2408 1861 est?
2454 1817 2649 1876 quum

694 1901 875 1945 meus
919 1902 1066 1963 crya
1101 1901 1211 1945 vos
1244 1903 1436 1957 amor,
1475 1887 1529 1942 et
1562 1903 1698 1945 mea-
1733 1883 1798 1944 in
1835 1882 2046 1947 Deum
2078 1884 2289 1964 pietas
2325 1903 2421 1947 me
2455 1886 2647 1964 cacat,

696 1973 768 2030 ut
809 1973 1108 2046 tanquam
1149 1968 1348 2045 frater
1388 1967 1725 2046 fratribus,
1782 1972 1837 2031 et
1889 1970 2135 2033 amicus
2194 1968 2418 2046 amicis
2435 2019 2448 2046 ,
2504 1969 2649 2031 inti—

698 2072 874 2116 mum
918 2072 1156 2116 omnem
1201 2053 1401 2115 animi
1443 2054 1564 2115 mei
1606 2074 1855 2116 sensum
1887 2054 2063 2118 vobis
2098 2054 2284 2118 libere
2319 2074 2648 2134 exponam,

699 2158 811 2202 vos
835 2138 1191 2218 plurimum
1227 2143 1474 2220 roqatos
1506 2139 1660 2214 volo,
1696 2145 1764 2201 ut
1795 2139 2123 2204 bonitatem
2155 2140 2338 2204 illam
2359 2145 2647 2218 vestram,

701 2245 830 2305 qua
873 2243 1113 2302 semper
1154 2225 1250 2286 uti
1294 2226 1716 2300 consuevistis,
1760 2225 1917 2288 mihi
1961 2246 2205 2307 quoque
2248 2227 2316 2288 in
2346 2246 2648 2306 praesen-

701 2310 820 2385 tia,
875 2309 1030 2372 meis
1085 2330 1211 2371 non
1266 2311 1506 2391 inyrate
1558 2311 1936 2391 accipiendis
1993 2317 2046 2374 et
2102 2313 2374 2394 leyendis
2430 2312 2646 2390 literis,

686 2394 1068 2475 praebeatis.
1139 2393 1331 2474 Spero
1367 2397 1548 2474 enim,
1590 2398 1648 2459 si
1684 2398 1903 2477 aequis
1941 2399 2124 2462 modo
2159 2399 2468 2462 mentibus
2500 2398 2648 2462 haec

698 2500 860 2561 quae
901 2479 1101 2543 scribo
1147 2481 1457 2544 attendere
1498 2482 1838 2561 volueritis,
1877 2504 2006 2559 vos,
2050 2485 2112 2547 si
2155 2504 2279 2547 non
2317 2483 2649 2548 consilium

695 2585 918 2642 meum,
954 2571 1019 2629 at
1054 2566 1334 2629 animum
1367 2572 1523 2632 certe
1559 2573 1790 2633 rectum
1828 2573 1884 2632 et
1916 2570 2279 2650 simplicem,
2322 2575 2379 2633 et
2411 2575 2649 2633 vestrae

696 2650 769 2714 in
800 2651 1041 2729 primis
1082 2653 1316 2716 salutis
1358 2655 1729 2731 cupientem,
1781 2673 1908 2718 non
1963 2656 2293 2718 minimum
2338 2655 2647 2735 probatu-

696 2756 831 2801 ros:
883 2757 1079 2817 neque
1132 2758 1228 2801 me
1280 2759 1439 2818 quae
1477 2739 1613 2803 mea
1656 2745 1829 2818 suut,
1884 2741 1993 2806 sed
2035 2762 2194 2822 quae
2236 2747 2444 2806 vestra
2489 2760 2649 2804 com-

694 2823 883 2885 moda
926 2828 1111 2903 atque
1163 2823 1345 2902 bona,
1403 2845 1696 2904 quaerere
1751 2826 2185 2892 intellecturos.
2279 2827 2497 2908 Neque
2539 2847 2645 2909 eqo

695 2912 900 2971 tamen
931 2909 1231 2987 spinosas
1270 2915 1327 2972 et
1355 2910 1610 2975 subtiles
1639 2913 1860 2988 ordiar
1890 2913 2358 2993 disputationes,
2406 2920 2550 2991 [pag.
2579 2916 2643 2991 7]

694 3013 890 3075 quam
940 2994 1409 3075 philosophiam
1467 2997 1678 3062 beatus
1743 2997 1992 3063 Paulus
2056 3005 2256 3079 vocat,
2324 3006 2382 3063 et
2405 3064 2408 3065 γ
2432 2999 2650 3079 fideles

698 3079 936 3145 Christi
976 3101 1215 3163 semper
1258 3088 1476 3161 monet,
1517 3105 1594 3147 ne
1627 3104 1695 3149 se
1719 3105 1840 3163 per
1874 3105 2012 3148 eam
2043 3088 2384 3165 patiantur
2425 3086 2647 3165 decipi,

682 3186 808 3247 per
849 3186 1042 3247 quam
1083 3169 1193 3231 isti
1233 3169 1484 3247 quidem
1525 3191 1637 3233 vos
1680 3172 2258 3250 circumduxerunt,
2315 3192 2510 3252 quum
2552 3173 2648 3234 in-

692 3257 784 3314 ter
816 3254 1142 3331 imperitos
1195 3253 1516 3318 obscuram
1558 3258 1880 3335 quandam
1934 3259 2238 3322 iactarent
2291 3259 2648 3338 scripturae

692 3339 1258 3419 interpretationem
1276 3391 1289 3418 ,
1342 3341 1753 3423 fraudemque
1809 3347 1866 3407 et
1919 3345 2262 3423 malitiam,
2306 3343 2645 3425 praeclaro

690 3424 803 3488 illo
839 3425 1106 3505 quidem,
1142 3426 1250 3489 sed
1280 3426 1447 3506 falso
1481 3433 1665 3507 atque
1700 3428 1905 3493 alieno
1941 3431 2276 3494 doctrinae.
2302 3436 2360 3495 et
2392 3431 2644 3510 sapien-

692 3510 818 3573 tiae
853 3511 1098 3574 nomine
1134 3510 1532 3576 honestarent.
1595 3513 1734 3597 Eyo
1771 3535 1843 3579 ea
1865 3536 2241 3597 proponam,
2278 3535 2438 3598 quae
2470 3515 2648 3580 clara

692 3596 824 3660 sint
865 3600 1049 3678 atque
1091 3597 1373 3662 illustria
1391 3649 1405 3677 ‚
1464 3620 1625 3680 quae
1678 3601 1921 3665 nullam
1974 3604 2045 3666 in
2098 3624 2164 3668 se
2215 3603 2453 3667 erroris
2497 3602 2645 3665 late-

691 3681 887 3760 bram,
932 3683 1179 3747 nullum
1231 3684 1489 3763 fraudis
1545 3691 1600 3749 et
1650 3685 1946 3766 fallaciae
1998 3687 2262 3754 habeant
2315 3688 2645 3753 diverticu-

694 3767 859 3847 lum,·
913 3769 1270 3834 cuiusmodi
1325 3775 1530 3835 tamen
1568 3792 1815 3859 semper
1857 3780 1949 3838 est
1990 3777 2238 3839 veritas,
2330 3774 2437 3838 Ea
2480 3775 2647 3838 enim

691 3858 749 3917 et
789 3855 862 3917 in
904 3854 1167 3918 tenebris
1208 3856 1392 3934 lucet,
1436 3862 1493 3921 et
1532 3860 1769 3922 nemini
1810 3880 1937 3923 non
1969 3863 2312 3943 perspicua
2354 3864 2460 3938 est,
2506 3865 2564 3922 et
2605 3880 2647 3923 a

691 3939 885 4006 doctis
927 3941 1113 4005 iuxta
1157 3946 1342 4022 atque
1385 3943 1652 4009 indoctis
1690 3945 1994 4025 facillime
2027 3948 2413 4029 percipitur.-
2461 3966 2648 4027 prae-

691 4025 990 4109 cipueque
1033 4028 1103 4091 in
1146 4027 1488 4092 christiano
1529 4051 1747 4112 qenere
1789 4032 2136 4111 doctrinae,
2194 4052 2321 4097 non
2363 4032 2649 4114 sylloyis-

690 4112 833 4199 mis,
875 4134 984 4177 nec
1024 4113 1348 4178 verbor-um
1387 4116 1796 4195 captionibus,
1841 4119 1953 4182 sed
1994 4120 2359 4196 humilitate,
2403 4119 2511 4182 sed
2549 4137 2644 4181 re-

690 4197 936 4281 liyione,
990 4200 1098 4262 sed
1145 4222 1294 4282 crya
1335 4199 1547 4265 Deum
1588 4203 1925 4267 obedientia
1968 4212 2060 4269 est
2101 4206 2390 4275 subnixa.
2476 4204 2647 4267 Vivi-

692 4283 815 4347 dus
851 4290 940 4349 est
975 4286 1139 4348 enim
1171 4306 1371 4349 sermo
1406 4285 1534 4350 Dei
1565 4293 1624 4352 et
1654 4289 1894 4370 efficax,
1942 4296 1999 4354 et
2028 4290 2446 4355 concidentior
2476 4290 2646 4355 omni

696 4375 878 4435 acuto
924 4372 1220 4451 utrinque
1261 4371 1493 4454 yladiO,
1524 4381 1924 4456 penetratque
1951 4376 2036 4440 ad
2077 4378 2403 4441 iuncturas
2445 4376 2643 4458 spiri-

690 4461 793 4519 tus
837 4462 1020 4537 atque
1062 4458 1341 4537 animae,
1398 4464 1456 4522 et
1510 4461 1595 4525 ad
1651 4461 1878 4525 intima
1931 4463 2366 4544 compaqinum
2409 4484 2483 4527 ac
2524 4482 2641 4526 me-

689 4541 1041 4621 dullarum,
1093 4563 1288 4623 nequ-e
1329 4545 1576 4610 animos
1617 4547 1920 4626 illaqueat
1960 4549 2280 4629 impeditis
2315 4567 2644 4631 arqumen-

689 4629 1048 4708 tationibus,
1090 4630 1198 4693 secl
1231 4629 1466 4693 coelesti
1495 4633 1762 4712 quodam
1814 4635 2254 4699 interveniente
2299 4635 2509 4699 cordis
2544 4634 2641 4713 af-

688 4714 870 4795 fectu,
903 4715 1180 4793 planum
1220 4736 1354 4779 sese
1398 4722 1455 4779 et
1484 4723 1802 4799 patentem
1832 4721 2142 4785 mentibus
2174 4722 2405 4784 nostris
2434 4720 2641 4800 offert-.-

691 4805 765 4863 ut
793 4820 920 4863 non-
956 4806 1084 4865 tam
1116 4800 1398 4865 humana
1433 4804 1606 4867 intus
1641 4806 1725 4868 ad
1745 4804 2211 4889 intelliyeridum
2230 4807 2415 4884 rati0‚
2449 4825 2642 4886 quam

690 4886 856 4967 ipse,
914 4888 999 4951 ad
1056 4908 1121 4951 se
1173 4889 1285 4967 qui
1337 4909 1453 4952 nos
1502 4896 1705 4968 vocat,
1761 4898 2045 4971 operetur
2089 4893 2159 4955 in
2223 4891 2401 4955 nobis
2442 4889 2638 4954 Deus

700 4972 895 5052 Quem
950 4993 1055 5056 eqo
1114 4973 1322 5037 Deum
1369 4981 1620 5056 patrem
1680 4979 1883 5040 omnis
1939 4983 2138 5043 rectae
2202 4976 2642 5059 intelli9entiae

692 5058 962 5139 supplex
1003 5080 1251 5139 precor,
1307 5066 1377 5124 ut
1421 5068 1477 5125 et
1527 5060 1685 5124 mihi
1744 5063 1827 5126 ad
1870 5063 2200 5127 dicendum
2244 5067 2300 5127 et
2339 5063 2509 5127 vobis
2557 5062 2642 5127 ad

685 5144 1190 5223 percipiendum,
1248 5167 1318 5210 ea
1377 5148 1743 5212 adiumenta
1799 5169 1953 5212 suae
2008 5149 2405 5231 beniqnitatis
2452 5168 2641 5229 prae-

694 5229 846 5310 beat,
879 5252 1000 5311 per
1036 5253 1195 5312 quae
1225 5235 1557 5312 possimus
1599 5234 1825 5298 ite-rum
1869 5235 1932 5297 in
1980 5255 2105 5298 uno
2149 5235 2327 5300 corde
2361 5256 2509 5317 erqa
2544 5236 2642 5316 ip·

691 5334 836 5379 sum
880 5322 936 5381 et
977 5318 1046 5381 in
1090 5339 1220 5382 una
1263 5324 1458 5383 mente
1501 5321 1861 5384 consentire.
1951 5320 2186 5402 Atque,
2230 5326 2300 5384 ut
2339 5320 2485 5386 inde
2518 5321 2642 5384 ini·

2750 1712 2988 1776 similes
3032 1711 3247 1774 deinde
3291 1715 3476 1790 atque
3518 1710 3738 1791 diqnos
3771 1730 4026 1789 operum
4060 1714 4116 1773 et
4155 1709 4436 1774 laborum
4468 1715 4708 1774 nostro-

2749 1818 2895 1860 rum
2926 1797 3173 1878 fructus
3208 1798 3271 1859 in
3312 1796 3512 1859 altera
3547 1797 3679 1859 vita
3713 1796 4164 1875 adipiscamur.
4236 1797 4559 1876 Quumque
4592 1798 4708 1860 via

2757 1881 2992 1947 Christi
3034 1881 3260 1959 ardua,
3308 1887 3365 1944 et
3402 1882 3568 1944 ratio
3612 1882 3920 1963 deflendae
3962 1882 4136 1945 nobis
4179 1882 4519 1944 secundum
4560 1882 4705 1946 eius

2750 1969 2911 2051 leyes
2944 1974 2999 2034 et
3020 1973 3360 2048 praecepta
3394 1969 3559 2031 vitae
3588 1967 3998 2048 perdifficilis
4032 1968 4130 2044 sit,
4165 1973 4501 2048 propterea
4536 1968 4710 2048 quod

2752 2055 2997 2120 animos
3038 2059 3277 2117 nostros
3319 2052 3396 2116 ab
3440 2055 3609 2116 omni
3652 2058 4038 2117 terrenarum
4072 2053 4531 2117 iucunditatum
4567 2073 4711 2117 con-

2750 2143 2994 2223 tayione
3049 2160 3329 2217 avocare,
3396 2144 3451 2202 et
3501 2140 3569 2203 in
3623 2160 3691 2203 eo
3744 2139 3881 2221 ipso
3937 2159 4059 2202 uno
4108 2141 4323 2221 siyere,
4390 2139 4711 2219 despicere

2741 2227 3107 2307 praesent-ia
3150 2225 3306 2289 bona-
3350 2246 3509 2305 quae
3549 2225 3617 2288 in
3661 2224 3949 2289 manibus
4004 2223 4326 2301 habemus,
4385 2230 4441 2288 ct
4474 2226 4711 2305 futura

2752 2334 2913 2394 quae
2956 2332 3082 2376 non
3124 2313 3433 2376 cernimus
3475 2317 3762 2391 appetere
3804 2311 4122 2374 iubemur.-
4166 2312 4323 2374 tanti
4368 2315 4455 2375 est
4496 2316 4711 2375 tamen

2750 2399 3089 2477 unicuique
3129 2401 3409 2460 nostrum
3453 2418 3576 2460 sua
3618 2401 3674 2461 et
3715 2416 3870 2459 suae
3914 2397 4164 2460 animae
4196 2395 4390 2474 salus,
4434 2401 4507 2459 ut
4536 2396 4710 2461 nihil

2750 2505 3042 2550 recusare
3082 2503 3391 2562 asperum,
3435 2483 3601 2547 nih-il
3645 2482 4026 2546 laboriosum
4060 2502 4187 2544 non
4210 2483 4370 2562 pati,
4415 2483 4713 2546 aninmm

2751 2571 3156 2646 inducamus,
3202 2589 3323 2649 quo
3369 2569 3616 2632 tandem
3658 2569 4002 2649 aliquando
4047 2589 4178 2631 una
4220 2569 4400 2632 nobis
4441 2588 4554 2647 spe
4596 2588 4709 2632 sa-

2751 2657 2904 2720 lutis
2945 2661 3197 2718 nostrae
3229 2655 3579 2735 proposita,
3613 2675 3735 2735 per
3768 2675 4122 2730 aerumnas,
4152 2675 4277 2733 per
4319 2654 4551 2717 multas
4581 2654 4708 2718 sol-

2752 2743 3131 2819 licitudincS,
3149 2740 3206 2822 ²)
3253 2746 3593 2821 praeeunte
3631 2760 3871 2820 semper
3912 2739 4259 2804 actionibus
4298 2740 4531 2803 nostris
4570 2739 4715 2804 Dei

2752 2828 3069 2893 clementia
3089 2831 3146 2891 et
3165 2826 3617 2904 misericordia,
3647 2825 3928 2890 stabilem
3961 2827 4226 2891 salutem
4255 2826 4441 2890 illam
4475 2830 4531 2888 et
4549 2845 4710 2907 per-

2741 2919 3000 2994 petuam
3042 2932 3513 2992 consequamur.
3602 2913 3745 2977 Hac
3787 2933 3896 2993 spe
3949 2917 4092 2990 [pag.
4132 2916 4198 2990 9]
4259 2910 4550 2976 Christus
4592 2933 4716 2975 an—

2752 3001 3082 3065 nunciator
3125 2999 3256 3062 veri
3299 2998 3441 3062 boni
3455 3049 3469 3077 ,
3515 2998 3831 3079 quondam
3872 2999 3948 3063 ab
3993 2997 4132 3062 orbe
4176 3003 4496 3062 terrarum
4535 3002 4712 3061 tanto

2750 3106 3050 3153 consensu
3093 3091 3148 3149 et
3189 3085 3396 3149 studio
3442 3087 3718 3149 omnium
3762 3089 4044 3167 acceptus
4083 3084 4242 3165 fuit.-
4291 3083 4408 3147 hac
4461 3084 4713 3148 ratione

2751 3194 2794 3238 a
2846 3173 3024 3236 nobis
3078 3170 3387 3235 adoratur
3430 3176 3486 3233 et
3542 3170 3768 3237 colitur
3808 3191 4063 3252 vereque
4117 3170 4481 3253 aqnoscitur
4523 3168 4713 3232 Deus

2751 3280 2894 3336 esse,
2940 3263 2994 3321 et
3035 3256 3163 3321 Dei
3203 3258 3336 3320 veri
3372 3256 3581 3337 filius:
3622 3257 3789 3338 quod
3831 3277 4000 3320 unus
4041 3256 4179 3336 ipse
4220 3255 4297 3319 ab
4340 3255 4526 3318 initio
4571 3275 4711 3318 om-

2750 3346 2930 3409 nium
2972 3343 3367 3408 saeculorum
3421 3343 3671 3406 animos
3723 3343 4047 3406 hominum
4089 3342 4226 3406 Deo
4285 3341 4711 3423 omnipotenti,

2749 3432 2823 3494 in
2864 3451 2986 3512 quo
3030 3428 3162 3494 solo
3211 3429 3342 3494 vita
3385 3434 3500 3507 est,
3557 3431 3945 3505 immortuos‚
3965 3428 4022 3511 ⁸)
4078 3448 4151 3492 ac
4205 3427 4398 3499 huius
4450 3427 4712 3506 quidem

2748 3518 2970 3581 mundi
3025 3515 3366 3595 fallacibus
3408 3520 3465 3579 et
3504 3515 3759 3580 caducis
3802 3514 4127 3579 blanditiis
4156 3514 4434 3596 paulum
4476 3517 4713 3592 tempo-

2750 3604 2847 3667 ris
2889 3604 3173 3678 viventes,
3217 3621 3362 3666 mox
3394 3618 3671 3681 prorsus
3714 3606 3770 3665 et
3812 3621 3887 3664 ex
3929 3600 4100 3664 omni
4135 3601 4241 3663 sui
4263 3604 4453 3679 parte
4485 3598 4569 3661 ad
4605 3599 4713 3663 in-

2751 3690 2999 3753 teritum
3043 3687 3505 3765 condemnatos,
3548 3708 3591 3750 a
3633 3687 3926 3764 mortuis,
3981 3686 4095 3750 hoc
4134 3690 4247 3763 est,
4293 3684 4370 3749 ab
4411 3684 4523 3748 hoc
4564 3705 4713 3748 ma·

2749 3775 2916 3839 xime
2927 3774 3287 3855 pernicioso
3318 3774 3543 3837 mortis
3571 3793 3787 3855 yenere
3818 3773 4141 3836 excitavit.-
4161 3772 4537 3852 primusque
4566 3771 4714 3851 ipse

2748 3866 2935 3925 semet
2966 3860 3231 3925 salutem
3267 3865 3322 3922 et
3357 3859 3780 3923 liberationem
3816 3861 3868 3921 et
3901 3858 4251 3922 doctrinam
4272 3861 4549 3921 nostram
4570 3875 4714 3921 esse

2750 3948 2989 4025 volens,
3046 3949 3240 4009 morte
3280 3945 3495 4012 carnis
3537 3949 3814 4025 accepta,
3869 3948 3924 4019 et
3954 3944 4159 4025 paulo
4200 3947 4354 4022 post
4403 3943 4533 4005 vita
4573 3961 4713 4005 non

2748 4034 2882 4097 iam
2924 4031 3205 4112 amplius
3237 4030 3491 4095 mortali
3533 4036 3916 4110 recuperata,
3962 4049 4076 4094 suo
4119 4028 4395 4109 exemplo
4440 4047 4557 4091 nos
4604 4028 4709 4092 in-

2748 4119 2984 4184 struxit
3025 4123 3081 4181 et
3124 4118 3363 4182 docuit:
3419 4122 3490 4180 ut
3531 4117 3854 4181 contraria
3895 4116 4071 4198 lonqe
4113 4135 4188 4179 ac
4216 4116 4414 4195 prius
4456 4133 4715 4178 consue—

2747 4226 3039 4269 veramus
3092 4204 3229 4283 via,
3274 4204 3505 4267 mundo
3563 4202 3707 4267 huic
3766 4208 3823 4265 et
3875 4204 4083 4281 carni,
4138 4201 4247 4266 hoc
4291 4205 4404 4278 est,
4451 4206 4711 4278 peccato

2747 4292 3006 4369 mortui,
3052 4289 3188 4353 Deo
3232 4291 3451 4354 deinde
3493 4291 3866 4367 viveremus,
3923 4308 4180 4369 spesque
4221 4288 4293 4350 in
4337 4305 4404 4348 eo
4447 4292 4714 4350 nostras

2749 4378 2892 4440 bene
2947 4396 3021 4440 ac
3074 4376 3239 4439 beate
3280 4380 3581 4457 perpetuo
3637 4375 3885 4439 vivendi
3929 4392 4333 4453 poneremus.-
4400 4391 4556 4453 quae
4614 4378 4717 4436 est

2737 4464 3027 4543 propria,
3073 4466 3130 4523 et
3173 4483 3311 4524 vere
3351 4462 3547 4543 diqna
3588 4459 3716 4524 Dei
3758 4460 4191 4539 omnipotentis
4226 4459 4437 4542 qloria
4478 4463 4534 4520 et
4563 4477 4712 4521 ma·-

2748 4550 2977 4627 iestate,
3032 4552 3393 4612 nostrorum
3437 4547 3718 4609 omnium
3762 4569 3804 4611 a
3846 4547 4109 4610 mortuis
4159 4544 4514 4609 suscitatio.-
4567 4565 4707 4623 qua

2745 4654 2868 4697 non
2914 4654 3082 4697 unus
3128 4639 3241 4696 aut
3281 4632 3439 4696 alter
3481 4631 3692 4710 homO,
3746 4633 3853 4696 sed
3907 4636 4189 4697 cundum
4243 4630 4561 4693 hominum
4599 4650 4709 4712 ye—

2746 4740 2869 4784 nus
2912 4741 2954 4783 a
2998 4724 3156 4783 tetra
3202 4724 3255 4782 et
3295 4719 3548 4799 funesta
3590 4719 3839 4781 animae
3871 4723 4077 4797 morte,
4123 4718 4208 4782 ad
4240 4736 4453 4780 veram
4486 4719 4543 4778 et
4571 4734 4709 4779 coe-

2745 4805 2951 4869 lestem
2987 4806 3264 4870 eiusdem
3298 4805 3550 4868 animae
3583 4805 3779 4867 vitam
3812 4809 4165 4868 revocatum
4199 4808 4302 4867 est.
4367 4800 4550 4865 Hanc
4582 4799 4711 4866 hu-

2747 4892 3024 4955 iusmodi
3070 4913 3112 4955 a
3156 4891 3423 4955 mortuis
3466 4890 3929 4954 suscitationem
3969 4888 4093 4953 sibi
4121 4907 4476 4969 proponens
4523 4885 4713 4952 Pau-—

2744 4977 2863 5055 lus,
2900 4978 3376 5058 maximumque
3411 4976 3482 5039 in
3507 4996 3645 5039 eam
3666 4977 3914 5040 intuens
3942 4976 4299 5040 divinitatis
4324 4971 4559 5039 Christi
4593 4995 4710 5041 am-

3693 5265 3751 5330 2)
3788 5283 3888 5335 per
3922 5281 4205 5320 aerumnas
4252 5265 4449 5318 multas
4496 5272 4555 5317 et
4602 5281 4715 5333 per

2886 5267 2942 5332 1)
2984 5267 3158 5390 guod,
3207 5265 3343 5321 1576
3378 5283 3519 5337 seqq.

3710 5334 3771 5402 3)
3807 5343 4065 5404 mortuos,
4104 5332 4241 5387 1540
4272 5348 4412 5402 seqq.

2747 5337 2980 5391 sollicita
3076 5353 3152 5405 es,
3190 5335 3327 5389 1540
3362 5352 3500 5406 seqq.

3108 5501 3114 5509 ι
