5100 6061
666 409 791 471 183
942 456 949 461 .
2189 395 3144 465 PSYCHOPANNYCHIA.
4552 400 4675 462 184

665 593 933 679 spiritui
968 592 1542 676 inquinamentum
1576 590 1841 667 tribuat,
1878 609 2008 672 quo
2043 588 2307 651 nomine
2343 585 2490 650 aliis
2534 586 2628 651 lo-
2727 586 2903 649 inter
2936 602 3315 650 communes
3359 592 3426 647 et
3466 584 3712 665 primas
3756 585 3958 649 animi
3996 586 4464 669 conceptioneS,
4511 608 4681 670 quae

667 683 768 747 cis·
817 680 1143 763 significat
1196 699 1447 742 meram
1505 678 1876 758 puritatem.
1985 671 2240 738 Addam
2287 680 2354 736 et
2407 672 2625 755 locum
2731 692 2772 735 a
2827 678 3070 735 natura
3093 669 3144 754 ¹)
3213 670 3646 733 communiter
3699 670 4300 753 apprehenduntur.
4390 674 4683 739 Tametsi

673 767 972 839 alterum,
1019 785 1395 847 quanquam
1439 762 1629 827 video
1666 782 1792 839 666,
1830 760 1940 842 (161
1967 759 2353 824 calumniari
2377 758 2624 836 volent,
2730 757 2863 821 iam
2906 755 3134 820 multis
3177 754 3540 819 rationibus
3582 764 3949 839 pugnatum
3994 767 4111 836 est,
4158 778 4326 841 quae
4359 760 4676 838 evincere,

672 874 793 1025 {1¹⁰
789 852 942 1003 33?
943 874 976 916 Β
990 845 2276 1018 22⁶23322155¹1⁰2³J³⁶Qi¹3ss2832³13³3ffiffl
2305 845 2628 1012 {33³2ss
2729 839 3568 1008 ffiffladssssffiffi‘
3598 840 4411 995 ffss'ffiniffnffi‘ssffilssn
4420 867 4680 999 ᾚῖἕῖ

924 987 938 1001 ο
1226 986 1238 998 ·
1393 986 1405 999 ο
2245 981 2259 1007 9
3899 980 3915 1008 5

671 1045 838 1107 quae
885 989 1046 1088 sunt
1077 1021 1377 1098 hominis,
1416 1019 1545 1083 nisi
1587 1019 1859 1100 spiritus
1893 1017 2180 1081 hominis
2214 1017 2327 1098 qui
2369 1017 2441 1080 in
2482 1017 2624 1098 ipso
2728 1018 2845 1093 [sol.
2886 1018 2951 1092 7]
3004 1031 3274 1095 corpore
3320 1010 3722 1077 distinctam:
3780 1035 3945 1096 quae
3991 1022 4211 1080 tamen
4255 1034 4431 1083 nunc
4477 1019 4676 1083 subii-

672 1108 816 1175 est?
861 1110 973 1186 ita,
1021 1114 1087 1172 et
1129 1129 1293 1189 quae
1338 1115 1492 1171 sunt
1535 1103 1663 1168 Dei
1708 1124 1901 1167 nemo
1946 1102 2273 1187 cognovit,
2320 1102 2448 1166 nisi
2492 1102 2623 1184 spi·
2730 1099 3001 1177 cientur,
3047 1098 3391 1164 certiorem
3435 1096 3649 1162 adhuc
3694 1100 3833 1166 eius
3874 1102 3972 1165 rei
4001 1100 4201 1165 fidem
4229 1102 4484 1167 facient.
4540 1104 4679 1171 Ve-

671 1196 840 1260 ritus
883 1192 1041 1257 Dei:
1096 1200 1354 1275 poterat
1408 1190 1626 1255 dicere
1682 1190 2017 1254 hominem
2068 1188 2237 1254 scire
2282 1209 2448 1271 (1666
2505 1209 2626 1252 sua
2729 1185 2839 1249 nio
2874 1185 3049 1249 enim
3089 1183 3171 1248 ad
3207 1181 3293 1262 id,
3340 1182 3515 1266 quod
3550 1186 3835 1250 secundo
3869 1186 4008 1251 loco
4055 1208 4095 1251 a
4128 1208 4235 1253 me
4272 1191 4679 1271 propositum

672 1290 855 1344 sunt:
904 1277 1017 1344 sed
1059 1286 1313 1360 partem
1354 1276 1538 1340 illam
1572 1278 1773 1342 verbo
1817 1275 2188 1358 appellavit,
2233 1275 2303 1337 in
2348 1294 2477 1355 qua
2519 1294 2624 1337 re·
2729 1277 2903 1335 erat:
2960 1270 3133 1335 Eam
3188 1269 3402 1351 ipsam
3458 1270 3746 1335 animam
3792 1272 3873 1337 ab
3916 1273 4191 1337 interitu
4235 1275 4520 1356 corporis
4563 1297 4679 1339 su-

673 1365 841 1432 sidet
860 1366 961 1430 vis
985 1363 1315 1447 cogitandi
1338 1370 1403 1427 et
1424 1360 1856 1446 intelligendi.
1913 1363 2132 1443 Atque
2168 1360 2383 1436 etiam,
2420 1380 2621 1441 quum
2727 1357 3064 1438 perstitem
3109 1376 3406 1433 manere,
3452 1376 3649 1421 sensu
3693 1377 3769 1421 ac
3812 1358 4250 1442 intelligentia
4292 1360 4674 1442 praeditam.

675 1452 849 1529 dicit,
897 1451 1198 1533 spiritum
1231 1449 1362 1514 Dei
1398 1448 1841 1513 testimonium
1885 1446 2157 1511 reddere
2179 1445 2441 1527 spiritui
2473 1466 2623 1509 nos·
2674 1478 2679 1549 Ι
2726 1441 3016 1506 Fallitur
3047 1448 3268 1505 autem
3299 1441 3410 1523 qui
3456 1443 3789 1507 existimat
3830 1465 3936 1509 me
3982 1445 4088 1510 hic
4132 1445 4310 1510 aliud
4343 1446 4679 1529 quidpiam

672 1548 802 1614 tro,
861 1534 1030 1617 quod
1084 1535 1204 1599 filii
1244 1535 1373 1598 Dei
1414 1555 1639 1598 sumus
1694 1534 1913 1618 (Rom.
1954 1538 2012 1609 8,
2060 1532 2196 1614 16),
2252 1552 2469 1596 nonne
2515 1552 2623 1595 ea-
2729 1529 3077 1606 affirmare,
3123 1547 3318 1610 quam
3361 1528 3617 1592 animae
3660 1530 4238 1595 immortalitatem.
4307 1529 4384 1597 Si
4415 1533 4680 1615 quidem

674 1622 822 1687 dem
866 1620 1171 1704 loquendi
1213 1621 1612 1703 proprietate
1644 1640 1803 1683 usus
1839 1617 1979 1684 est?
2052 1617 2250 1697 Quid,
2288 1616 2458 1699 quod
2493 1637 2623 1681 uno
2728 1610 2839 1696 qui
2884 1614 3174 1678 animam
3220 1613 3450 1677 vivere
3502 1614 3818 1692 fatentur,
3877 1615 4187 1699 illamque
4242 1618 4437 1681 simul
4494 1620 4679 1684 omni

670 1708 871 1773 verbo
916 1707 1303 1772 convincere
1348 1727 1457 1770 eos
1502 1704 1726 1789 potui?
1759 1704 1810 1787 ¹)
1879 1703 2139 1770 Scimus
2185 1703 2379 1780 enim,
2406 1723 2625 1785 ,quam
2728 1721 2924 1764 sensu
2970 1698 3271 1781 spoliant,
3316 1719 3584 1781 prorsus
3629 1702 3916 1765 animam
3962 1705 4249 1785 fingunt,
4302 1724 4467 1785 quae
4509 1706 4681 1769 nihil

674 1814 864 1876 saepe
897 1791 1151 1858 Christi
1172 1806 1329 1857 voce
1366 1791 1714 1856 damnatus
1746 1792 1831 1856 sit
1867 1811 2049 1855 error
2072 1787 2622 1865 Sadducaeorum,
2729 1787 2988 1849 animae
3033 1785 3297 1849 habeat:
3358 1792 3473 1847 aut
3530 1788 3819 1851 animam
3860 1788 4073 1869 ipsam
4116 1808 4155 1852 a
4199 1811 4268 1854 se
4313 1790 4457 1872 ipsa
4499 1791 4681 1856 avel-

674 1881 857 1945 cuius
909 1886 1165 1961 partem
1219 1899 1359 1942 esse
1404 1879 1621 1942 Lucas
1674 1879 1745 1941 in
1790 1877 1975 1941 Actis
2032 1877 2164 1960 (23,
2215 1878 2284 1957 8)
2341 1875 2621 1956 scripsit,
2728 1870 2904 1935 lunt:
2964 1892 3165 1954 quum
3221 1871 3360 1935 eius
3407 1878 3692 1951 natura,
3750 1873 3890 1937 sine
3950 1895 4082 1956 qua
4136 1877 4489 1941 consistere
4541 1876 4679 1942 ullo

672 1964 846 2048 quod
892 1964 1199 2046 spiritum
1241 1984 1377 2027 non
1414 1984 1554 2028 esse
1591 1964 1897 2028 dicerent.
1968 1961 2193 2026 Verba
2218 1970 2404 2024 sunt:
2453 1959 2623 2024 Sad-
2727 1956 2921 2022 modo
2967 1957 3214 2038 nequit,
3262 1957 3350 2020 sit
3380 1960 3651 2037 moveri,
3700 1960 3962 2036 sentire,
3997 1962 4238 2044 vigere,
4279 1962 4676 2046 intelligere:

674 2049 904 2115 ducaei
950 2057 1170 2114 autem
1216 2049 1443 2115 dicunt
1457 2101 1471 2126 ,
1520 2071 1652 2113 non
1699 2070 1840 2114 6666
1884 2047 2459 2124 resurrectionem,
2505 2066 2624 2109 ne·
2729 2050 2925 2125 atque
2971 2042 3078 2125 (ut
3121 2043 3215 2106 ait
3258 2042 3733 2129 Tertullianus)
3752 2046 3810 2127 2)
3858 2046 4117 2110 66111166
4160 2048 4396 2128 61111116,
4444 2069 4678 2114 66116116

674 2158 801 2219 (166
842 2135 1148 2219 angelum
1167 2186 1181 2212 ‚
1228 2156 1439 2218 noque
1492 2136 1819 2217 spiritum:
1876 2134 2218 2199 Pharisaei
2261 2152 2418 2196 vero
2462 2131 2623 2197 11666
2730 2130 2833 2193 sit.
2922 2129 3133 2193 Istam
3192 2149 3348 2212 ergo
3406 2128 3968 2196 immortalitatem
4026 2154 4108 2197 ex
4166 2133 4491 2216 scriptura
4545 2132 4678 2199 dis-

674 2222 894 2287 omnia
938 2222 1350 2287 confitentur.
1421 2222 1673 2285 Vereor
1717 2243 1801 2285 ne
1845 2220 1927 2285 de
1971 2219 2205 2302 spiritu
2247 2224 2472 2283 sancto
2517 2237 2623 2282 ca-
2673 2248 2678 2271 ·
2728 2234 2971 2295 6611166.

673 2307 986 2371 villentur
1031 2307 1191 2371 11666
1233 2306 1531 2389 intelligi,
1579 2314 1695 2370 aut
1741 2306 1820 2371 (16
1866 2305 2135 2390 angelis.
2205 2302 2329 2369 Oui
2369 2303 2622 2368 obiecto

674 2393 861 2456 facile
906 2399 1006 2457 est
1049 2413 1404 2458 occurrere.
1496 2393 1670 2455 Nam
1726 2401 1792 2455 et
1848 2391 2112 2475 angelos
2171 2410 2464 2455 seorsum
2505 2408 2623 2471 po-
2902 2383 3128 2465 966111
3174 2385 3483 2452 Christus
3528 2409 3681 2452 suos
3726 2388 4045 2468 hortatur,
4103 2412 4185 2455 ne
4241 2392 4519 2457 timeant
4568 2415 4681 2459 666

675 2479 831 2543 suit:
880 2486 946 2542 et
977 2486 1228 2543 certum
1261 2485 1360 2542 est
1391 2478 1768 2542 Pharisacis
1801 2478 1933 2542 illis
1967 2476 2221 2541 nullam
2255 2477 2388 2540 fere
2421 2475 2625 2539 fuisse
2728 2471 2843 2553 qui
2888 2472 3192 2536 occidunt
3246 2492 3508 2554 corpus,
3566 2474 3856 2538 animam
3913 2483 4136 2540 autem
4196 2477 4488 2544 occidere
4542 2500 4681 2544 non

674 2564 948 2646 spiritus
994 2564 1203 2630 sancti
1245 2565 1565 2628 notitiam.
1635 2565 1858 2645 Atque
1903 2564 2101 2627 etiam
2144 2561 2211 2625 id
2245 2561 2482 2625 melius
2518 2582 2623 2625 as-
2728 2566 3035 2640 possunt;
3082 2556 3197 2623 sed
3241 2579 3391 2622 eum
3438 2560 3741 2636 timeant,
3789 2562 3900 2642 qui
3943 2582 4145 2643 quum
4188 2564 4494 2630 occiderit
4537 2586 4681 2630 cor-

675 2657 1046 2731 sequentur,
1091 2650 1202 2731 qui
1246 2646 1476 2733 graece
1521 2662 1793 2713 norunt:
1835 2650 2056 2714 Lucas
2099 2649 2275 2713 enim
2318 2648 2461 2712 sine
2507 2645 2623 2712 ad—
2728 2663 2870 2725 pus,
2895 2644 3182 2707 animam
3203 2650 3418 2726 potest
3439 2646 3699 2710 mittere
3722 2648 3794 2710 in
3815 2648 4187 2729 gehennam
4207 2651 4380 2733 ignis
4404 2651 4677 2725 (Matth.

674 2735 948 2799 iectionc
993 2734 1268 2813 articuli,
1317 2735 1486 2799 dixit
1525 2738 1777 2815 πνεῦμα,
1821 2736 2193 2800 adiecturus
2236 2732 2520 2811 indubie,
2568 2731 2625 2797 si
2735 2734 2831 2807 10,
2872 2732 2985 2809 28;
3028 2730 3195 2795 Luc.
3245 2733 3337 2808 12,
3379 2732 3476 2811 5):
3535 2754 3621 2796 an
3675 2753 3810 2796 non
3853 2732 4075 2798 innuit
4116 2737 4403 2799 animam
4448 2758 4679 2819 super-

677 2820 756 2884 de
796 2822 1035 2902 spiritu
1094 2829 1318 2886 sancto
1377 2821 1680 2904 loquutus
1735 2829 1921 2887 esset.
2011 2821 2161 2885 Hoc
2205 2821 2260 2884 si
2315 2840 2449 2884 non
2493 2818 2624 2883 illis
2730 2836 2872 2881 esse
2916 2823 3065 2897 post
3106 2816 3430 2880 mortem?
3521 2818 3825 2900 Benigne
3870 2840 4026 2885 vero
4082 2820 4153 2883 in
4206 2843 4282 2886 eo
4338 2822 4679 2888 nobiscum

674 2928 745 2971 os
786 2907 1082 2983 obstruit,
1129 2927 1264 2971 non
1303 2907 1486 2972 video
1518 2929 1646 2989 qua
1682 2909 1931 2972 ratione
1965 2906 2069 2973 vel
2102 2906 2295 2983 trahi,
2333 2904 2437 2970 vel
2475 2902 2624 2968 duci
2731 2902 2867 2984 egit
2901 2902 3108 2980 Deus,
3142 2902 3312 2983 quod
3348 2903 3602 2968 animas
3638 2911 3893 2969 nostras
3928 2906 4202 2971 istorum
4240 2907 4506 2973 arbitrio
4542 2931 4679 2973 non

673 2993 953 3075 possint:
1009 2994 1139 3058 nisi
1194 2994 1358 3058 forte
1416 2993 1661 3072 dicant,
1723 3015 1931 3077 neque
1988 2994 2366 3059 damnatam
2420 2990 2623 3055 fuisse
2676 3000 2679 3054 ὲ
2730 2987 3045 3085 permisit,
3091 2988 3203 3071 qui
3245 2987 3403 3053 adeo
3448 3010 3531 3054 ex
3570 2990 3742 3055 facili
3779 3011 3888 3056 eas
3924 2992 4284 3058 trucidant:
4332 3004 4449 3060 aut
4482 3002 4679 3075 certe,

674 3101 758 3144 ex
803 3100 878 3144 eo
918 3077 1449 3145 Sadducaeorum
1497 3081 1904 3162 opinionem,
1951 3079 2121 3163 quod
2166 3079 2467 3160 spiritum
2509 3098 2626 3140 ne-
2675 3059 2679 3140 1
2729 3094 2885 3155 (1616
2929 3094 3063 3138 11611
3107 3085 3398 3157 possunt,
3444 3084 3782 3141 conantur.
3862 3079 4159 3162 Tyranni
4202 3088 4526 3163 torquent,
4574 3102 4680 3145 se—

674 3172 936 3248 garent:
984 3186 1194 3248 neque
1227 3167 1565 3247 probatam
1598 3167 2126 3243 Pharisaeorum,
2167 3162 2338 3247 quod
2378 3183 2625 3227 assere·
2675 3175 2678 3190 ¹
2729 3166 2899 3238 cant,
2944 3167 3166 3238 urunt,
3214 3160 3583 3241 verberant,
3631 3163 4060 3245 suspendunt,
4108 3165 4220 3230 sed
4266 3188 4525 3250 corpus:
4571 3189 4679 3232 so-

673 3258 842 3315 rent.
934 3251 1063 3315 Cui
1104 3251 1336 3316 cavillo
1390 3253 1535 3333 ipsa
1591 3252 2032 3335 evangelistae
2075 3249 2279 3314 verba
2335 3248 2621 3313 obviant.
2673 3251 2680 3370 i
2728 3244 2832 3309 lus
2877 3253 2981 3344 est
3012 3245 3214 3324 Deus,
3260 3247 3372 3329 qui
3406 3248 3506 3312 ius
3542 3248 3742 3313 habet
3773 3250 3846 3313 in
3884 3251 4192 3329 animam,
4239 3259 4316 3316 ut
4348 3274 4490 3317 eam
4523 3253 4678 3317 mit-

673 3337 807 3402 Ubi
855 3338 1030 3400 enim
1059 3336 1254 3401 Pauli
1300 3338 1773 3401 confessionem
1800 3338 2038 3419 posuit,
2077 3336 2512 3400 Pharisaeum
2556 3355 2624 3399 se
2674 3379 2678 3402 .
2729 3339 2827 3395 tat
2875 3353 2945 3396 111
3001 3332 3375 3416 gehennam
3419 3334 3622 3417 ignis.
3701 3336 3841 3399 Aut
3895 3337 4098 3420 igitur
4154 3339 4373 3402 anima
4425 3339 4679 3422 reliqua

676 3440 851 3486 esse:
887 3421 1105 3486 subdit
1136 3443 1280 3486 eam
1304 3422 1817 3486 Pharisaeorum
1850 3422 2264 3487 sententiam.
2326 3423 2468 3485 Aut
2499 3421 2624 3504 igi·
2674 3405 2680 3550 ι
2729 3426 2830 3481 est
2870 3427 3021 3500 post
3062 3426 3368 3483 mortem:
3422 3427 3537 3484 aut
3587 3420 3829 3485 falsum
3871 3431 3997 3501 est,
4044 3424 4349 3506 tyrannis
4391 3431 4680 3507 potesta-

676 3514 787 3571 tur
829 3514 1084 3589 oportet
1137 3507 1441 3572 callidam
1495 3516 1561 3571 et
1615 3508 2009 3573 malitiosam
2052 3509 2254 3572 fuisse
2297 3506 2492 3571 Pauli
2537 3508 2625 3570 si·
2675 3553 2678 3560 .
2727 3510 2864 3567 tem
2907 3525 3043 3570 non
3087 3525 3230 3570 esse
3285 3505 3353 3568 in
3411 3506 3719 3570 animam.
3807 3507 3939 3572 Hic
3995 3509 4099 3592 (ut
4142 3510 4362 3592 audio)
4406 3532 4677 3593 respon-

676 3591 1126 3657 mulationem:
1186 3593 1388 3675 (quod
1443 3594 1640 3676 recipi
1697 3617 1830 3659 non
1872 3593 2064 3660 debet
2108 3595 2177 3657 in
2223 3594 2624 3658 confessione
2731 3588 2906 3668 dent,
2954 3591 3241 3655 animam
3279 3591 3543 3674 quidem
3579 3591 3663 3656 ad
3696 3613 4007 3675 praesens
4042 3594 4262 3674 occidi,
4310 3595 4468 3660 dum
4498 3618 4678 3662 mors

675 3675 856 3761 fidei)
903 3685 1019 3742 aut
1061 3699 1210 3743 cum
1244 3679 1621 3745 Pharisaeis
1662 3680 1742 3744 (16
1787 3681 2020 3763 spiritu
2068 3680 2365 3745 sensisse.
2431 3676 2626 3758 Quod
2727 3675 3079 3759 infligitur:
3127 3675 3241 3742 sed
3284 3699 3417 3742 non
3460 3679 3692 3761 perire,
3738 3680 3892 3761 quia
3934 3681 4228 3750 futurum
4263 3691 4378 3761 est,
4426 3690 4500 3746 ut
4534 3705 4679 3748 sus-

677 3765 734 3829 si
777 3763 964 3828 nobis
1003 3764 1203 3829 fidem
1254 3765 1504 3830 faciunt
1557 3766 1894 3845 historiae,
1950 3766 2073 3831 hoc
2128 3765 2398 3849 perinde
2450 3765 2626 3829 inter
2731 3761 2985 3827 citetur.
3043 3761 3194 3843 966
3217 3763 3327 3827 via
3349 3764 3406 3828 si
3421 3766 3478 3847 Β)
3503 3764 3781 3829 evadere
3806 3765 4056 3845 volunt,
4093 3767 4452 3833 concedant
4483 3789 4676 3850 opor-

676 3850 999 3933 apostolos
1043 3857 1296 3915 certum
1340 3861 1481 3915 erat
1514 3872 1588 3916 ac
1622 3854 2066 3930 constitutum,
2113 3859 2307 3934 atque
2335 3858 2624 3916 mortuo-
2730 3855 2828 3912 tet
2860 3870 3076 3932 neque
3113 3869 3346 3931 corpus
3378 3850 3599 3927 occidi,
3637 3851 3811 3932 quod
3846 3852 4048 3916 etiam
4082 3855 4516 3918 suscitabitur.
4582 3855 4679 3920 Et

676 3957 827 4001 rum
870 3937 1276 4013 resurrectio,
1324 3944 1440 4001 aut
1481 3937 1740 4019 aliquod
1785 3939 1995 4003 simile
2030 3937 2185 4003 fidei
2217 3945 2481 4002 nostrae
2514 3959 2623 4002 66-
2729 3935 2883 4016 (1616
2917 3945 3270 4018 utrumque
3305 3945 3734 4001 conservatur
3765 3937 3835 4001 in
3871 3937 4042 4002 diem
4082 3938 4321 4015 iudicii,
4366 3947 4678 4005 neutrum

676 4029 813 4105 put.
901 4021 1052 4086 Non
1107 4021 1357 4106 pigebit
1412 4023 1540 4087 huc
1595 4024 1960 4089 adscribere
2017 4023 2227 4090 verba·
2254 4023 2620 4107 Polycarpi,
2726 4022 2914 4103 perit.
2983 4021 3281 4086 Verbum
3325 4029 3543 4086 autem
3589 4020 3842 4087 Christi
3884 4025 4128 4089 fatetur
4171 4046 4406 4108 corpus
4450 4026 4674 4105 occidi,

673 4108 803 4174 viri
847 4109 1147 4174 omnibus
1192 4116 1259 4173 et
1303 4108 1496 4174 dictis
1529 4118 1595 4173 et
1627 4110 1818 4174 factis
1852 4111 2166 4192 spirantis
2198 4111 2618 4194 martyrium:
2729 4107 3019 4172 animam
3062 4128 3203 4172 esse
3259 4107 3513 4172 salvam
3568 4115 3865 4173 testatur.
3955 4110 4103 4174 Hac
4158 4110 4415 4178 dicendi
4466 4112 4678 4178 forma

674 4195 785 4277 qui
807 4203 874 4257 et
895 4193 1250 4277 discipulus
1286 4195 1725 4278 apostolorum
1759 4196 1898 4274 fuit,
1936 4204 2003 4261 et
2037 4197 2130 4260 ita
2162 4197 2414 4261 sincere
2446 4194 2622 4278 quod
2728 4192 3036 4258 Christus
3082 4193 3289 4257 utitur
3331 4193 3412 4257 de
3440 4215 3560 4259 sua
3602 4194 3810 4275 ipsius
3857 4203 4086 4276 morte,
4117 4218 4317 4280 quum
4354 4198 4472 4261 ait:
4522 4195 4672 4262 Sol-

673 4280 756 4345 ab
799 4279 930 4344 illis
975 4289 1327 4364 acceperat,
1373 4280 1652 4362 posteris
1685 4281 1977 4360 tradidit,
2024 4290 2101 4346 ut
2129 4282 2301 4345 nihil
2331 4302 2622 4364 unquam
2727 4280 2860 4343 vite
2885 4278 3201 4362 templum
3241 4279 3379 4358 hoc,
3417 4289 3485 4343 et
3518 4280 3587 4343 in
3605 4279 3820 4344 triduo
3858 4282 4181 4347 suscitabo
4213 4282 4377 4347 illud
4411 4283 4671 4365 (Ioann.

671 4366 1029 4431 immisceri
1069 4367 1377 4431 fermenti
1419 4388 1650 4449 passus
1692 4367 1908 4432 fuerit.
1933 4369 1991 4453 ²)
2079 4367 2147 4432 Is
2202 4368 2405 4451 igitur
2447 4369 2624 4431 inter
2728 4368 2786 4442 2,
2829 4366 2955 4447 19).
3046 4363 3326 4429 Dicebat
3360 4375 3582 4429 autem
3627 4365 3707 4429 de
3749 4366 3993 4449 templo
4039 4369 4327 4452 corporis
4372 4370 4498 4434 sui:
4546 4390 4677 4452 qua

671 4450 918 4516 multas
962 4451 1327 4533 praeclaras
1348 4473 1556 4532 voces,
1602 4474 1761 4536 quas
1804 4455 2108 4519 flammae
2152 4454 2451 4518 admotus
2483 4452 2620 4518 edi·
2727 4451 2978 4514 ratione
3022 4451 3306 4514 animam
3364 4451 3444 4515 ab
3502 4472 3731 4515 eorum
3782 4461 4106 4534 potestate
4164 4455 4417 4534 eximit,
4475 4477 4677 4538 quam

672 4535 786 4615 dit,
832 4557 909 4601 eo
953 4536 1058 4601 die
1103 4539 1732 4620 repraesentandum
1776 4560 1846 4604 se
1892 4540 2060 4605 dixit
2101 4559 2320 4605 coram
2363 4541 2506 4604 Deo
2548 4537 2622 4602 in
2728 4536 2929 4600 etiam
2972 4535 3260 4600 moriens
3305 4536 3376 4599 in
3420 4556 3655 4603 manus
3700 4540 3904 4620 patris
3950 4540 4378 4618 commendat,
4423 4549 4499 4605 ut
4539 4542 4677 4605 Lu-

672 4623 926 4704 spiritu.
1008 4621 1157 4703 966
1203 4622 1428 4689 eodem
1473 4632 1763 4707 tempore
1807 4626 2034 4691 Melito
2079 4627 2418 4709 opiscopus
2462 4622 2620 4689 Sar·
2727 4641 2835 4686 cas
2879 4620 3106 4686 scribit
3148 4635 3214 4684 et
3255 4621 3476 4688 David
3519 4624 3939 4705 praedixerat
3983 4627 4172 4710 (Luc.
4214 4630 4313 4705 23,
4353 4632 4464 4706 46;
4499 4626 4675 4691 Psal.

673 4708 1005 4791 densis,⁸)
1064 4710 1164 4773 vir
1206 4711 1385 4791 paris
1443 4711 1866 4790 sinceritatis,
1924 4711 2164 4777 librum
2219 4712 2482 4794 scripsit
2539 4710 2622 4775 de
2731 4711 2832 4785 31,
2873 4706 2963 4791 6).
3029 4708 3122 4772 Et
3143 4704 3524 4790 Stephanus
3562 4708 3736 4793 (Act.
3763 4715 3822 4789 7,
3851 4711 3960 4793 59)
3998 4713 4140 4777 eius
4178 4713 4500 4796 exemplo:
4541 4715 4679 4777 Do-

673 4813 940 4878 corpore
986 4803 1053 4859 et
1096 4795 1345 4860 anima:
1397 4797 1507 4878 qm‘
1554 4798 1608 4860 61
1653 4795 1845 4861 11οά16
1890 4805 2205 4874 exstaret,
2253 4797 2623 4879 superfluus

674 4889 846 4944 esset
880 4881 989 4946 1116
1025 4880 1225 4946 labor.
1297 4881 1478 4946 Adeo
1519 4890 1739 4946 autem
1785 4883 1944 4948 haec
1990 4885 2314 4965 sententia
2356 4882 2622 4947 meliore

673 4963 785 5029 illo
842 4967 1097 5032 saeculo
1146 4967 1386 5046 valuit,
1446 4975 1523 5030 ut
1579 4968 2023 5034 Tertullianus
2042 4971 2100 5053 ⁴)
2153 4976 2427 5052 reponat
2475 4988 2623 5032 eam
2874 4982 2931 5046 1)
2973 4981 3068 5037 Sic
3103 4979 3464 5062 15453—1563.
3526 4983 3793 5052 Princeps
3827 4992 4021 5066 poetro
4054 4985 4555 5067 mendoqensenbit:
4589 5001 4683 5068 66-

934 5145 967 5148 -
1034 5144 1079 5149 -
2733 5060 2956 5175 mx.
2989 5051 3608 5176 mffi⁶⁸m³⁵⁷⁶r⁸²
3629 5060 4150 5193 afflat-‘2253‘
4173 5053 4682 5193 ..2251ssssanss

1047 5260 1058 5271 .
2734 5189 3010 5310 prehende
3049 5203 3476 5269 comumnement
3510 5192 3575 5246 de
3602 5201 3809 5272 nature.
3946 5193 4006 5273 2)
4047 5193 4164 5247 Lib.
4187 5194 4254 5273 de
4278 5192 4683 5286 carne-Christi.

812 5254 869 5321 1)
908 5266 1101 5326 potu1t,
1139 5257 1272 5310 1576
1309 5277 1365 5312 se
1400 5280 1450 5331 q.
1652 5260 1711 5322 2)
1752 5260 1947 5314 Euseb.
1988 5262 2052 5314 H.
2090 5276 2137 5314 e.
2172 5261 2265 5330 IV,
2305 5263 2387 5316 15.
2560 5259 2621 5324 3)
2772 5261 2792 5322 )
2833 5259 2914 5326 S1,
2950 5264 3205 5312 omtttunt
3253 5257 3388 5310 1552
3423 5275 3562 5330 seqq.
3623 5261 3810 5316 Versae
3842 5262 4041 5329 qallwa
4074 5268 4360 5330 exprtmt:
4393 5262 4516 5316 Snls
4553 5279 4682 5316 veu-

672 5325 809 5378 Ibid.
847 5344 891 5379 c.
927 5324 1009 5379 26.
1217 5328 1273 5394 4)
1317 5277 1430 5384 Lil).
1469 5330 1534 5385 de
1572 5346 1768 5383 resurr.
1808 5331 1999 5383 6611116.
2730 5330 2843 5381 lent
2878 5327 3194 5395 eschapper.
