5100 6061
348 384 463 446 301

342 580 535 634 tuum
557 571 748 648 inest,
788 581 863 635 ut
896 572 1213 637 missariis
1240 572 1591 651 sacrificiis,
1632 572 1816 638 velut
1851 571 2295 636 satisfactione

338 656 707 739 persoluta,
766 667 1176 721 mortuorum
1233 658 1490 722 animae
1546 680 1585 723 a
1637 659 1917 740 peccatis
1975 659 2112 722 suis
2181 679 2294 721 ex-

336 743 622 825 pientur.
691 743 854 820 Hoc,
901 744 1199 826 inquam,
1248 764 1442 808 onere
1497 753 1823 826 utcunque
1865 741 2133 826 defungi
2179 765 2294 808 nc-

336 849 520 893 cesse
565 836 665 892 est
699 849 926 894 eorum
963 850 1512 913 unumquemque,
1559 831 1668 911 qui
1706 849 1922 894 sacras
1958 828 2108 893 illas
2142 850 2294 911 opes

337 915 754 996 participant.
823 914 1026 980 Nulla
1070 929 1170 980 est
1214 924 1350 980 tam
1408 915 1722 1014 opulenta
1781 915 2057 988 abbatia,
2116 915 2297 979 nulla

334 1021 605 1064 rursum
665 1001 1070 1083 cappellania
1124 1022 1329 1082 usque
1387 1022 1463 1064 eo
1520 1002 1764 1076 tenuis,
1826 1021 1989 1081 quae
2034 1023 2168 1064 non
2215 1022 2292 1065 ea

335 1085 483 1169 lege
542 1085 845 1151 devincta
896 1087 1000 1151 sit.
1069 1088 1206 1152 Nec
1262 1088 1562 1163 interest,
1620 1087 1830 1168 ipsine
1887 1108 2003 1170 per
2059 1107 2156 1160 se,
2205 1109 2291 1151 an

335 1171 663 1237 conducta
709 1173 929 1238 vicarii
976 1193 1203 1254 opera,
1251 1181 1550 1237 sanctum
1613 1171 1773 1236 illud
1819 1194 2061 1236 munus
2106 1194 2291 1238 exse-

334 1264 645 1339 quantur.
714 1257 1052 1340 Siquidem
1102 1280 1234 1322 non
1280 1258 1616 1323 defuturos
1671 1258 1994 1341 suspicor,
2052 1258 2164 1340 qui
2208 1257 2291 1322 ad

332 1344 646 1407 miseram
705 1343 874 1409 hanc
932 1346 1418 1409 excusationem
1475 1366 1544 1408 se
1616 1345 1985 1409 conferant:
2015 1345 2059 1422 ¹)
2122 1341 2294 1425 quod

331 1430 849 1528 inquinamentis
892 1430 1026 1493 illis
1062 1430 1145 1494 ad
1190 1429 1484 1496 sordidos
1521 1430 1915 1495 sacrificulos
1952 1428 2291 1514 ablegatiS,

332 1536 490 1597 opes
546 1516 671 1597 ipsi
728 1515 1106 1597 possideant
1160 1515 1341 1580 nullo
1398 1516 1640 1580 scelere
1695 1516 2089 1597 profanatas.
2159 1513 2293 1580 Sed

331 1599 497 1684 quid
550 1601 703 1665 inde
763 1623 955 1683 porro
1012 1601 1189 1666 aliud
1245 1611 1753 1683 consequentur,
1810 1601 1936 1665 nisi
2004 1613 2080 1664 ut
2133 1601 2289 1665 dum

329 1687 527 1768 culpa
582 1709 714 1751 una
765 1708 1048 1770 purgare
1106 1709 1175 1752 se
1234 1687 1598 1751 moliuntur
1617 1739 1631 1765 ,
1692 1686 2020 1769 duplicem
2065 1688 2291 1769 nequi-

330 1774 495 1836 tiam
553 1771 879 1855 prodant?
969 1772 1180 1849 Cedo,
1238 1773 1408 1856 quod
1468 1772 1780 1838 scelerate
1834 1781 2291 1855 perpetratum

327 1859 411 1922 ιιι
438 1859 869 1941 conspiciunt,
909 1859 990 1923 ab
1026 1880 1102 1923 eo
1146 1859 1449 1942 religiose
1478 1880 1712 1923 manus
1738 1858 2097 1923 abstinent:
2138 1879 2289 1940 per-

325 1943 730 2025 petrandum
783 1953 1003 2008 tamen
1059 1947 1325 2009 interim
1382 1945 1732 2028 diligenter
1788 1955 2041 2008 curant.
2121 1943 2288 2024 Qui-

328 2031 497 2095 bus
479 2050 616 2094 iam
654 2029 766 2094 obs
751 2051 916 2094 ecro
940 2031 1132 2113 culpa
1167 2031 1473 2096 facinoris
1511 2029 1935 2107 adscribetur,
1974 2031 2100 2095 nisi
2140 2031 2287 2113 qui-
2336 2057 2342 2136 1

326 2114 452 2180 bus
500 2114 835 2180 autoribus
891 2116 1250 2181 admissum
1306 2116 1542 2180 fuerit?
1613 2115 1837 2196 Quum
1894 2136 2051 2181 vero
2106 2116 2286 2180 iussu
2336 2151 2342 2176 ι

2335 2209 2342 2221 “
2391 2202 2682 2283 quotidie
2720 2203 2992 2285 spoliet?
3033 2203 3201 2284 Quis
3237 2213 3575 2269 aeternam
3615 2207 3718 2270 sui
3763 2209 4343 2275 sanctificationem

327 2202 812 2283 autoritateque
856 2223 976 2267 sua
1019 2202 1104 2267 ad
1144 2202 1536 2267 maleficium
1583 2201 1952 2284 impellant,
2009 2223 2287 2282 quorum

324 2289 698 2353 ministerio
731 2288 1115 2364 abutuntur,
1162 2310 1378 2352 annon
1420 2288 1700 2352 alterum
1737 2309 1990 2370 quoque
2035 2289 2287 2354 crimen

325 2373 437 2437 hic
482 2396 552 2439 se
595 2373 885 2456 profert?
946 2371 1021 2439 Si
1061 2374 1205 2455 quis
1247 2372 1576 2438 hominem
1620 2396 1660 2437 a
1704 2394 1775 2437 se
1818 2375 2286 2456 interemptmn

324 2458 476 2523 ideo
521 2470 824 2558 negaret,
873 2459 1046 2541 quod
1091 2482 1221 2524 non
1279 2482 1400 2524 sua
1454 2478 1685 2538 manu,
1731 2458 1847 2524 sed
1882 2460 2202 2524 conducto
2247 2481 2285 2524 a

325 2567 395 2610 se
443 2545 678 2610 sicario
712 2565 940 2610 caesus
973 2553 1161 2622 esset,
1209 2568 1248 2610 a
1292 2566 1419 2627 quo
1455 2511 1752 2609 nostrtim
1797 2567 1930 2609 non
1967 2566 2284 2627 conspue-

322 2630 553 2696 retur?
620 2631 875 2715 Nempe
911 2631 1022 2713 qui
1058 2652 1178 2696 sua
1214 2631 1612 2696 confessione
1658 2632 1756 2696 bis
1800 2653 1870 2707 se
1915 2639 2280 2697 accusaret:

328 2727 396 2780 et
445 2715 620 2798 quod
663 2716 879 2782 caedis
923 2727 1111 2781 autor
1154 2719 1381 2792 fuerit,
1430 2727 1495 2781 et
1551 2718 1722 2816 quod
1766 2702 2046 2782 alterum
2091 2701 2338 2782 malis¹
2332 2761 2336 2790 .

325 2801 587 2901 artibus
646 2815 1027 2900 corruptum
1085 2805 1153 2866 ιιι
1211 2803 1475 2867 sceleris
1542 2805 1919 2868 societatem
1985 2805 2278 2867 traxerit.

320 2973 672 3040 tumeliam
723 2973 871 3041 Deo
914 2974 1337 3058 irrogandam
1381 2986 1765 3058 procurant,
1814 2989 1881 3039 et
1925 2973 2008 3040 ad
2052 2974 2119 3039 id
2165 2997 2281 3040 au-

320 3060 617 3126 dendum
675 3062 837 3126 alios
893 3064 1101 3144 pretio
1146 3061 1616 3144 corrumpunt?
1687 3065 1783 3126 At
1827 3083 1959 3125 non
2001 3082 2130 3139 eos,
2177 3063 2279 3126 in—

318 3148 580 3230 quiunt,
647 3148 1148 3247 corrumpimus,
1218 3149 1329 3230 qui
1397 3148 1666 3213 venales
1731 3147 1812 3211 ad
1892 3147 2330 3233 patrandam

322 3233 631 3315 quamvis
684 3234 1087 3332 impietatem
1134 3242 1445 3316 prostant.
1509 3234 1794 3299 Perinde
1852 3256 1925 3299 ac
1972 3234 2027 3299 si
2072 3234 2280 3298 homi-

317 3319 469 3385 cida
522 3319 635 3383 ille
674 3320 947 3383 minime
985 3321 1065 3385 ab
1123 3342 1192 3385 se
1250 3328 1632 3401 corruptum
1686 3319 2092 3397 defenderet,
2150 3341 2276 3403 quo

317 3403 402 3469 ad
439 3404 838 3471 maleficium
874 3404 1263 3471 administro
1298 3427 1458 3470 usus
1493 3407 1706 3482 fuerit,
1756 3407 1908 3488 quia
1951 3371 2279 3489 gladiator

316 3498 518 3555 antea
539 3491 791 3568 fuisset,
820 3491 1176 3557 latrociniis
1213 3493 1636 3557 assuefactus.
1692 3457 1929 3573 'Itaque
1964 3491 2276 3573 quemad-

314 3576 594 3641 modum
637 3576 774 3655 ille,
822 3576 979 3641 dum
1021 3577 1346 3643 latronem
1391 3577 1856 3643 exercitatione
1901 3577 2092 3653 acuit,
2136 3578 2275 3641 eius

317 3662 667 3728 audaciam
711 3664 1082 3728 confirmat:
1128 3664 1226 3727 ita
1266 3664 1377 3728 isti
1420 3685 1581 3745 quos
1625 3663 1816 3728 novis
1861 3629 2134 3728 subinde
2169 3685 2274 3728 sa-

312 3748 606 3833 crilegiis
650 3758 973 3827 exercent,
1021 3770 1130 3814 eos
1168 3748 1251 3813 ad
1294 3750 1655 3831 nequitiam
1699 3750 1909 3849 magis
1953 3769 2027 3813 ac
2064 3748 2274 3833 magis

311 3834 531 3900 indies
574 3833 915 3899 obdurant.
985 3833 1121 3901 Sed
1156 3835 1280 3900 hac
1325 3845 1511 3917 parte
1546 3837 1813 3919 propius
1849 3836 2094 3899 instare
2132 3834 2272 3899 ani-

310 3942 464 3985 mus
521 3942 656 3984 non
714 3929 842 3987 est:
891 3942 1102 4003 neque
1147 3923 1422 3985 verbum
1467 3921 1794 3997 fecissem,
1838 3922 1962 3985 nisi
2008 3941 2128 3985 sua
2168 3941 2275 3984 me

309 4005 734 4089 improbitate
782 4006 1180 4090 coegissent,
1239 4006 1397 4071 dum
1451 4007 1522 4070 in
1589 4029 1660 4071 re
1717 4007 1875 4071 adeo
1929 4006 2277 4089 perspicua

308 4093 540 4158 fucum
600 4102 821 4157 tamen
875 4094 1095 4157 nescio
1150 4114 1346 4174 quem
1398 4093 1609 4158 facere
1664 4099 2000 4157 conantur.
2068 4092 2272 4170 Nihil,

308 4180 621 4261 inquam,
680 4199 790 4243 eos
843 4178 1020 4243 ultra
1085 4179 1361 4257 lacessO,
1420 4179 1612 4243 modo
1669 4179 1841 4242 inter
1908 4201 2025 4242 nos
2095 4144 2273 4242 istud

308 4270 604 4343 constet,
652 4263 826 4347 quod
881 4264 1065 4329 nullo
1125 4264 1357 4331 cavillo
1417 4264 1743 4330 declinare
1788 4266 1919 4328 iam
1961 4271 2270 4347 possunt:

308 4352 649 4415 neminem
695 4371 924 4415 eorum
970 4371 1111 4416 esse
1156 4353 1266 4433 qui
1325 4351 1587 4434 gemina
1628 4350 1771 4427 illa,
1817 4372 2012 4433 quam
2061 4371 2273 4431 nuper

308 4438 841 4515 commemoravi,
879 4436 1218 4519 impietate
1257 4442 1404 4518 [pag.
1445 4443 1552 4517 69]
1580 4457 1712 4501 non
1750 4437 1838 4501 sit
1869 4437 2269 4520 inquinatus.

304 4522 525 4587 Nemo
572 4531 673 4587 est
715 4524 925 4600 enim,
983 4524 1096 4604 qui
1151 4545 1284 4588 non
1340 4523 1434 4587 de
1475 4523 1791 4589 missariis
1837 4523 2040 4588 sacris
2083 4542 2270 4619 pera-

305 4608 545 4693 gendis
589 4574 980 4674 sceleratuin
1016 4610 1477 4676 commercium
1516 4610 1720 4674 ineat:
1760 4629 1954 4674 nemo
1990 4607 2103 4692 qui
2139 4629 2271 4672 non

303 4695 778 4761 commentitiis
834 4695 1411 4773 satisfactionibus,
1471 4717 1634 4778 quas
1690 4716 1809 4777 pro
1859 4704 2270 4758 mortuorum

304 4781 762 4881 redemptione
807 4778 1018 4846 Satan
1061 4782 1486 4865 excogitavit,
1534 4781 1816 4864 pretium
1860 4787 2123 4845 statuat.
2193 4777 2272 4843 Si

301 4888 425 4950 per
447 4868 723 4933 missam
760 4866 1009 4932 Christi
1047 4865 1498 4945 sacerdotium,
1536 4867 1709 4950 quod
1747 4874 2088 4931 aeternum
2126 4885 2270 4930 esse

303 4960 604 5036 oportet,
652 4953 1034 5052 abrogatur,
1073 4953 1129 5017 si
1164 4954 1583 5029 sacrificium,
1623 4975 1748 5052 quo
1806 4951 2008 5018 semel
2049 4950 2272 5016 omnia

302 5038 549 5104 delicta
571 5039 880 5121 expiavit,
930 5038 1244 5116 aboletur,
1293 5041 1345 5104 si
1376 5040 1645 5122 sanguis
1668 5040 1829 5118 eius,
1868 5040 2051 5104 cuius
2075 5058 2268 5101 mun-

450 5314 506 5376 1)
551 5313 645 5368 Sic
671 5316 936 5381 princeps
972 5313 1105 5368 sola.
1181 5311 1461 5366 Caeterae:
1499 5311 1794 5365 conferent.

1459 384 1586 470 DE:
1635 381 2233 449 SAOERDOTIO
2267 384 2618 450 PAPALI
2661 386 3233 453 ABHCIENDO.

4224 400 4346 461 302

2401 572 2557 637 ditie
2599 573 2928 640 abluimur
2972 596 3217 655 omnes,
3261 579 3661 661 conspuitur,
3706 579 3764 644 si
3809 588 3942 644 tota
3985 581 4347 665 redemptio

2399 669 2612 724 morte
2656 663 2794 726 eius
2840 662 3159 743 acquisita
3206 661 3589 746 dissipatur,
3636 665 3692 730 si
3731 686 3947 744 coena,
3992 688 4119 748 qua
4160 669 4347 735 nobis

2399 747 2632 810 mortis
2677 769 2831 812 suae
2875 749 3261 812 memoriam
3306 751 3810 827 commendavit,
3856 753 4254 834 profanatur,
4291 754 4348 819 si

2399 829 2525 893 Dei
2582 833 2884 898 maiestas
2944 841 3157 898 erecto
3212 836 3279 897 in
3334 836 3473 900 eius
3526 836 3740 901 locum
3795 803 3966 901 idolo
4022 837 4346 905 deiicitur:

2399 915 2684 980 viderint
2736 919 2845 999 qui
2898 919 3210 984 faciendis
3264 921 3483 986 missis
3537 931 3841 1005 sumptus
3906 924 4345 1022 suppeditant,

2399 1021 2527 1082 qua
2581 1003 2738 1066 satis
2792 1005 3083 1086 speciosa
3136 1006 3389 1070 ratione
3445 1029 3728 1091 purgare
3785 1030 3855 1073 se
3898 1011 4174 1091 possint,
4220 1032 4347 1094 quo

2397 1087 2616 1185 minus
2673 1089 2948 1152 istorum
3008 1092 3299 1154 omnium
3356 1093 3448 1155 rei
3506 1103 3816 1176 agantur,
3874 1096 4107 1177 quibus
4163 1119 4346 1162 occa-

2397 1172 2646 1236 sionem
2706 1175 2983 1240 scientes
3039 1195 3114 1239 ac
3168 1177 3461 1243 volentes
3518 1179 3851 1261 praebent.
3934 1179 4008 1246 Si
4070 1181 4348 1264 denique

2397 1258 2658 1322 nuUum
2712 1280 2750 1322 a
2793 1261 2991 1324 missa
3038 1261 3478 1360 blasphemiae
3523 1286 3731 1346 genus
3777 1266 3985 1343 abest,
4046 1288 4173 1349 quo
4216 1267 4345 1332 Dei

2399 1342 2778 1426 Christique
2823 1345 3030 1428 gloria
3074 1349 3277 1428 possit
3320 1349 3684 1427 obscurari,
3749 1350 4037 1416 viderint
4090 1355 4345 1436 quoties

2342 1443 2346 1472 ¹
2399 1430 2836 1495 sacrificulum
2896 1430 2980 1494 ad
3032 1432 3237 1497 altare
3291 1436 3591 1511 mittunt,
3638 1403 3723 1500 ah
3766 1458 3895 1501 non
3934 1438 4345 1520 triumphum

2397 1525 2744 1598 apparent,
2792 1537 2919 1598 quo
2964 1525 3174 1581 totum
3218 1518 3466 1582 Christi
3511 1542 3785 1603 regnum
3832 1545 3869 1586 a
3915 1521 4168 1588 Satan-a
4212 1537 4345 1589 tra-

2399 1600 2721 1666 ducatur?
2802 1602 2886 1666 In
2937 1602 3117 1668 hunc
3172 1603 3442 1668 modum
3502 1607 3553 1670 si
3610 1607 3949 1672 Christum
4005 1632 4153 1674 cum
4224 1632 4346 1675 sua

2397 1706 2589 1752 cruce
2645 1687 2925 1752 ludibrio
2988 1688 3262 1766 habere,
3311 1699 3378 1753 et
3431 1693 3818 1773 prostituere
3875 1693 4126 1758 homini
4172 1696 4344 1760 chri-

2395 1774 2608 1836 stiano
2645 1774 2831 1837 nefas
2868 1795 3002 1839 non
3039 1785 3153 1852 est,
3194 1740 3361 1838 nihil
3399 1777 3526 1840 erit
3563 1778 3734 1859 quod
3770 1801 3902 1842 non
3938 1781 4144 1846 liceat.
4201 1782 4344 1846 Imo

2395 1880 2555 1922 vero
2591 1859 2768 1923 mille
2805 1861 3020 1942 potius
3057 1869 3307 1926 mortes
3344 1862 3765 1944 oppetendae,
3801 1886 3992 1946 quam
4029 1867 4159 1930 tale
4193 1889 4344 1949 pro·

2337 1919 2344 2051 Ι
2393 1944 2586 2008 brum
2631 1955 3043 2011 sacrosancto
3080 1946 3328 2011 Christi
3377 1950 3654 2023 nomini,
3699 1959 3922 2014 nostra
3965 1951 4187 2033 culpa,
4225 1953 4343 2017 ali-

2393 2030 2655 2112 quando
2691 2033 3008 2096 inuratur.
3067 2031 3235 2112 Quis
3257 2035 3434 2097 enim
3470 2055 3544 2098 eo
3580 2035 4006 2100 intercessore
4043 2038 4341 2116 confidat,

2394 2137 2588 2198 quem
2644 2138 2761 2181 suo
2822 2117 3209 2195 sacerdotio,
3256 2117 3378 2184 hoc
3423 2130 3523 2183 est
3566 2119 4011 2186 intercedendi
4051 2145 4340 2201 munere,

2392 2299 2668 2370 reponat
2702 2290 2773 2353 in
2810 2290 3003 2354 unica
3034 2292 3080 2374 ¹)
3126 2289 3375 2355 Christi
3414 2290 3755 2368 oblatione,
3802 2314 3999 2375 quam
4045 2298 4342 2376 supposi-

2392 2375 2476 2438 tis
2521 2375 2665 2439 aliis
2710 2375 2969 2440 assidue
3013 2376 3267 2441 inducit
3303 2398 3377 2440 ac
3434 2375 3778 2442 obliterat?
3852 2378 4021 2459 Quis
4076 2401 4345 2445 suarum

2388 2460 2682 2524 sordium
2718 2461 3120 2527 ablutionem
3155 2471 3371 2545 speret
3407 2485 3446 2527 a
3483 2461 3734 2528 Christi
3769 2466 4109 2547 sanguine,
4148 2488 4345 2566 quem

2387 2547 2601 2628 porcis
2644 2548 3159 2614 conculcandum
3194 2548 3493 2631 proiicit?
3538 2548 3704 2629 Quis
3748 2571 3932 2633 spem
3975 2552 4206 2616 beatae
4240 2553 4344 2616 vi-

2388 2641 2493 2696 tae
2548 2654 2633 2696 ex
2690 2632 2940 2698 Christi
2992 2641 3204 2697 morte
3248 2635 3599 2715 concipiat,
3658 2637 3840 2700 cuius
3884 2637 4167 2701 fructum
4215 2638 4342 2703 alio

2388 2727 2463 2780 ut
2506 2719 2890 2796 transferat,
2948 2741 3093 2784 eam
3151 2731 3288 2784 tot-t
3334 2742 3454 2784 sua
3494 2722 3740 2784 virtute
3785 2722 4097 2785 enervat?
4168 2721 4339 2802 Quis

2388 2825 2456 2867 se
2501 2803 2753 2868 Christi
2798 2804 3309 2887 participatione,
3354 2816 3543 2869 extra
3587 2828 3782 2887 quam
3819 2828 3953 2870 non
3997 2808 4126 2871 nisi
4161 2829 4338 2873 mors

2387 2899 2503 2966 est,
2554 2891 2773 2953 vivere
2809 2891 3067 2973 cogitet,
3106 2892 3219 2972 qui
3256 2912 3509 2955 sacram
3546 2891 3688 2956 cius
3727 2894 4334 2959 communicationis

2328 2984 2703 3065 {tesseram
2763 2975 3154 3059 disrumpit?
3242 2975 3460 3058 Quam
3526 2978 3956 3043 conscientiae
4022 2980 4336 3043 securita-

2385 3070 2521 3127 tem
2578 3062 2660 3127 ad
2716 3061 2843 3127 Dei
2899 3061 3184 3126 tribunal
3242 3064 3476 3127 afferat
3517 3063 3656 3141 ille,
3702 3065 3811 3146 qui
3856 3066 3995 3128 eius
4039 3065 4332 3149 gloriam,

2384 3169 2580 3230 quam
2632 3148 2953 3213 illibatam
3008 3148 3129 3213 sibi
3183 3150 3296 3213 uni
3347 3151 3596 3213 servari
3652 3151 3889 3231 poscit,
3948 3149 4030 3214 ad
4083 3149 4332 3215 idolum

2383 3234 2749 3300 traductam
2795 3234 3136 3317 procuret?
3184 3236 3440 3316 Atqui
3423 3258 3494 3299 111
3530 3256 3606 3299 eo
3649 3235 3860 3314 corde,
3907 3236 4009 3300 cui
4054 3237 4186 3300 sint
4218 3236 4335 3301 illa

2380 3322 2601 3385 omnia
2643 3320 2878 3399 ablata,
2916 3342 3081 3402 quae
3118 3322 3223 3386 vel
3258 3320 3410 3385 fidei
3457 3321 3563 3385 vel
3604 3322 3865 3404 pietatis
3909 3320 4194 3387 scintilla
4229 3344 4331 3387 re-

2380 3416 2557 3471 stare
2598 3406 2854 3488 potest?
2893 3406 3054 3471 Illas
3089 3414 3424 3489 praeterea
3459 3407 3929 3473 satisfactiones
3967 3405 4126 3471 dum
4160 3429 4331 3472 mer-

2381 3499 2637 3569 cantur,
2684 3492 2917 3574 quibus
2952 3515 2991 3556 a
3034 3494 3327 3559 cruciatu
3366 3493 3710 3559 solvantur
3744 3502 4155 3558 mortuorum
4192 3496 4333 3559 ani-

2378 3598 2555 3655 mae,
2601 3579 2846 3642 mirum
2890 3579 3018 3642 nisi
3062 3579 3264 3661 probe
3308 3578 3719 3663 intelligunt,
3767 3601 3964 3665 quam
4009 3580 4335 3664 flagitiosa

2378 3664 2448 3727 ιιι
2517 3629 2860 3728 Christum
2928 3664 3205 3745 perfidia
3270 3686 3411 3730 sese
3468 3664 3903 3749 obstringant.
3995 3664 4335 3749 Quotquot

2379 3749 2556 3813 enim
2593 3750 2964 3813 animarum
3000 3749 3279 3814 salutem
3316 3752 3523 3833 pretio
3560 3750 4034 3830 nundinantur,
4074 3771 4183 3815 eos
4219 3774 4332 3816 ve·

2378 3856 2522 3899 ram
2577 3834 2756 3899 illam
2815 3854 2890 3898 ac
2944 3835 3231 3911 unicam,
3279 3857 3444 3918 quae
3499 3858 3630 3900 non
3677 3858 3836 3901 auro
3881 3845 3995 3901 aut
4037 3846 4329 3919 argento,

2378 3920 2496 3986 sed
2530 3921 2814 4003 pretioso
2871 3919 3123 3985 Christi
3179 3922 3501 4019 sanguine
3556 3924 3876 3999 constitit,
3937 3922 4330 4003 redemptio-

2375 4028 2531 4071 nem
2574 4007 2918 4090 abnegare,
2965 4016 3137 4070 certo
3175 4007 3417 4071 certius
3462 4017 3579 4072 est.
3637 4008 3784 4071 lam
3827 4006 4160 4070 neminem
4194 4008 4330 4073 fore

2379 4093 2700 4170 existimO,
2738 4092 2843 4158 cui
2878 4091 3195 4173 quidem
3177 4114 3247 4156 ιιι
3293 4092 3513 4175 aliqua
3554 4094 3788 4157 frontis
3834 4097 3983 4170 [pag.
4031 4097 4140 4170 70]
4178 4115 4329 4177 par-

2378 4178 2579 4276 ticula
2635 4176 2847 4260 pudor
2889 4177 3188 4257 haereat,
3233 4180 3344 4261 qui
3397 4179 3833 4244 conscientiae
3888 4178 4329 4243 innocentiam

2377 4264 2446 4327 in
2507 4263 2809 4328 tenendis
2866 4264 3156 4348 profanis
3212 4263 3344 4328 illis
3400 4263 3777 4330 sacerdotiis
3831 4264 4057 4327 testari
4128 4265 4324 4329 ausit:

2378 4371 2655 4432 quorum
2700 4371 2866 4433 quae
2920 4350 3270 4432 purissima
3315 4349 3647 4426 videntur,
3711 4355 3973 4413 tantum
4028 4371 4327 4415 exsecra-

2376 4436 2525 4500 bilis
2571 4438 2901 4518 nequitiae
2946 4457 3166 4501 secum
3211 4435 3503 4500 trahunt.

2547 4522 2743 4587 Nunc
2789 4521 2873 4586 ad
2915 4530 3010 4599 te,
3058 4543 3095 4585 o
3140 4522 3244 4586 vir
3289 4521 3556 4598 eximie,
3618 4520 3905 4603 aliosque
3950 4521 4016 4584 ιιι
4061 4521 4326 4585 univcr-

2375 4630 2520 4673 sum
2567 4629 2812 4686 omnes,
2858 4609 2966 4691 qui
3010 4609 3079 4671 ιιι
3127 4627 3332 4690 papae
3376 4626 3582 4706 regno
3626 4606 3838 4670 locum
3888 4607 4169 4690 aliquem
4214 4606 4325 4671 be·

2374 4694 2593 4759 neficii
2660 4693 2921 4758 nomine
2987 4692 3312 4772 obtinent,
3392 4694 3753 4758 orationem
3818 4713 4030 4757 meam
4095 4693 4322 4757 refer0.

2375 4778 2709 4879 Quidquid
2747 4785 3103 4862 proventus
3141 4779 3479 4843 annuatim
3515 4778 3668 4844 inde
3704 4778 3788 4844 ad
3823 4799 3938 4843 vos
3973 4778 4159 4877 redit,
4197 4799 4327 4860 qua

2375 4864 2775 4932 conscientia
2831 4886 3146 4947 usurpare
3202 4864 3526 4944 audeatis,
3587 4886 3843 4948 quaero.
3933 4860 4011 4929 Si
4054 4864 4124 4927 ιιι
4169 4884 4323 4929 can·-

2374 4952 2555 5017 cellis
2599 4953 2993 5017 vestratium
3045 4950 3443 5016 iudiciorum
3487 4951 3650 5017 haec
3695 4950 4053 5033 disputatio
4098 4970 4322 5016 versa-

2373 5049 2574 5116 retur,
2622 5038 2754 5103 scio
2799 5037 2883 5102 ad
2926 5036 3357 5103 obtinendum
3403 5033 3562 5103 satis
3598 5056 3921 5119 superque
3957 5056 4116 5114 esse,
4164 5035 4321 5100 alle·

2511 5311 2570 5376 1)
2609 5325 2731 5379 una,
2771 5308 2905 5364 1576
2939 5326 3079 5381 seqq.
