5100 6061
702 400 825 461 507

699 581 1200 665 stitionibusque
1257 577 1691 663 repurgandis
1707 630 1722 656 ,
1781 575 1860 641 de
1916 575 2333 660 pacificandis
2389 583 2648 641 contro-

699 668 965 747 versiis,
1024 666 1105 731 de
1158 663 1571 732 reformando
1614 664 1820 741 clerc,
1866 661 1946 727 de
1989 660 2364 728 reducenda
2408 660 2493 726 ad
2537 681 2648 725 ve-

698 777 846 821 ram
896 754 1224 819 unitatem
1276 752 1546 819 ecclesia
1596 751 1828 815 inanes
1873 747 2381 814 consultationes
2424 765 2499 811 ac
2539 769 2648 812 su-

697 840 1006 926 pervacui
1029 846 1331 906 conatus:
1358 837 1518 902 haec
1534 838 1658 913 via,
1688 835 1811 900 hoc
1833 833 2294 918 compendium
2315 839 2416 898 est
2430 833 2650 897 omnia

700 925 787 994 ad
804 926 1061 992 felicem
1076 926 1326 990 exitum
1338 919 1752 1005 perducendi.
1802 918 2247 1003 Quaecunque
2268 927 2503 1003 urgeat
2532 940 2648 982 ne-

699 1012 992 1091 cessitas,
1037 1034 1077 1077 a
1119 1007 1527 1094 procuranda
1561 1007 1876 1092 religione
1900 1006 2271 1071 abstineant
2302 1006 2646 1088 principes.

700 1099 847 1165 Has
903 1107 1120 1182 partes
1179 1094 1439 1179 capitali
1501 1096 1702 1158 totius
1766 1093 2100 1177 religionis
2163 1091 2649 1175 religiosorum-

702 1206 828 1269 que
871 1184 1162 1250 omnium
1206 1181 1378 1246 hosti
1422 1181 1794 1264 resignent,
1840 1178 1997 1243 dum
2039 1176 2231 1243 modo
2276 1199 2394 1261 per
2438 1179 2651 1242 conci-

700 1271 869 1338 lium
925 1289 1264 1352 nunquam
1321 1267 1620 1331 futurum
1680 1266 1841 1341 vitia
1896 1264 2205 1330 ecclesiae
2265 1262 2653 1347 corrigenda

702 1355 1029 1439 suscipiat.
1103 1352 1282 1436 Quid
1324 1351 1571 1436 igitur?
1616 1350 1797 1416 Num
1840 1359 1914 1415 ut
1957 1350 2082 1415 hac
2117 1348 2414 1414 molestia
2457 1347 2653 1413 soluti

702 1459 898 1526 quam
951 1440 1263 1507 citissime
1317 1461 1386 1504 se
1444 1439 1528 1502 ad
1586 1439 1910 1504 turcicum
1964 1434 2210 1500 bellum
2263 1433 2649 1518 accingant?

701 1527 771 1593 id
815 1527 989 1593 enim
1032 1548 1137 1592 res
1196 1546 1272 1591 ac
1314 1532 1576 1608 tempus
1615 1522 1879 1588 videtur
1919 1520 2239 1604 flagitare.
2330 1521 2431 1585 Ne
2472 1521 2653 1585 festi-

703 1621 892 1690 nent,
949 1612 1163 1695 inquit
1216 1620 1481 1676 sanctus
1524 1618 1737 1692 pater.
1786 1629 2001 1673 annus
2036 1607 2213 1672 enim
2268 1605 2657 1691 praeteriret

704 1706 1057 1782 antequam
1119 1696 1481 1763 exercitum
1546 1714 1804 1759 armare
1848 1700 2129 1776 possent.
2218 1692 2373 1758 Huc
2436 1693 2655 1776 potius

704 1786 1115 1863 incumbant,
1160 1783 1284 1847 hoc
1327 1782 1700 1860 moliantur,
1746 1780 1869 1844 hoc
1914 1780 2095 1845 omni
2138 1778 2534 1863 cogitatione
2580 1799 2656 1843 ac

704 1870 923 1937 studio
957 1875 1454 1955 persequantur,
1493 1875 1570 1930 ut
1604 1865 1832 1931 foedus
1868 1887 2059 1931 suum
2098 1873 2383 1949 augeant
2405 1887 2481 1930 ac
2517 1886 2655 1929 mo·

706 1956 807 2022 dis
872 1957 1178 2021 omnibus
1245 1952 1679 2019 corroborent.
1772 1949 1937 2033 Quis
2005 1949 2271 2016 tandem
2327 1950 2521 2015 finis?
2581 1957 2658 2015 ut

704 2042 978 2110 ecclesia
1036 2041 1120 2106 ad
1176 2038 1549 2104 antichristi
1603 2036 1945 2103 libidinem
2009 2037 2335 2120 exposita,
2402 2036 2659 2120 prodita

706 2130 938 2195 'nucis
981 2128 1223 2210 patria,
1276 2126 1401 2207 ipsi
1456 2124 1707 2190 devotis
1762 2130 1827 2188 et
1876 2122 2113 2188 animis
2170 2130 2237 2188 et
2278 2121 2658 2205 corporibus

705 2217 774 2281 in
817 2236 937 2280 sua
989 2214 1288 2296 ipsorum
1344 2214 1592 2277 viscera
1636 2209 2029 2274 desaeviant
2118 2210 2282 2275 Mox
2332 2210 2442 2273 hic
2482 2209 2658 2274 fruc-

705 2308 813 2366 tus
856 2306 1308 2381 consequetur.
1398 2292 1591 2377 Quod
1635 2295 2230 2360 truculentissimus
2273 2295 2384 2360 ille
2427 2303 2657 2379 tyran-

704 2407 834 2450 nus
870 2405 1021 2449 cum
1055 2384 1364 2449 scelerato
1398 2389 1909 2465 purpuratorum
1943 2401 2143 2464 grege
2178 2389 2447 2464 totaque
2481 2381 2660 2445 faece

703 2470 1095 2547 satellitum,
1148 2469 1354 2533 multo
1410 2467 1813 2533 licentiosius
1856 2468 2186 2551 regnabit,
2236 2467 2419 2531 illam
2472 2468 2660 2531 inex-

704 2556 1011 2641 plebilem
1056 2554 1400 2620 avaritiam
1442 2574 1518 2619 ac
1561 2554 2009 2638 rapacitatem,
2053 2552 2234 2617 illam
2278 2557 2394 2633 [fol.
2436 2556 2540 2632 50]
2582 2553 2660 2616 li-

703 2641 1005 2707 bidinum
1049 2640 1525 2722 intemperiem,
1560 2639 1745 2704 illam
1790 2639 1860 2703 in
1883 2659 2112 2703 omnes
2139 2639 2280 2722 pios
2306 2659 2381 2703 ac
2401 2640 2657 2723 proboS,

754 2734 1065 2811 entesque
1100 2727 1346 2791 multas
1370 2727 1749 2791 innocentes
1783 2724 2051 2802 rabiem,
2090 2746 2257 2807 quae
2290 2746 2468 2790 nunc
2503 2746 2661 2808 quo-

929 2812 1050 2877 odo
1084 2812 1375 2878 inclusae
1410 2832 1752 2895 erumpere
1787 2817 1924 2876 toto
1946 2810 2196 2894 impetu
2216 2832 2346 2875 non
2368 2819 2658 2893 possunt,

708 2898 894 2965 velut
930 2899 1151 2964 fractis
1193 2898 1525 2981 repagulis
1576 2899 1716 2962 sine
1776 2896 1920 2981 lege
1976 2905 2042 2960 et
2096 2897 2290 2978 modo
2346 2895 2657 2962 effundet.

708 2982 903 3067 Quod
956 3005 1228 3055 romana
1283 2985 1465 3049 curia
1522 2985 1908 3049 confirmata
1961 2983 2033 3047 in
2085 2993 2475 3068 perpetuum
2521 3004 2660 3047 om-

706 3072 895 3136 nium
938 3071 1410 3137 maleficiorum
1444 3071 1854 3154 impunitate,
1892 3071 1963 3134 in
1998 3070 2372 3149 mendaciis,
2418 3072 2660 3154 impos-

707 3158 904 3233 turis,
964 3157 1215 3224 offuciis
1273 3165 1340 3221 et
1394 3156 1714 3222 similibus
1758 3156 2000 3221 veteris
2043 3156 2370 3238 nequitiae
2413 3157 2663 3221 artibus

707 3243 978 3308 liberius
1030 3243 1345 3309 lasciviet.
1433 3242 1704 3307 Nefaria
1761 3241 1875 3307 illa
1928 3239 2114 3306 sedes
2170 3242 2360 3306 novis
2402 3241 2664 3306 fulturis

705 3329 999 3394 stabilita
1041 3328 1383 3394 Christum
1426 3337 1852 3410 sanctumque
1888 3328 2029 3391 eius
2064 3328 2477 3411 evangelium
2515 3350 2664 3410 pro-

708 3412 1025 3480 culcando
1043 3467 1058 3494 ,
1116 3414 1335 3498 impiis
1383 3434 1459 3478 ac
1500 3413 1879 3498 perniciosis
1926 3411 2238 3477 doctrinis
2283 3415 2506 3479 orbem
2550 3435 2664 3477 ex-

710 3500 1064 3578 caecandO,
1120 3501 1394 3565 miseras
1447 3502 1698 3565 animas
1741 3501 1813 3562 in
1855 3501 2114 3563 ruinam
2158 3500 2664 3582 praecipitandO,

708 3586 989 3651 ferocius
1023 3585 1388 3652 insolescet.
1463 3583 1657 3667 Quod
1703 3585 1985 3668 denique
2031 3605 2452 3651 romanenses
2485 3607 2668 3652 crea-

2195 382 2718 452 CONSILIUM
2758 383 3049 454 PAULI
3091 386 3219 452 ΙΙΙ.

4594 389 4712 452 508

2751 575 2862 659 qui
2907 575 3014 640 vel
3070 573 3454 642 exsecrabili
3512 572 3810 641 mercede
3860 574 4163 641 conducti
4180 626 4198 655 ,
4256 575 4366 641 vel
4422 576 4574 659 quia
4616 578 4709 644 sic

2751 660 3033 744 improbi
3075 669 3232 727 sunt
3275 669 3532 739 natura,
3568 668 3645 725 ut
3687 662 3829 727 sine
3873 661 4083 743 pretio
4116 660 4501 728 malefacere
4536 663 4712 746 ipsos

2754 745 3058 821 delectet,
3112 745 3414 813 intestini
3469 746 3623 811 belli
3678 746 3935 812 semina
3989 747 4119 812 huc
4161 746 4320 812 illuc
4363 757 4705 833 spargunt,

2753 834 2956 900 variis
3001 833 3241 899 aculeis
3276 832 3527 898 animos
3562 833 3719 899 hinc
3753 830 3908 899 inde
3956 840 4386 918 exasperant,
4432 832 4545 899 ubi
4594 834 4682 900 ali

2753 918 2910 1003 quid
2955 929 3054 984 est
3110 928 3603 1002 praeparatum,
3660 919 3969 985 subiectis
4029 919 4278 986 facibus
4344 919 4714 987 accendunt

2753 1006 2991 1090 ignem,
3039 1006 3150 1071 ubi
3195 1005 3551 1071 scintillam
3595 1004 3884 1088 aliquam
3926 1015 4308 1089 conceptam
4350 1005 4582 1071 vident
4614 1009 4713 1073 fo·

2751 1103 2979 1157 menta
3024 1092 3338 1158 adhibent
3351 1143 3368 1169 ,
3421 1101 3490 1155 et
3531 1090 3860 1156 malarum
3915 1093 4158 1156 artium
4201 1091 4477 1157 flabellis
4522 1093 4712 1158 flam-

2755 1199 2933 1243 mam
2988 1179 3295 1244 excitant.
3388 1177 3526 1242 Nec
3580 1177 3865 1260 quieturi
3915 1177 4254 1256 videntur,
4317 1178 4522 1244 donec
4580 1200 4716 1245 uno

2753 1264 3055 1329 incendio
3098 1272 3308 1329 totam
3352 1262 3784 1329 Germaniam
3827 1262 4119 1328 viderint
4162 1265 4602 1349 conflagrare;
4651 1276 4719 1330 et

2756 1351 2911 1432 quia
2963 1349 3280 1416 eiusmodi
3335 1348 3727 1415 facinoribus
3779 1347 4011 1414 volunt
4065 1349 4519 1429 inclarescere,
4579 1372 4715 1415 non

2757 1435 3062 1501 invidebo
3127 1435 3259 1500 illis
3326 1435 3639 1500 honorem
3711 1456 3919 1501 suum.
4021 1433 4419 1519 Quanquam
4483 1458 4715 1502 omnes

2757 1541 3267 1588 commemorare
3342 1543 3463 1587 nec
3519 1522 3665 1585 volo
3725 1540 3847 1586 nec
3891 1542 4187 1605 possum,
4259 1522 4376 1588 sed
4429 1524 4502 1587 in
4545 1521 4717 1587 Hel-

2760 1608 2866 1671 dio
2922 1616 2990 1670 et
3033 1608 3249 1672 Fusco
3293 1629 3489 1689 quam
3539 1608 3796 1690 insigne
3839 1629 3960 1691 par
4017 1605 4320 1673 videmus
4361 1608 4446 1673 ad
4487 1629 4718 1673 omnes

2760 1695 3084 1776 nequitiae
3105 1714 3417 1758 numeros
3449 1693 3944 1776 comparatum?
4008 1690 4310 1774 Quorum
4344 1695 4522 1777 prior
4547 1693 4721 1760 Ger-

2760 1780 3047 1845 maniam
3091 1801 3209 1862 per
3249 1778 3492 1844 multos
3537 1781 3671 1854 iam
3715 1800 3919 1844 annos
3957 1782 4158 1846 variis
4193 1778 4582 1846 factionibus
4617 1780 4716 1845 la-

2759 1865 3042 1932 cerando
3084 1865 3208 1930 hoc
3261 1874 3699 1947 consequutus
3757 1873 3857 1930 est
3910 1873 3986 1929 ut
4028 1867 4172 1931 Deo
4216 1866 4724 1949 hominibusque

2759 1954 2849 2017 sit
2882 1974 3134 2031 exosus,
3172 1973 3292 2017 nec
3328 1972 3514 2017 secus
3550 1950 3631 2016 ab
3666 1951 3969 2017 omnibus
4006 1951 4211 2030 bonis,
4250 1975 4326 2018 ac
4360 1953 4723 2017 infaustum

2762 2037 3024 2121 aliquod
3066 2038 3438 2103 ominosum
3484 2058 3565 2101 ue
3617 2045 3996 2119 portentum
4041 2038 4431 2123 refugiatur,
4491 2048 4559 2103 et
4613 2047 4720 2104 ta-

2760 2145 2914 2189 men
2970 2145 3174 2190 novas
3229 2059 3586 2188 identidem
3642 2122 3921 2189 nocendi
3978 2125 4345 2192 occasiones
4409 2123 4718 2207 reperiat.

2761 2210 2955 2275 Alter
3010 2232 3092 2275 ex
3149 2208 3550 2275 tenebricoso
3607 2208 3824 2291 aliquo
3878 2231 4077 2275 coeno
4135 2232 4267 2275 non
4322 2214 4418 2277 ita
4460 2208 4724 2293 pridem

2762 2317 3082 2374 emersus,
3149 2294 3324 2360 unde
3389 2295 3591 2360 etiam
3646 2316 3890 2360 nomen
3944 2297 4216 2375 retinet,
4282 2319 4410 2380 quo
4466 2318 4726 2361 moram

2763 2391 3141 2465 compenset
3198 2389 3468 2446 strenua
3517 2380 3867 2447 sedulitate
3886 2433 3901 2459 ‚
3962 2383 4370 2462 cursitando,
4430 2382 4719 2466 prehen-

2764 2466 2987 2545 sando,
3047 2473 3165 2548 [fol.
3194 2470 3300 2545 51]
3349 2465 3707 2551 satagendo
3750 2467 4038 2545 turbare,
4084 2468 4138 2532 si
4184 2469 4339 2552 quid
4386 2479 4488 2534 est
4530 2477 4721 2533 tran·

2753 2553 2948 2637 ‘quilli
2995 2565 3061 2616 et
3104 2553 3464 2634 compositi,
3511 2575 3645 2618 non
3689 2552 3944 2619 desinit.
4004 2555 4098 2618 Et
4140 2575 4266 2637 quo
4288 2556 4473 2621 virus
4518 2575 4718 2620 suum

2763 2639 2964 2704 latius
3000 2653 3275 2718 evomat,
3299 2639 3738 2723 sanguinariis
3776 2640 4048 2724 dialogis
4069 2640 4153 2705 ad
4186 2639 4414 2708 caedes
4450 2649 4517 2705 et
4551 2647 4728 2706 stra-

2765 2747 2880 2810 ges
2923 2725 3505 2792 clementissimum
3528 2723 3881 2790 Caesarem
3925 2726 4217 2810 aliosque,
4247 2727 4577 2810 principes
4618 2727 4726 2790 in-

2767 2813 2984 2895 stigat.
3056 2811 3183 2876 His
3227 2809 3420 2876 hodie
3455 2813 3810 2877 emissariis
3850 2813 4059 2877 utitur
4106 2815 4552 2879 sanctissimus
4601 2833 4721 2894 pa-

2765 2906 2866 2961 ter
2911 2897 2993 2962 ad
3038 2898 3340 2963 columen
3381 2919 3603 2961 rerum
3647 2920 3917 2963 suarum
3960 2898 4434 2964 sustinendum.
4507 2898 4608 2962 Ac
4643 2919 4732 2964 ne

2767 2984 2916 3068 quis
2971 2983 3224 3050 dubitet
3273 3006 3356 3049 ex
3410 2985 3732 3067 genuina,
3791 2993 3859 3051 et
3899 2986 4084 3068 quasi
4141 2983 4496 3052 domestica
4548 2982 4728 3050 sedis

2766 3071 3151 3154 apostolicae
3196 3069 3465 3135 cohorte
3533 3072 3709 3153 ipsos
3765 3092 3907 3137 esse
3952 3073 4254 3138 omnibus
4298 3072 4475 3137 vitae
4518 3071 4729 3154 parti-

2766 3156 2891 3221 bus
2930 3165 3243 3221 testatum
3284 3156 3551 3234 faciunt,
3596 3178 3666 3222 se
3702 3179 3837 3222 non
3882 3179 4043 3237 esse,
4088 3180 4129 3222 a
4171 3180 4442 3223 romana
4483 3160 4728 3222 sancti-

2768 3250 2908 3309 tate
2953 3240 3324 3325 degeneres.
3375 3242 3513 3307 Nec
3556 3263 3596 3305 a
3618 3243 3982 3328 privilegiis
4018 3243 4365 3323 abstinent,
4413 3265 4578 3327 quae
4615 3264 4726 3308 so-

2767 3329 2851 3394 lis
2896 3315 3248 3393 curialilius
3291 3327 3452 3393 alias
3495 3328 3957 3396 conceduntur.
4027 3330 4203 3396 Nam
4246 3329 4418 3414 quod
4453 3329 4726 3396 Furvus

2768 3416 2907 3497 ipse
2948 3413 3236 3496 puellam
3278 3413 3493 3478 adhuc
3535 3416 3682 3479 viro
3723 3416 4041 3498 imparem
4087 3415 4356 3481 beluina
4409 3437 4485 3483 ac
4538 3437 4731 3498 pror-

2772 3524 2884 3567 sus
2905 3509 3273 3565 monstrosa
3305 3501 3693 3583 intemperie
3728 3502 4087 3585 stuprando
4121 3503 4218 3567 ita
4252 3503 4547 3586 graviter
4584 3503 4729 3568 vio-

2769 3587 2949 3664 lavit,
2988 3596 3063 3651 ut
3097 3586 3292 3671 paulo
3328 3603 3476 3669 post
3509 3588 3596 3651 sit
3628 3596 3906 3666 mortua,
3945 3598 4012 3653 et
4044 3590 4284 3654 misera
4317 3596 4528 3654 matre
4565 3610 4723 3654 con-

709 3679 900 3736 turae
944 3691 1093 3737 cum
1136 3694 1253 3737 suo
1298 3673 1540 3755 capite,
1602 3680 1679 3736 ut
1720 3681 1873 3735 sunt
1927 3672 2151 3736 hostes
2194 3671 2354 3738 boni
2399 3681 2463 3736 et
2506 3673 2668 3738 recti
2772 3672 3081 3737 tumeliae
3107 3672 3531 3754 orbitatisque
3553 3673 3863 3738 iniuriam
3906 3685 4357 3757 persequente,
4401 3674 4725 3757 disruptis

712 3758 1040 3841 totiusque
1084 3758 1447 3823 honestatis
1492 3758 1779 3824 sonticas
1823 3765 2057 3839 pesteS,
2103 3758 2448 3842 profligata
2490 3757 2669 3823 omni
2714 3760 2721 3780 ⁴
2773 3759 2992 3842 legum
3037 3780 3112 3824 ac
3155 3756 3547 3823 iudiciorum
3592 3760 3873 3826 vinculis
3915 3761 4187 3843 impune
4230 3761 4530 3838 evaserit,
4576 3761 4734 3843 quis

711 3842 1136 3920 verecundia,
1193 3846 1476 3927 grassari
1513 3845 1834 3922 securius,
1884 3854 1960 3908 ut
2000 3842 2293 3921 libuerit,
2339 3851 2666 3927 poterunt.
2717 3908 2723 3929 ,
2772 3866 2856 3908 ex
2892 3844 3331 3929 singularibus
3357 3844 3489 3909 illis
3509 3845 4032 3911 Romanensium
4057 3846 4418 3930 privilegiis
4444 3867 4587 3911 esse
4611 3868 4735 3911 ne-

713 3927 854 3993 Our
888 3950 1019 3993 non
1057 3937 1192 3994 tam
1232 3930 1566 4013 praeclara
1599 3929 1897 3995 mercede
1935 3928 2018 3993 ad
2051 3929 2360 3996 locandas
2397 3950 2668 3994 romano
2716 3932 2724 4007 ἰ
2773 3930 2925 4013 get?
2974 3930 3120 3994 Hoc
3147 3928 3354 3995 obiter
3378 3930 3553 3995 volui
3576 3931 3885 4010 indicare,
3923 3940 3998 3996 ut
4021 3934 4132 4015 qui
4168 3933 4420 3998 salvam
4446 3933 4732 4015 patriam

712 4013 992 4079 lanistae
1036 4036 1186 4080 suas
1233 4036 1463 4098 operas
1479 4069 1493 4094 ‚
1551 4017 1909 4099 germanici
1956 4017 2297 4099 sanguinis
2339 4017 2670 4099 principes
2717 4014 2723 4109 j
2773 4018 3065 4099 cupiunt,
3102 4017 3271 4082 bono
3306 4016 3569 4099 publico
3604 4018 3846 4096 favent,
3883 4019 4211 4083 communi
4248 4037 4405 4101 pace
4441 4016 4732 4097 student,

713 4097 1241 4164 adducerentur?
1282 4102 1508 4184 Neque
1535 4101 1780 4185 aliquid
1817 4101 2055 4166 horum
2080 4101 2299 4167 odiose
2325 4102 2666 4186 amplifico.
2716 4136 2722 4179 Ι
2774 4123 2909 4167 non
2950 4110 3210 4167 tantum
3264 4101 3346 4168 ab
3389 4101 3520 4166 illis
3564 4102 3952 4181 artificibus,
4010 4104 4122 4187 qui
4165 4104 4298 4171 huc
4341 4125 4428 4168 ex
4470 4104 4735 4170 officina

716 4183 1110 4268 Quicunque
1155 4188 1331 4251 enim
1386 4185 1753 4271 expendere
1818 4187 2017 4265 volet,
2077 4209 2246 4271 quae
2289 4209 2470 4253 nunc
2512 4187 2668 4272 agit,
2717 4204 2722 4250 ε
2774 4209 3044 4253 romana
3089 4190 3484 4254 emittuntur
3499 4241 3512 4265 ‚
3551 4188 3666 4254 sed
3704 4190 3785 4254 ab
3822 4191 3927 4254 his
3972 4191 4172 4255 etiam
4214 4191 4551 4256 intestinis
4590 4212 4734 4257 sce-

717 4271 941 4336 omnia
982 4291 1146 4353 quae
1192 4272 1346 4351 dixi,
1396 4283 1552 4338 tunc
1595 4274 1921 4339 facturum
1967 4280 2033 4338 et
2074 4274 2240 4338 forte
2276 4274 2470 4357 plura
2508 4275 2671 4338 fate·
2716 4263 2722 4361 ξ
2775 4275 3291 4340 lerumomnium
3313 4275 3685 4341 architectis
3706 4276 4070 4343 cavendum
4087 4277 4524 4342 meminerint.
4566 4275 4740 4342 Cae-

714 4356 914 4420 bitur.
987 4356 1050 4419 N
1051 4378 1123 4422 ec
1160 4356 1381 4424 dubito
1424 4361 1583 4443 quin
1625 4360 1866 4425 multos
1906 4360 2199 4424 omnium
2245 4360 2550 4425 ordinum
2587 4381 2670 4423 ex
2717 4370 2722 4427 ε
2775 4370 2989 4425 terum
3048 4361 3201 4444 quia
3244 4368 3341 4424 tot
3384 4360 3872 4427 difficultatibus
3927 4363 4337 4428 circumsessi
4391 4363 4509 4427 vix
4548 4364 4738 4428 inve-

712 4442 797 4508 iis
841 4443 956 4526 qui
991 4441 1233 4527 alioqui
1271 4447 1779 4527 protestantibus
1822 4467 1956 4509 non
1992 4447 2413 4511 consentiunt
2453 4445 2672 4512 adhuc
2716 4438 2722 4503 ἶ
2776 4448 2972 4511 niunt
3014 4447 3104 4530 pii
3149 4468 3275 4529 quo
3320 4468 3389 4512 se
3437 4457 3726 4527 vertent,
3773 4449 3901 4513 nisi
3945 4449 4315 4533 praeteritis
4355 4448 4738 4513 hominibus

719 4528 959 4597 habeat
1002 4536 1230 4594 nostra
1274 4529 1649 4596 Germania.
1740 4529 1872 4612 Qui
1920 4530 2078 4596 dum
2121 4532 2283 4597 haec
2328 4531 2502 4595 mala
2546 4532 2670 4596 im·
2779 4542 2958 4596 recta
2997 4533 3064 4596 in
3109 4534 3329 4597 Deum
3382 4534 3764 4615 respiciant,
3822 4535 3946 4601 hoc
4002 4532 4333 4619 agendum
4375 4535 4565 4601 nobis
4613 4541 4737 4609 est,

715 4615 969 4680 minere
1012 4615 1377 4698 provident,
1423 4617 1656 4684 melius
1699 4618 1996 4700 publicae
2032 4623 2098 4682 et
2141 4617 2334 4683 saluti
2381 4626 2448 4681 et
2490 4626 2671 4681 tran-
2775 4625 2853 4681 ut
2887 4617 3140 4683 Christi
3176 4619 3382 4683 nostri
3416 4617 3776 4685 adventum
3811 4629 4284 4704 exspectemuS,
4322 4622 4436 4703 qui
4460 4642 4582 4686 sua
4603 4619 4739 4687 cla-

715 4699 1023 4784 quillitati
1078 4700 1450 4767 consultum
1506 4703 1781 4787 cupiunt
1834 4710 1902 4768 et
1944 4701 2123 4768 fideli
2160 4703 2407 4782 studio,
2465 4724 2672 4787 quum
2774 4703 2971 4768 ritate
3006 4704 3184 4771 hunc
3207 4702 3338 4770 Dei
3373 4704 3828 4771 adversarium
3864 4704 4208 4788 dissipabit
4228 4715 4294 4772 et
4328 4707 4567 4789 spiritu
4603 4706 4741 4772 oris

717 4786 969 4851 occasio
1012 4787 1343 4865 offeretur,
1379 4785 1817 4855 declarabunt.
1891 4787 2027 4855 Sed
2061 4798 2217 4854 sunt
2250 4791 2464 4867 etiam,
2502 4789 2671 4872 proh
2774 4790 2878 4855 sui
2920 4792 3234 4855 conficiet.

3324 4790 3573 4855 Datum
3616 4792 3969 4859 Bethuliae
4012 4792 4254 4859 Iudeae
4299 4794 4497 4859 Anno
4551 4796 4744 4857 1541.

716 4871 930 4952 dolor,
971 4873 1300 4956 perfidiosi
1343 4874 1607 4958 quidam
1652 4884 1718 4940 et
1759 4875 1945 4961 impii
1988 4875 2240 4959 patriae
2285 4876 2665 4959 proditores,
2781 4897 3005 4941 mense
3049 4877 3311 4942 MartiO.

2478 5204 2512 5225 O
