5100 6061
762 385 884 446 103

941 571 1299 637 Fortunam
1358 594 1544 637 suam

764 679 1047 741 regnum
1089 668 1155 722 et
1198 658 1618 743 tyrannidem
1661 660 1962 734 interest,
2008 657 2183 757 quod
2226 656 2395 721 illud
2453 656 2536 721 ad
2590 679 2711 739 pu-

759 743 1002 809 blicam
1044 744 1401 809 utilitatem
1452 746 1769 827 pertinet,
1824 743 1985 807 haec
2041 745 2315 825 privatis
2358 741 2714 808 commodis

756 830 1149 894 continetur.
1215 830 1350 895 Pro
1394 853 1469 895 eo
1513 830 1685 912 quod
1728 829 1833 892 hic
1871 826 2123 894 Seneca
2170 828 2498 911 publicare
2536 828 2712 904 dicit,

756 914 1032 982 Curtius
1075 916 1364 999 vulgare.
1430 852 1652 980 Vglrba
1692 924 1849 978 sunt
1890 914 2056 978 libro
2087 915 2241 979 DL:
2286 914 2393 978 Ad
2420 915 2560 987 hoc,
2606 915 2712 978 iti·

761 1003 941 1067 neris
989 1001 1177 1066 labor
1232 1013 1298 1065 et
1352 1001 1692 1084 aegritudo
1737 1000 1941 1065 animi
1998 1002 2384 1084 vulgaverat
2432 1001 2708 1065 morbos.

760 1088 962 1153 Item:
988 1088 1080 1152 Et
1101 1089 1479 1170 contagium
1500 1087 1712 1150 morbi
1737 1087 1935 1150 etiam
1954 1088 2025 1149 in
2045 1086 2205 1150 alios
2225 1086 2571 1170 vulgatum
2591 1097 2709 1150 est.

941 1174 1231 1238 Sermone
1264 1172 1560 1254 affabiliS,
1598 1193 1963 1252 accessuque
1993 1170 2240 1258 facilis]
2281 1173 2458 1236 Vere
2491 1172 2712 1253 regiae

764 1262 1078 1336 virtutes,
1137 1282 1293 1341 prae
1339 1282 1406 1323 se
1451 1260 1621 1322 ferre
1664 1259 1993 1340 quandam
2051 1258 2369 1322 sermonis
2426 1260 2712 1323 suavita-

762 1354 923 1423 tem,
971 1366 1136 1429 quae
1181 1344 1424 1410 alliciat
1467 1345 1686 1444 potius
1731 1365 1927 1426 quam
1983 1344 2339 1422 deterreat,
2408 1342 2713 1463 omnibus

768 1453 837 1497 se
882 1432 1137 1497 facilem
1181 1441 1247 1494 et
1280 1432 1651 1513 expositum
1694 1429 2021 1508 exhibere,
2068 1439 2188 1495 etc.

938 1518 1185 1599 Aequis
1229 1518 1563 1581 desideriis
1598 1537 1931 1597 propensu
1926 1514 1979 1600 ]
2027 1517 2395 1597 Utrumque
2430 1489 2712 1597 principi

763 1602 1274 1679 observandum,
1330 1612 1409 1667 ut
1463 1602 1634 1684 quod
1680 1622 1965 1683 aequum
2008 1610 2126 1679 est,
2174 1622 2307 1665 non
2350 1621 2547 1683 aegro
2589 1602 2712 1665 im-

758 1690 1005 1772 petrari
1050 1712 1090 1754 a
1135 1710 1205 1753 se
1248 1691 1615 1770 permittat,
1664 1696 1731 1752 et
1773 1709 1859 1751 ne
1904 1696 2157 1751 tantam
2201 1688 2335 1752 suis
2381 1687 2709 1751 licentiam

757 1773 1118 1858 indulgeat,
1176 1785 1253 1838 ut
1303 1773 1559 1856 possint
1612 1774 1683 1837 in
1739 1773 1899 1838 alios
1954 1773 2105 1856 plus
2167 1793 2362 1855 quam
2432 1793 2710 1855 aequum

757 1867 860 1926 cst
901 1881 1237 1942 usurpare.

934 1946 1182 2010 Eadem
1229 1947 1305 2010 de
1348 1944 1456 2009 illo
1498 1946 1775 2010 homines
1816 1944 2065 2030 secreto]
2116 1946 2178 2008 A
2223 1943 2412 2007 malis
2468 1944 2710 2025 princi-

755 2033 950 2115 pibus
993 2012 1220 2096 laudes
1265 2031 1330 2094 vi
1388 2041 1455 2094 et
1505 2039 1686 2094 metu
1745 2031 2238 2113 exprimuntur,
2290 2039 2710 2094 senatuscon-

763 2119 942 2184 sulta
984 2117 1359 2192 honorifica,
1409 2117 1789 2200 panegyrici
1834 2117 2155 2191 solennes,
2202 2116 2562 2180 theatricae
2606 2136 2713 2179 ac-

760 2204 1203 2270 clamationes,
1294 2199 1429 2267 Sed
1473 2203 1643 2285 quod
1690 2224 1819 2267 non
1867 2203 2111 2268 audent
2155 2202 2451 2266 homines
2495 2200 2713 2282 palam

759 2289 1158 2373 praedicare,
1197 2288 1415 2353 alter
1400 2311 1471 2352 ιιι
1509 2288 1782 2353 alterius
1818 2310 2007 2354 aures
2042 2296 2358 2353 mussant.
2448 2288 2713 2350 Bonum

756 2376 1121 2459 principem
1166 2396 1358 2457 quem
1403 2374 1697 2453 laudant,
1745 2385 1987 2439 amant.
2057 2373 2366 2439 Laudant
2408 2373 2582 2436 enim
2630 2394 2713 2436 ex

760 2463 1029 2538 affectu,
1068 2482 1185 2526 nec
1223 2471 1470 2525 secreto
1506 2469 1954 2537 exsecrantur,
1994 2470 2068 2524 ut
2109 2468 2491 2544 tyrannum.
2580 2459 2714 2523 Ea-

762 2546 913 2612 dem
965 2548 1100 2612 ferc
1158 2555 1261 2611 est
1330 2548 1661 2611 sententia
1717 2547 1786 2609 in
1841 2546 2250 2630 Panegyrico
2294 2544 2528 2609 Plinii:
2576 2544 2714 2609 Nec

661 2654 666 2673 ·
762 2631 993 2715 eadem
1031 2631 1111 2696 de
1148 2633 1441 2714 principe
1480 2631 1948 2716 praedicemus,
1986 2652 2150 2715 quae
2193 2632 2392 2714 prius.
2484 2631 2713 2712 Neque

759 2720 937 2785 enim
972 2717 1201 2783 eadem
1245 2726 1494 2782 secreto
1540 2718 1842 2800 loquitur,
1889 2739 2055 2799 quae
2095 2717 2298 2800 prius.

939 2805 1178 2870 Tollere
1218 2804 1387 2884 filios
1431 2806 1715 2885 cupiunt]
1763 2803 1871 2869 Ad
1919 2802 2385 2886 rempublicam
2430 2802 2714 2883 pertinet

758 2890 981 2956 liberis
1037 2889 1192 2956 dare
1247 2912 1545 2972 operam:
1606 2891 1845 2974 quippe
1900 2911 2067 2972 quae
2121 2888 2406 2953 hominis
2453 2896 2713 2951 tantum

757 2985 1037 3043 aetatem
1095 2976 1384 3042 duratur·
1371 3000 1408 3041 a
1463 2977 1581 3052 sit,
1638 2977 1766 3043 nisi
1822 2998 2061 3042 novam
2115 2975 2363 3073 prolem
2409 2982 2714 3072 parentes

760 3064 1038 3130 subinde
1091 3064 1441 3129 sufficiant.
1533 3063 1728 3133 Unde
1785 3062 1893 3128 lex
1937 3062 2210 3139 Metelli,
2258 3059 2446 3126 cuius
2480 3059 2713 3124 memi-

760 3151 863 3214 nit
896 3149 1175 3226 Gellius,
1215 3171 1412 3230 quam
1451 3148 1723 3213 eandem
1761 3152 2107 3231 Augustus
2142 3148 2363 3213 suasit.
2433 3147 2526 3210 Et
2571 3146 2715 3209 iura

753 3237 1116 3303 liberorum
1162 3233 1335 3316 apud
1381 3236 1735 3300 Romanos.
1822 3236 1915 3299 Et
1957 3232 2131 3316 apud
2172 3234 2519 3297 Platonem
2568 3238 2713 3309 [pag.

757 3328 863 3399 95]
903 3321 1069 3386 libro
1105 3331 1289 3385 sexto
1328 3319 1407 3384 dc
1443 3321 1807 3402 Republica
1839 3321 2111 3403 punitur
2145 3319 2516 3383 caelibatus.
2578 3318 2713 3401 Igi-

756 3415 869 3471 tur
911 3407 1056 3471 laus
1101 3403 1519 3487 imperatoris
1565 3416 1695 3485 est,
1741 3405 1915 3489 quod
1958 3407 2080 3471 sub
2124 3407 2263 3470 eius
2307 3403 2579 3486 imperio
2624 3404 2713 3467 ci-

755 3513 873 3558 ves
941 3491 1171 3555 tollere
1241 3491 1411 3555 filios
1466 3492 1756 3574 cupiunt.
1860 3491 1940 3556 Id
1993 3493 2209 3574 ipsum
2262 3493 2434 3555 inter
2485 3489 2712 3554 laudes

752 3578 1025 3643 'I'raiani
1062 3577 1250 3659 ponit
1293 3575 1571 3642 Plinius.
1661 3578 2040 3655 Foeminas,
2077 3577 2316 3660 inquit,
2368 3583 2525 3641 tune
2578 3576 2711 3639 foe-

750 3663 1112 3730 cunditatis
1159 3683 1313 3727 suae
1358 3663 1649 3728 maxima
1691 3664 1994 3746 voluptas
2034 3663 2261 3739 subiit,
2316 3684 2517 3745 quum
2572 3682 2711 3726 cer-

750 3759 993 3815 nerent
1030 3749 1131 3815 eui
1181 3748 1459 3831 principi
1507 3752 1699 3828 cives,
1746 3751 1852 3816 cui
1897 3749 2270 3832 imperatori
2314 3748 2557 3812 milites
2597 3769 2710 3830 pe-

750 3837 1097 3920 perissent.
1192 3833 1383 3915 Quod
1432 3833 1537 3900 hic
1581 3802 1808 3916 tollere
1845 3836 2013 3900 filios
2059 3836 2217 3900 dicit
2260 3832 2542 3912 Seneca,
2590 3854 2709 3898 nos

752 3922 951 3987 etiam
996 3920 1353 3987 vernacula
1392 3920 1621 4003 lingua
1666 3922 1928 3987 elevare
1973 3921 2270 3986 dicimus.
2363 3919 2710 3984 Terentius

722 4009 822 4072 „jn
862 4007 1643 4071 Heautontimorumeno:

1026 4109 1373 4162 Meministin'
1410 4125 1491 4163 me
1529 4126 1648 4163 esse
1685 4109 1973 4177 gravidam,
2013 4116 2067 4162 et
2103 4108 2229 4161 mihi
2268 4114 2321 4164 te
2346 4110 2705 4209 maximopere

2023 4177 2432 4243 interminatum,
2455 4179 2494 4242 ι)

1026 4247 1081 4299 Si
1117 4248 1349 4314 puellam
1385 4262 1648 4313 parerem,
1685 4247 1828 4300 nolle
1865 4247 2018 4300 tolli?

749 4333 1028 4400 Curtius
1073 4333 1238 4396 libro
1284 4353 1486 4396 nono:
1542 4334 1819 4396 Genitos
1874 4333 2114 4398 liberos
2169 4353 2300 4395 non
2356 4301 2704 4413 parentum

749 4418 1023 4484 arbitrio
1068 4417 1337 4494 tollunt,
1396 4418 1741 4501 aluntque:
1798 4418 1912 4483 sed
1970 4439 2194 4483 eorum
2238 4417 2474 4499 quibus
2521 4438 2704 4499 spec·-

747 4504 937 4570 tandi
976 4505 1315 4567 infantum
1352 4503 1649 4575 habitum
1694 4525 1852 4570 cura
1892 4505 2199 4570 mandata
2240 4515 2353 4567 est.
2441 4502 2705 4568 Plinius

746 4592 997 4656 iunior:
1027 4588 1415 4671 Locupletes
1439 4589 1521 4653 ad
1560 4589 1878 4656 tollendos
1913 4591 2150 4655 liberos
2184 4589 2482 4671 ingentia
2515 4610 2705 4671 prae-

747 4678 911 4754 mia,
963 4687 1030 4741 et
1080 4696 1270 4758 pares
1320 4696 1566 4757 poenae
1620 4677 2068 4741 cohortantur:
2111 4673 2503 4758 pauperibus
2547 4672 2704 4738 edu-

750 4762 978 4828 candis
1014 4781 1146 4826 una
1190 4761 1354 4824 ratio
1401 4769 1515 4839 est,
1562 4763 1772 4826 bonus
1817 4764 2135 4844 princeps.
2227 4760 2393 4825 'rolli
2441 4768 2507 4823 et
2546 4759 2705 4824 edu-

751 4849 887 4912 cari
932 4869 1052 4930 pro
1097 4846 1325 4912 eodem
1368 4849 1599 4929 posuit.

927 4934 1113 4998 Nihil
1141 4934 1464 5013 praesidii
1507 4931 1658 5018 eyet]
1705 4934 1896 5011 Nam,
1943 4949 2017 4997 ut
2059 4934 2152 4996 ait
2194 4931 2531 5010 Horatius,

1578 570 2021 658 publicaverit]
2081 572 2226 636 Hoc
2293 571 2472 635 enim
2539 570 2715 636 inter

890 5239 949 5304 1)
986 5242 1171 5295 Hodie
1204 5243 1546 5310 sieleqitur:
1596 5239 1938 5295 Meministin’
1972 5256 2055 5295 me
2090 5242 2363 5308 gravidam
2398 5249 2456 5296 et
2489 5243 2616 5295 mihi
2651 5249 2705 5296 te

746 5327 999 5366 maxumo
1037 5327 1200 5379 opere
1237 5311 1435 5408 dicere.

2400 383 2531 449 DE
2579 381 3126 451 CLEMENTIA

4647 388 4764 448 104

3229 570 3447 640 Integer
3481 572 3642 639 vitae,
3681 573 4007 640 scelerisque
4044 589 4228 640 parua,

3228 638 3350 692 Non
3390 646 3514 707 eget
3547 614 3725 694 Mauri
3757 640 3962 708 iaculis,
4000 656 4100 693 nec
4136 656 4282 705 areu,

3230 708 3344 761 Nec
3379 710 3657 763 venenatis
3694 709 3914 778 gravida
3951 684 4178 777 sagittis,

3227 776 3421 845 Fusee,
3455 777 3732 845 pharetra.

2988 863 3196 927 Arma
3253 865 3600 926 ornamenti
3656 884 3849 928 causa
3904 861 4106 949 habet]
4166 864 4435 945 Imperii
4479 864 4766 947 insignia

2817 951 3139 1048 quibus¹)·
3186 968 3256 1012 se
3312 949 3505 1013 faciat
3555 948 3795 1031 populo
3850 948 4318 1027 venerabilem,
4365 958 4432 1014 et
4499 950 4765 1031 plenum

2817 1045 3195 1098 maiestatis.

3521 1359 3816 1424 CAPUT
3861 1358 4051 1422 XIV.

2994 1497 3169 1576 Quod
3223 1517 3362 1579 erqo
3405 1496 3677 1577 officim
3719 1498 3853 1559 eius
3895 1497 4031 1560 est?
4079 1497 4253 1577 Quod
4313 1498 4606 1562 bonorum
4645 1519 4763 1579 pa-

2816 1588 3074 1661 rentum,
3110 1584 3220 1663 qui
3253 1582 3581 1663 obiuryate
3615 1578 3876 1646 liberos
3870 1603 4311 1663 nonnunquam
4347 1582 4583 1663 blande,
4619 1604 4760 1649 non·

2815 1632 4153 1835 ttfflwtztzssskthssffsssssstss
4196 1670 4525 1836 ἵὲῗΐιῗῖθ
4543 1672 4759 1854 w

2817 1842 3053 1921 offensa
3095 1838 3516 1905 eoliaeredat?
3605 1839 3759 1903 Nisi
3801 1860 4063 1923 maynae
4106 1846 4160 1905 et
4213 1841 4443 1905 multae
4485 1842 4759 1906 iniuriae

2806 1924 3182 2006 patientiam
3225 1926 3542 2003 evicerint,
3587 1926 3716 1988 nisi
3760 1926 3916 2005 plus
3969 1931 4058 1987 est
4112 1927 4274 2006 qnod
4316 1928 4512 2005 timet,
4574 1949 4757 2008 quam

2817 2012 2977 2091 quod
3000 2011 3252 2074 damna
3259 2060 3271 2086 ,
3295 2030 3416 2074 non
3439 2012 3666 2075 accedit
3685 2012 3770 2075 ad
3802 2013 4204 2076 decretorium
4236 2012 4482 2093 stylum.
4552 2013 4758 2078 Multa

2816 2103 2957 2162 ante
2998 2102 3212 2174 tentat,
3249 2096 3472 2176 quibus
3514 2096 3769 2160 dubiam
3812 2098 4078 2162 indolem
4120 2103 4173 2161 et
4195 2100 4412 2177 peiore
4454 2099 4576 2163 loco
4631 2101 4758 2163 iam

2808 2185 3099 2263 positam,
3143 2187 3392 2245 revocet:
3419 2182 3632 2245 'simul
3664 2183 3983 2262 deplorata
4016 2190 4120 2260 est,
4167 2185 4389 2248 ultima
4422 2187 4754 2265 eoeperitur.

2823 2270 3019 2333 Nemo
3043 2270 3127 2331 ad
3147 2268 3464 2347 supplicia
3491 2269 3790 2350 eoeiqenda
3827 2271 4127 2347 pervenit,
4172 2272 4303 2334 nisi
4345 2271 4454 2367 qui
4487 2271 4759 2335 remedia

2818 2375 3002 2419 consu
3112 2354 3212 2417 sit.
3303 2353 3436 2417 Hoc
3478 2355 3643 2435 quod
3675 2355 3944 2434 parenti,
3988 2356 4172 2419 etiam
4203 2355 4492 2436 principi
4531 2357 4761 2437 facien-

2818 2442 2970 2504 dum
3005 2375 3110 2518 θεῖ
3146 2459 3326 2520 quem
3359 2440 3815 2520 appellavimus
3845 2445 4098 2538 patrem
4122 2443 4397 2522 patriae,
4441 2462 4566 2505 non
4609 2443 4759 2506 adu-

2818 2526 3048 2590 latione
3081 2545 3247 2589 vana
3282 2525 3551 2589 adducti.
3645 2521 3902 2590 Caetera
3936 2528 4101 2589 enim
4145 2528 4506 2609 coquomina
4549 2527 4760 2591 honori

2816 2612 2968 2676 data
3010 2617 3173 2676 sunt.
3263 2610 3533 2693 Maynos
3573 2618 3628 2675 et
3667 2612 3876 2692 felices
3917 2618 3972 2675 et
4015 2619 4312 2693 auyustos
4353 2614 4664 2693 discimus,
4708 2618 4761 2677 et

2819 2697 3183 2762 ambitiosae
3223 2698 3540 2762 maiestati
3572 2698 3879 2778 quidquid
3914 2699 4236 2778 potuimus
4261 2700 4596 2762 titulorum.
4626 2720 4759 2764 con-

2814 2783 3136 2867 yessimus,
3174 2783 3311 2847 illis
3344 2782 3450 2847 hoc
3484 2781 3835 2847 tribuentes.
3928 2782 4184 2847 Patrem
4227 2784 4476 2863 quidem
4506 2787 4760 2865 patriae

2820 2869 3292 2949 appellavimus,
3328 2875 3398 2932 ut
3431 2870 3612 2934 sciret
3654 2870 3868 2934 datam
3913 2870 4036 2932 sibi·
4069 2874 4424 2950 potestatem
4455 2873 4758 2949 pat-riam,

2822 2961 2966 3034 [pag.
2993 2960 3096 3030 961
3137 2959 3394 3035 quaeest
3430 2956 3973 3036 temperatissima,
4006 2954 4223 3020 liberis
4242 2956 4580 3035 consulens,
4617 2977 4761 3021 sua-

2816 3063 2935 3123 que
2960 3048 3104 3123 post
3138 3042 3280 3105 illos
3312 3062 3624 3122 reponens.
3718 3042 3924 3106 Tarde
3958 3042 4083 3106 sibi
4106 3048 4298 3123 pater
4330 3042 4603 3108 membra
4645 3064 4760 3109 sua

2817 3127 3164 3192 abscindat.
3214 3129 3401 3191 etiam
3442 3148 3632 3209 quum
3677 3127 4035 3206 absciderit,
4091 3149 4382 3209 reponere
4424 3131 4664 3209 cupiat,
4707 3135 4760 3194 et

2829 3215 2896 3276 in
2922 3213 3330 3280 abscindendo
3348 3219 3567 3295 yemat,
3603 3217 3916 3279 cunctatus
3947 3215 4211 3278 multum
4243 3215 4489 3301 diuque.
4559 3215 4760 3314 Prope

2817 3293 2982 3364 enim
3024 3305 3112 3363 est
3153 3304 3220 3362 ut
3262 3299 3520 3397 libenter
3562 3301 3823 3378 damnet,
3871 3301 3982 3380 qui
4037 3303 4170 3366 cito.
4264 3297 4470 3392 Prope
4523 3306 4593 3365 ut
4643 3301 4760 3364 ini-

2817 3408 2931 3467 que
2963 3387 3215 3468 puniat,
3254 3385 3366 3466 qui
3410 3386 3618 3465 niinis.
3707 3350 4052 3450 Erimonem
4105 3387 4365 3467 equitem
4418 3407 4758 3465 romanum,

2815 3473 3118 3537 niemoria
3160 3476 3390 3550 nostra,
3435 3473 3588 3552 quia
3641 3471 3849 3552 flium
3898 3492 4086 3536 suum
4131 3474 4262 3556 stay
4262 3473 4399 3537 ellis
4450 3474 4758 3552 ceciderat,

2806 3558 3086 3640 populus
3121 3559 3192 3621 in
3223 3557 3361 3638 foro
3392 3558 3686 3640 graphiis
3720 3558 4000 3638 confodit.
4106 3560 4230 3622 Vix
4264 3558 4443 3622 illum
4486 3521 4761 3641 Auqusti

2820 3643 3115 3708 Caesaris
3148 3645 3450 3708 autoritas
3494 3645 3744 3726 infestis
3781 3649 3909 3708 tam
3933 3651 4202 3724 patrum
4246 3665 4439 3724 quam
4485 3645 4758 3724 filiorum

2813 3729 3108 3794 manibus
3148 3730 3393 3811 eripuit.

2985 3850 3148 3914 Post
3181 3850 3443 3934 longam
3481 3851 3660 3914 illam
3697 3851 4198 3938 contentionem,
4243 3870 4371 3931 qua
4404 3857 4756 3934 tyrannum

2815 3944 2881 4002 et
2922 3955 3146 4018 regem
3189 3937 3363 4000 inter
3421 3958 3489 4000 se
3549 3925 4004 4035 componebat,
4052 3956 4231 3999 nunc
4285 3935 4607 4017 optimum
4647 3934 4757 3999 do-

2813 4028 3191 4088 cumentum
3241 4020 3352 4085 dat
3408 4023 3714 4104 principi,
3774 4042 3900 4103 quo
3958 4030 4025 4086 et
4063 4020 4334 4084 modum
4378 4020 4756 4085 clementiae

2813 4109 3044 4183 discat,
3104 4117 3169 4171 et
3238 4128 3597 4189 poenarum
3664 4106 4163 4190 irrogandamm
4228 4114 4755 4189 temperaturam.

2812 4193 3072 4259 Pendet
3113 4200 3334 4257 autem
3380 4193 3541 4257 haec
3585 4194 4010 4277 interrogatio
4055 4193 4135 4257 ab
4162 4215 4255 4270 ea,
4301 4213 4470 4273 quae
4494 4201 4757 4257 conten-

2817 4282 3061 4344 tionem
3098 4281 3473 4361 praecessit:
3514 4280 3689 4342 Num
3736 4301 3922 4362 reges
3965 4300 4217 4361 quoque
4261 4277 4551 4343 occidere
4595 4278 4757 4343 sole-

2807 4365 2996 4431 rent?
3065 4364 3518 4447 Responderat
3538 4387 3759 4448 regem
3784 4386 4039 4448 quoque
4061 4364 4370 4438 occidere,
4409 4363 4523 4428 sed
4559 4385 4754 4446 quum

2811 4451 3075 4535 publica
3132 4451 3379 4515 utilitas
3433 4450 3869 4533 persuaderet.
3973 4450 4108 4515 Sed
4164 4472 4364 4532 quum
4427 4450 4497 4514 id
4563 4451 4758 4515 etiam

2813 4558 2948 4602 non
2986 4540 3148 4603 satis
3191 4548 3489 4618 apertum
3535 4548 3722 4615 esset,
3765 4558 3943 4601 nunc
3988 4536 4286 4618 exemplo
4332 4537 4755 4631 prpsequitur.

2809 4625 3014 4690 Pater
3035 4625 3213 4688 enim
3238 4622 3449 4687 filium
3473 4622 3710 4688 blande
3731 4624 4014 4705 primum
4056 4620 4376 4686 admonet.
4416 4614 4523 4686 Si
4561 4621 4758 4687 verba

2811 4731 2944 4774 non
2992 4717 3292 4793 prosunt,
3339 4711 3790 4773 comminatur.
3882 4707 3958 4773 Si
4009 4707 4175 4771 nihil
4234 4709 4431 4772 minis
4484 4706 4756 4807 proficit,

2813 4806 2953 4860 tum
2990 4797 3253 4860 demum
3291 4793 3472 4859 addit
3506 4795 3794 4859 verbera.
3884 4793 3997 4860 Sic
4041 4795 4373 4876 princeps,
4420 4796 4531 4875 qui
4573 4800 4758 4890 pater

2812 4890 2912 4946 est
2953 4883 3230 4964 patriae,
3278 4882 3457 4945 cives
3516 4900 3671 4946 suos
3724 4881 3894 4945 filios
3948 4887 4236 4962 reputet,
4282 4879 4586 4945 hortetur
4627 4879 4757 4962 pri-

2813 4989 2994 5032 mum
3019 4977 3086 5032 et
3107 4966 3340 5044 verbis,
3379 4975 3446 5030 et
3481 4966 3725 5044 edictis,
3764 4975 4115 5049 antequam
4150 4964 4454 5030 deveniat
4489 4965 4568 5029 ad

2812 5075 2947 5118 nas.
3037 5054 3123 5117 In
3157 5053 3326 5119 hanc
3364 5054 3753 5117 sententiam
3793 5051 3966 5135 apud
4001 5050 4506 5133 Xenophontem
4544 4984 4759 5134 Ciissyfl-

2855 5283 2858 5286 ’
2951 5311 3006 5376 ι)
3047 5310 3155 5364 Ed.
3193 5308 3327 5363 1597
3364 5317 3414 5364 ee
3451 5309 3612 5364 1611:
3652 5312 3757 5379 qui.
3829 5311 4032 5363 amsi„-
4067 5325 4191 5377 quo.
