5100 6061
718 437 801 499 63
2360 429 2487 495 DE
2533 428 3080 496 CLEMENTIA
4625 430 4708 493 64

719 630 999 706 quatuor
1053 642 1195 687 esse
1253 642 1509 695 8311838,
1569 641 1686 685 8111
1738 618 1976 684 talibus
2031 620 2405 703 ignoscatur
2453 619 2666 685 acrius

719 732 790 775 88
846 708 1325 775 vindicantibus
1341 759 1357 786 ,
1413 728 1577 789 quae
1634 705 1934 788 singulae
1980 706 2116 770 suis
2164 705 2318 770 locis
2364 706 2666 770 observa-

716 797 981 863 buntur.

738 940 743 949 .
902 881 1174 946 Possunt
1215 880 1379 943 euim
1422 878 1589 943 laedi
1663 877 1891 941 Prima
1935 876 2129 942 causa
2172 889 2299 941 este
2346 895 2483 939 non
2538 874 2668 940 nisi

721 966 922 1033 morsi
994 965 1396 1043 remordent3
1463 963 1578 1027 red
1626 972 1748 1027 unt
1797 962 1971 1027 idem
2027 961 2197 1045 quod
2252 961 2424 1044 passi
2491 968 2662 1024 sunt.

720 1054 1075 1120 Patiuntur
1098 1059 1315 1115 autem
1354 1048 1772 1132 gravissimas
1808 1049 2089 1112 offensas
2114 1056 2182 1111 et
2215 1045 2663 1123 contumeliae,

723 1161 887 1222 quas
921 1139 1000 1202 ob
1023 1138 1324 1201 fortunae
1356 1133 1867 1199 mediocritatem
1901 1133 2282 1216 propulsare
2314 1140 2663 1216 nequeunt.

900 1224 1142 1287 Timent
1164 1225 1493 1303 praeterea
1534 1218 1964 1306 contemptum]
2056 1220 2240 1284 Bene
2284 1219 2663 1283 Terentius.

859 1326 1053 1379 Omnes
1087 1324 1277 1393 quibus
1322 1340 1410 1377 res
1448 1331 1573 1378 sunt
1618 1324 1791 1375 minus
1839 1321 2123 1388 secundae,
2172 1328 2299 1374 sunt
2336 1320 2519 1374 nescio
2558 1336 2664 1388 quo

858 1462 1173 1530 Suspiciosi:
1212 1461 1281 1515 ad
1318 1460 1692 1514 contumeliam
1730 1460 1906 1512 omnia
1940 1389 2436 1527 3813ἷῗιῗ8ῗιῖιξὲ18

855 1532 1089 1599 Propter
1124 1546 1273 1583 suam
1306 1529 1676 1596 impotentiam
1712 1544 1770 1581 se
1809 1543 2023 1595 semper
2059 1527 2283 1581 credunt
2317 1526 2527 1595 negligi.

716 1618 842 1683 Est
883 1616 1089 1701 igitur
1133 1612 1417 1680 secunda
1458 1614 1653 1691 ratio,
1699 1635 1816 1678 cur
1860 1612 2020 1678 adeo
2063 1613 2197 1678 sint
2251 1612 2527 1676 animosi
2584 1610 2668 1676 ad

717 1702 1095 1781 vindictam,
1132 1700 1285 1799 quia
1327 1719 1398 1764 se
1435 1699 1603 1764 laedi
1646 1706 1880 1782 putant
1922 1720 2124 1781 quum
2167 1705 2557 1781 tanguntur:
2602 1705 2670 1762 et

715 1789 838 1855 hoc
874 1808 1127 1872 quoque
1161 1786 1233 1849 in
1270 1784 1728 1883 contumeliam
1767 1805 1955 1849 suam
1998 1783 2289 1860 trahunt,
2333 1805 2466 1848 non
2512 1805 2666 1866 sup-

716 1885 939 1959 petere
977 1872 1057 1938 ad
1102 1870 1469 1937 nocendum
1511 1870 1703 1935 vires.

1299 1973 1401 2039 Qui
1433 1973 1623 2026 nolunt
1659 1972 1901 2026 occidere
1937 1988 2253 2041 quenquam,

1129 2022 1298 2096 Posse
1336 2042 1537 2108 volunt,

716 2132 931 2231 inquit
950 2128 1301 2194 Iuvenalis.
1361 2126 1810 2206 Quintilianus
1844 2126 1950 2191 lib.
1976 2127 2100 2191 IL:
2141 2124 2412 2191 Statura
2433 2128 2666 2193 breves

718 2218 790 2281 111
832 2215 1070 2299 digitos
1115 2236 1150 2277 e
1258 2220 1477 2291 untur,
1523 2222 1589 2277 et
1628 2213 1816 2296 plura
1858 2213 2101 2277 infirmi
2144 2212 2499 2277 minantur.

896 2301 1043 2365 Nou
1094 2215 1373 2363 rellifiisse
1430 2298 1810 2363 laedentibus
1858 2296 2162 2385 qratiam]
2222 2298 2371 2363 Non
2425 2299 2669 2364 mirum

721 2396 823 2453 est
865 2388 921 2451 81
972 2385 1249 2450 18181138
1289 2384 1440 2449 s‘uas
1484 2406 1615 2448 non
1659 2384 1818 2449 adeo
1872 2384 2060 2449 facile
2118 2383 2487 2449 condonant
2528 2386 2668 2469 ple-

719 2473 849 2539 beii
886 2482 952 2536 et
985 2470 1339 2553 contempti
1376 2469 1690 2547 homines,
1729 2471 2036 2552 quoniam
2073 2469 2144 2534 id
2185 2469 2318 2534 illis
2355 2471 2512 2536 vitio
2556 2470 2668 2535 da-

720 2567 847 2637 tur,
893 2557 1062 2641 quod
1107 2556 1578 2640 potentioribus
1618 2556 1761 2620 laus
1805 2565 1919 2621 est.
2012 2554 2087 2621 Si
2133 2555 2308 2620 88181
2360 2558 2506 2640 quis
2564 2579 2669 2622 88-

720 2666 872 2708 rum
910 2643 1265 2710 vindictam
1308 2642 1648 2718 remiserit,
1692 2642 1762 2704 in
1806 2641 2047 2725 vulgus
2091 2640 2513 2741 nihilominus
2560 2665 2668 2707 ru-

720 2751 865 2794 mor
928 2731 1084 2807 erit,
1154 2727 1359 2794 voluit
1422 2693 1676 2806 ulcisci,
1742 2726 1855 2793 sed
1890 2749 2023 2791 non
2079 2728 2305 2827 potuit.
2345 2728 2670 2794 Referre

722 2837 877 2880 vero
933 2816 1244 2900 gratiam,
1300 2814 1545 2878 ironice
1586 2835 1703 2896 pro
1747 2833 1822 2877 88
1858 2812 2028 2912 quod
2073 2822 2173 2878 est
2214 2815 2525 2879 iniuriam
2569 2837 2670 2879 re-

719 2902 1032 3001 pendere,
1074 2921 1210 2976 8811,
1247 2909 1324 2963 111
1356 2898 1515 2964 (11811
1559 2897 1859 2975 Curtius,
1909 2900 2119 2985 vicem
2164 2898 2453 2965 reddere.
2545 2901 2670 2965 Te-

720 2988 971 3055 rentius
1013 2989 1085 3052 in
1128 2984 1475 3051 Eunucho:

856 3091 1127 3143 Inveniam
1164 3089 1256 3158 pol
1292 3088 1453 3142 hodie
1489 3105 1676 3156 parem
1710 3089 1800 3142 ubi
1837 3090 1886 3141 ei
1923 3089 2153 3144 referam
2189 3092 2431 3158 gratiam.
2510 3133 2511 3136 ,

720 3175 1005 3241 Ibidem:

893 3277 1075 3344 Quid?
1112 3276 1237 3344 quid
1274 3277 1453 3329 venire
1490 3276 1539 3328 in
1577 3284 1811 3330 ment-em
1846 3293 1986 3329 nunc
2021 3277 2147 3329 mihi
2182 3277 2397 3357 possit?
2418 3279 2460 3341 ι)

894 3346 1192 3410 Quidnam?
1228 3346 1317 3412 qui
1352 3345 1583 3398 referam
1620 3345 1741 3398 huic
1779 3345 2042 3413 sacrilego
2080 3347 2326 3414 gratiam,

896 3416 995 3479 Qu
1030 3416 1171 3467 hunc
1209 3414 1493 3481 supposuit
1518 3413 1673 3465 nobis
1686 3414 1714 3467 ’ἓ
1814 3429 1823 3438 “

721 3499 977 3567 Eadem
1032 3499 1282 3562 ratione
1340 3497 1509 3561 dixit
1560 3497 1823 3564 Coelius
1878 3499 2128 3564 deferre
2184 3437 2666 3566 munusculum.

721 3586 987 3652 Nemini
1032 3583 1153 3647 hoc
1197 3584 1449 3648 deferre
1493 3585 1955 3650 munusculum
1997 3585 2260 3665 maluit,
2299 3606 2495 3669 quam
2552 3606 2669 3651 suo

721 3670 1097 3738 accusatori.
1189 3670 1389 3734 Item.
1466 3671 1713 3735 Aerte
1781 3692 1929 3736 cum
1988 3639 2382 3753 quibusdam
2439 3671 2670 3754 loquu-

725 3769 864 3822 t‘um
899 3777 1049 3824 cum
1086 3756 1165 3820 L.
1205 3755 1495 3819 Domitio
1578 3757 1814 3836 omine,
1851 3766 1926 3821 ut
1959 3779 2135 3823 nunc
2172 3766 2287 3836 est,
2333 3757 2499 3821 mihi
2540 3757 2671 3821 ini-

719 3843 1076 3910 micissimo
1112 3839 1486 3920 deliberare,
1526 3842 1693 3908 velle
1727 3842 1850 3909 hoc
1892 3844 2359 3909 munusculum
2402 3843 2671 3909 deferre.

719 3930 870 3995 Etsi
892 3928 1164 3994 Servius
1200 3937 1420 4010 grates
1453 3930 1567 3990 τῶν
1600 3937 1800 4008 μέσων
1837 3950 1979 3994 8888
2027 3929 2231 3992 tradit
2264 3932 2334 3992 in
2366 3929 2455 3993 Π.
2495 3950 2670 3995 8881-

721 4023 994 4082 8188131.
1040 4012 1373 4078 Aeneidos
1414 4014 1720 4097 Vergilii:

724 4116 868 4187 [pag.
889 4115 979 4185 53]
1030 4116 1114 4183 Di,
1153 4116 1198 4169 si
1233 4130 1340 4183 qua
1376 4122 1462 4169 est
1499 4117 1651 4170 coelo
1689 4117 1864 4185 pietas
1902 4133 2038 4185 quae
2076 4118 2206 4171 talia
2242 4125 2408 4184 curet,

1032 4159 1352 4237 persolvant
1386 4192 1567 4264 grates
1605 4185 1808 4254 dignas,
1848 4193 1903 4239 et
1938 4188 2175 4254 praemia
2209 4186 2438 4239 reddant

1029 4253 1109 4305 De
1082 4254 1241 4320 obita,
1279 4253 1369 4320 qui
1403 4255 1511 4306 nati
1550 4270 1731 4307 coram
1768 4270 1851 4307 me
1888 4271 2107 4309 cernere
2144 4256 2349 4308 lethum

1026 4321 1244 4388 Fecisti,
1282 4329 1337 4374 et
1370 4322 1578 4388 patrios
1614 4322 1848 4376 foedasti
1883 4324 2136 4390 sanguine
2172 4324 2369 4377 vultus.

893 4407 984 4472 At
1026 4409 1130 4471 cui
1171 4407 1330 4471 ultio
1373 4409 1443 4472 in
1482 4407 2026 4495 facili]11sunt
2070 4409 2184 4491 qui
2224 4408 2515 4474 vindicta
2560 4409 2670 4474 de-

718 4495 877 4560 bent
931 4492 1295 4570 abstinere,
1364 4496 1475 4576 qui
1535 4515 1616 4559 ex
1664 4517 1739 4558 eo
1799 4494 1971 4578 quod
2016 4495 2380 4571 abstinent,
2426 4506 2673 4560 certam

718 4581 981 4646 laudem
1025 4589 1526 4661 consequuntur,
1572 4601 1692 4645 888
1736 4580 1993 4646 facilius
2035 4580 2178 4645 ideo
2223 4582 2290 4644 in
2335 4588 2672 4680 posterum

719 4666 1091 4743 laedentur,
1138 4666 1292 4746 quia
1335 4665 1536 4730 semel
1595 4669 1864 4748 impune
1905 4666 2067 4731 laesi
2111 4674 2285 4731 sunt.
2374 4665 2556 4730 Ultio
2599 4668 2672 4731 in

722 4753 927 4829 faoih,
972 4750 1042 4815 id
1087 4760 1186 4814 est
1228 4751 1469 4827 facilis,
1516 4761 1846 4835 prompta,
1891 4761 2142 4836 parata.
2232 4752 2529 4816 Honesta
2573 4760 2673 4817 est

719 4803 1029 4922 loquu'tiO.
1120 4834 1460 4901 Ovidius
1441 4859 1516 4900 111
1558 4838 1611 4903 I.
1660 4838 1741 4902 de
1784 4839 1979 4902 Arte:

1032 4937 1188 5005 Quod
1224 4940 1382 5007 petis,
1419 4955 1487 4992 ex
1522 4938 1682 5007 facili,
1720 4941 1764 4993 si
1800 4940 1948 4994 volet
1981 4941 2092 5009 illa,
2127 4940 2288 4995 feres.

2768 616 3086 683 indicium
3140 622 3242 685 881
3284 638 3484 700 supra
3528 619 3701 682 vires
3743 617 3898 694 niti,
3953 637 4154 699 quam
4199 616 4446 683 viribus
4488 639 4573 683 ex
4613 619 4709 683 fa-

2770 702 2882 768 cili
2925 703 3038 766 uti.
3125 702 3359 767 Livius
3400 702 3510 768 lib.
3556 702 3713 767 111.:
3759 701 3984 782 Quum
4019 703 4237 766 exitus
4281 702 4457 767 haud
4501 703 4571 767 in
4613 704 4708 768 fa-

2771 788 2878 853 cili
2922 802 3110 867 esset,
3154 788 3518 871 compulsos
3571 789 3645 852 in
3687 807 3881 853 cavas
3924 787 4130 853 valles
4172 787 4706 855 circumveniunt.

2773 872 3221 954 Quintilianus
3296 810 3404 939 lpib.
3471 874 3629 939 1X.:
3700 874 3978 938 Interim
4050 894 4367 958 augemus
4435 875 4712 940 crimina

2772 981 2938 1042 quae
2981 982 3064 1024 ex
3106 959 3278 1025 facili
3322 981 3669 1042 possumus
3713 973 3829 1024 aut
3869 959 4134 1038 diluere,
4180 970 4296 1024 aut
4336 981 4594 1045 negare.

2944 1045 3197 1110 Humili
3241 1047 3364 1111 loco
3394 1043 3657 1132 positis]
3719 1044 3796 1111 Si
3839 1046 4098 1111 obscuri
4142 1052 4209 1110 et
4249 1043 4567 1130 ignobiles
4608 1048 4711 1112 in-

2772 1140 2874 1195 ter
2929 1154 2998 1196 se
3055 1131 3391 1208 rixantur,
3450 1153 3524 1197 ac
3572 1152 3642 1196 se
3696 1138 3928 1196 mutuo
3972 1132 4277 1197 conviciis
4320 1131 4714 1199 maledictis-

2772 1238 2896 1299 que
2950 1217 3406 1318 proscindunt,
3462 1217 3628 1282 811111
3683 1238 3944 1282 novum.
4050 1218 4176 1282 Est
4229 1218 4406 1282 enim
4459 1220 4555 1283 818
4609 1239 4713 1285 80-

2770 1302 2984 1379 1811118,
3027 1304 3229 1368 rixari
3273 1324 3346 1369 ac
3389 1304 3667 1387 iurgari:
3715 1312 3862 1385 post
3904 1303 4018 1368 ubi
4062 1325 4132 1368 se
4175 1303 4565 1369 clamoribus
4607 1309 4713 1369 sa2-

2771 1389 2855 1453 tis
2896 1388 2979 1453 ad
3025 1390 3234 1454 ravim
3280 1397 3738 1466 exercuerunt,
3782 1387 4044 1453 tandem
4081 1389 4164 1453 ad
4201 1410 4434 1453 manus
4470 1391 4711 1468 venire,

2773 1484 2840 1538 et
2880 1475 3066 1539 litem
3106 1474 3403 1539 decidere
3441 1476 3682 1558 pugnis
3724 1481 3794 1538 et
3826 1475 4135 1540 calcibus:
4180 1484 4405 1556 estque
4441 1441 4715 1559 vulgare

2769 1561 3207 1644 proverbium,
3253 1573 3400 1643 post
3419 1561 3621 1626 verba
3654 1560 3944 1625 verbera.
4013 1561 4161 1625 Rex
4193 1581 4349 1625 vero
4385 1561 4440 1625 si
4473 1562 4543 1625 in
4578 1583 4715 1625 mo-

2772 1667 2911 1710 rem
2955 1647 3366 1746 popularium
3411 1646 3827 1724 vociferetur,
3885 1666 3960 1710 38
4018 1646 4349 1729 depugnet
4390 1648 4717 1730 unguibus

2771 1741 2839 1795 et
2902 1733 3190 1818 pugnis,
3230 1753 3449 1797 nonne
3514 1732 3794 1796 multum
3854 1730 4156 1796 detrahet
4211 1753 4295 1795 ex
4346 1753 4466 1797 sua
4518 1733 4717 1797 maie-

2773 1817 2982 1883 state?
3072 1800 3246 1883 Nota
3290 1818 3458 1882 hanc
3500 1839 3640 1882 esse
3685 1817 4336 1882 tertiumfflrationem.

3473 2109 3775 2174 cAPU‘r
3822 2089 4013 2174 v111.

2951 2246 3158 2309 Grave
3208 2250 3435 2326 putas,
3496 2247 3662 2326 eripi
3720 2246 4005 2326 loquendi
4057 2245 4394 2310 arbitrium
4448 2245 4717 2330 reyibus,

2774 2332 2935 2430 93οᾱ
2977 2330 3316 2395 humillimi
3357 2331 3592 2396 habent.
3662 2330 3802 2396 Ista
3845 2331 4093 2413 quidem
4134 2333 4401 2396 servitus
4445 2338 4548 2410 est,
4595 2354 4721 2397 303

2772 2417 3459 2568 3331333ῗᾷ.
3479 2422 3557 2550 ἕ*
3601 2437 3762 2567 232²..
3785 2417 4721 2585 ῖῖῗιῖιῗὲἷῗεῗῖἴάωηᾜόἶαῗὲῗὲ

2772 2590 2984 2667 turba,
3031 2609 3222 2669 quam
3262 2610 3383 2652 303
3426 2589 3745 2667 8138811332,
3802 2591 4012 2655 latent.
4005 2614 4018 2627 ·
4060 2609 4319 2669 quorum
4363 2595 4421 2654 et
4463 2593 4722 2655 virtutes

2773 2679 2843 2739 ut
2883 2680 3248 2756 appareant,
3306 2675 3422 2738 diu
3466 2675 3805 2755 luctarum,
3857 2682 3914 2741 et
3951 2676 4132 2741 vitia
4150 2675 4433 2740 tenebras
4480 2676 4717 2740 habent.

2790 2760 3010 2827 Vestra
3049 2761 3219 2842 facta
3261 2761 3543 2840 dictaque
3595 2781 3812 2826 rumor
3863 2761 4106 2844 eecipit.
4196 2761 4282 2825 Et
4330 2762 4466 2827 ideo
4523 2761 4721 2826 33Ζ113

2773 2847 2976 2944 1113913
3029 2847 3377 2911 curandum
3430 2851 3519 2911 est
3582 2847 3826 2927 qualem
3878 2849 4122 2930 famam
4175 2846 4461 2925 habeant,
4528 2868 4720 2927 quam

2774 2933 2916 3013 qui,
2961 2932 3443 3014 qualemcunque
3484 2936 3845 3011 meruerint,
3893 2953 4183 3015 may-nam
4240 2933 4517 2998 habituri
4557 2938 4717 2997 sunt.

2782 3018 2984 3099 Quam
3027 3019 3223 3083 multa
3268 3019 3381 3083 tibi
3430 3040 3550 3083 303
3605 3019 3811 3100 licent,
3868 3041 4026 3102 quae
4068 3020 4243 3084 nobis
4286 3018 4569 3100 beneficio
4612 3024 4718 3084 tuo

2773 3105 2998 3169 licent?
3081 3105 3349 3169 Possum
3407 3106 3474 3168 in
3531 3105 3799 3186 qualibet
3839 3111 4026 3186 parte
4087 3105 4265 3171 urbis
4328 3106 4499 3171 solus
4562 3106 4719 3170 incc-

2774 3190 2915 3255 dere
2969 3190 3102 3254 sine
3177 3192 3394 3255 timore
3409 3239 3423 3268 ,
3500 3194 3790 3271 quamvis
3859 3192 4074 3256 nullus
4134 3197 4432 3272 sequatur
4502 3211 4717 3268 comes,

2773 3275 2986 3339 nullus
3029 3278 3113 3340 sit
3155 3278 3335 3354 domi,
3390 3276 3596 3341 nullus
3630 3280 3713 3343 ad
3762 3278 3928 3343 latus
3955 3278 4230 3361 yladius.
4308 3276 4452 3341 Tibi
4494 3278 4565 3341 in
4604 3282 4722 3341 tua

2762 3381 2921 3442 pace
2987 3367 3225 3426 armato
3290 3363 3617 3426 vivendum
3645 3369 3774 3429 est.
3840 3364 4156 3428 Aberrare
4213 3386 4252 3427 a
4310 3364 4563 3444 fortuna
4605 3367 4721 3426 tua

2773 3467 2895 3512 303
2939 3452 3133 3529 potes.
3226 3453 3373 3528 [pag.
3435 3451 3539 3526 54]
3628 3448 3874 3514 Obsidet
3937 3456 4020 3530 te,
4084 3454 4141 3514 et
4201 3469 4556 3531 quocunque
4617 3449 4721 3513 de-

2772 3534 3043 3612 scendi-5,
3097 3555 3318 3617 133930
3374 3534 3684 3616 adparatu
3737 3537 4035 3616 sequitur.
4124 3534 4212 3599 Et
4251 3534 4399 3599 haec
4440 3555 4722 3600 33131338

2771 3620 3195 3701 maym'tudini
3227 3621 3493 3684 servitus
3527 3626 3630 3697 est,
3667 3642 3790 3686 303
3812 3642 4000 3702 posse
4030 3621 4177 3701 fieri
4210 3622 4529 3685 minorent.
4591 3619 4720 3685 Sed

2773 3726 2912 3768 cum
2964 3705 3093 3769 diis
3137 3706 3250 3770 tibi
3304 3707 3449 3787 ipsa
3502 3709 3829 3772 necessitas
3884 3713 3987 3772 est.
4079 3707 4251 3771 Nam
4293 3707 4438 3771 illos
4481 3727 4721 3788 930938

2773 3791 3007 3855 coelum
3059 3792 3350 3874 alliqatos
3398 3797 3584 3878 tenet:
3627 3813 3735 3857 nec
3775 3795 3981 3876 133913
4024 3793 4160 3858 illis
4200 3793 4560 3857 descendere
4601 3793 4716 3856 da-

2774 3883 2904 3940 tum
2953 3882 3069 3955 est,
3123 3898 3313 3959 quam
3366 3877 3478 3942 tibi
3531 3883 3741 3943 tutum.
3835 3877 4123 3962 Fastiyio
4182 3883 4283 3942 tuo
4337 3877 4591 3958 adfixus
4634 3897 4717 3942 83.

2779 3962 3043 4027 Nostros
3076 3968 3277 4042 motus
3299 3965 3496 4045 pauci
3538 3964 3823 4029 sentiunt.
3918 3964 4184 4030 Prodire
4227 3965 4403 4028 uobis
4448 3984 4520 4028 ac
4563 3984 4720 4029 rece-

2768 4049 2935 4127 dere,
2969 4053 3024 4113 et
3056 4056 3298 4112 mutare
3331 4050 3627 4128 habitum,
3665 4051 3800 4116 sine
3834 4072 4018 4115 sensu
4040 4051 4292 4133 publico
4326 4050 4476 4114 licet.
4571 4049 4721 4114 Tibi

2773 4154 2893 4197 303
2945 4136 3150 4218 mayis
3204 4156 3393 4216 quam
3446 4135 3564 4199 soli
3617 4135 3803 4201 latere
3847 4137 4153 4220 continyit.
4241 4135 4453 4201 Multa
4505 4140 4718 4201 contra

2773 4225 2826 4282 te
2884 4220 2995 4284 lux
3049 4226 3155 4285 est.
3264 4219 3560 4285 Omnium
3611 4222 3681 4284 in
3744 4223 3931 4286 istam
3994 4223 4270 4288 conversi
4336 4221 4498 4286 oculi
4552 4227 4715 4286 sunt.

2777 4304 3047 4370 Prodire
3081 4311 3136 4369 te
3161 4312 3363 4386 puteS,
3404 4307 3612 4371 oriris.
3703 4308 3904 4388 Loqui
3946 4329 4066 4372 303
4098 4314 4292 4391 potes,
4338 4308 4467 4371 uisi
4509 4312 4576 4370 ut
4618 4328 4719 4372 vo-

2775 4413 2900 4456 cem
2943 4398 3118 4455 tuam
3161 4412 3317 4473 quae
3358 4393 3583 4474 ubique
3624 4399 3770 4458 sunt
3805 4399 4039 4476 981333,
4086 4395 4419 4475 eoecipiant.
4507 4392 4724 4458 Irasci

2773 4498 2894 4541 303
2916 4483 3109 4557 poteS,
3143 4479 3273 4541 nisi
3308 4483 3373 4540 ut
3407 4480 3615 4542 omnia
3641 4484 4032 4560 premantur.
4123 4480 4230 4544 Sic
4271 4481 4572 4543 neminem
4609 4498 4722 4560 po—

2773 4570 2860 4627 tes
2903 4563 3199 4645 affliyere,
3245 4565 3374 4627 nisi
3415 4569 3482 4628 ut
3525 4566 3832 4645 quidquid
3881 4567 4048 4631 circa
4089 4567 4315 4648 fuerit,
4373 4566 4719 4647 quatiatur.

2793 4649 2868 4715 Ut
2907 4649 3184 4730 fulmina
3213 4669 3564 4730 paucorum
3596 4653 3878 4731 periculo
3920 4653 4168 4729 cadunt,
4215 4654 4494 4716 omnium
4535 4655 4719 4728 metu,

2776 4737 2867 4801 sic
2910 4735 3477 4800 animadversiones
3531 4756 3906 4819 maynarum
3946 4743 4317 4819 potestatum
4358 4742 4584 4802 terrent
4623 4736 4722 4800 la-

2775 4823 2903 4885 tius
2946 4842 3134 4902 quam
3175 4828 3399 4900 nocent,
3444 4842 3566 4885 303
3608 4823 3743 4886 siue
3789 4844 4031 4888 caussa.
4124 4824 4270 4887 Non
4315 4825 4480 4888 enim
4521 4843 4722 4904 9333-

2776 4912 2909 4972 tum
2949 4908 3174 5005 fecerit,
3219 4908 3328 4971 sed
3366 4912 3667 4989 quantum
3706 4910 3994 4990 facturus
4036 4911 4148 4987 sit,
4193 4910 4499 4991 8091313131·
4541 4910 4610 4972 in
4652 4929 4722 4972 eo

726 5024 977 5092 Seneca
1018 5023 1126 5088 lib.
1171 5023 1299 5088 111.
1347 5023 1427 5088 de
1472 5024 1845 5089 Beneficiis:
1904 5026 2306 5093 Beneficium
2363 5046 2449 5089 ex
2500 5026 2676 5092 facili
2778 5014 2885 5073 qm
2928 4994 3140 5057 Omnia
3186 4998 3398 5073 Ρθιθθῖ·
3486 4993 3714 5059 Adme
3754 5016 3946 5075 'mm
4005 4996 4168 5078 Ίαθᾶ
4197 4996 4487 5076 privam-⁵*
4526 4994 4726 5059 homi*-

721 5111 998 5194 largitus
1041 5119 1158 5175 est.
1250 5109 1560 5174 Valerius
1605 5110 1711 5174 lib.
1758 5110 1907 5174 IV.:
1956 5112 2160 5176 Proni
2194 5111 2396 5176 studii
2429 5113 2675 5177 certius

865 5350 922 5417 1)
961 5350 1134 5419 Lege.-
1166 5353 1340 5420 possit
1374 5353 1519 5406 mihi.

2777 5099 2886 5143 nes
2927 5080 3012 5143 ad
3056 5079 3449 5161 accipiendas
3493 5081 3770 5148 iniurias
3812 5083 4294 5164 opportuniores,
4333 5084 4724 5163 acceptarum

2769 5165 3080 5245 patientia
3124 5165 3294 5245 facit.
3397 5165 3671 5249 Reqibus
3713 5171 3931 5233 certior
3974 5173 4064 5231 est
4113 5188 4188 5231 ex
4243 5165 4725 5232 mansuetudine

2777 5251 3112 5328 securitas,·
3154 5251 3309 5332 quia
3346 5251 3636 5332 frequens
3669 5254 3959 5332 vindicta,
3991 5273 4348 5335 paucorum
4381 5251 4595 5318 odium
4626 5273 4723 5317 re-

2766 5336 2993 5418 primit
3006 5386 3020 5414 ,
3087 5339 3365 5402 omnium
3419 5339 3650 5403 irritat.
3757 5339 4050 5404 Voluntas
4112 5344 4337 5421 oportet
4392 5344 4534 5404 ante
4584 5358 4726 5404 sae·-
