5100 6061
357 412 467 471 101

351 606 501 673 tem,
549 595 663 661 sed
711 595 981 678 pedibus
1027 598 1307 659 tractum
1356 594 1589 660 debere
1636 594 1956 677 deponere
2004 598 2300 679 tyranni-

351 682 532 746 dem:
592 690 670 745 ut
722 682 1023 746 meminit
1076 682 1310 745 Livius
1371 680 1477 745 lib.
1524 681 1644 745 IV.
1705 682 1938 746 tertiae
1998 682 2297 747 Deeadis.

349 769 682 833 Memorat
723 779 788 832 et
821 768 1224 832 Plutarchus
1260 763 1519 832 Solonis
1563 789 1965 849 responsum,
2012 768 2124 849 qui
2170 768 2300 832 aie-

350 854 480 932 bat,
524 853 877 937 pulchrum
921 853 1182 936 quidem
1230 852 1646 936 tyrannidem
1697 875 1837 917 esse
1882 853 2127 931 locum,
2186 852 2302 918 sed

351 941 627 1015 exitum,
650 961 785 1005 non
831 938 1089 1004 habere.

529 1025 775 1090 Scelere
827 1025 1156 1090 sceleribus
1210 1023 1462 1111 tuenda]

1837 408 2127 473 LIBER
2169 409 2221 472 I.
2311 408 2617 475 CAPUT
2661 409 2858 475 XIII.

4243 422 4370 529 102Ι

2350 599 2355 723 l
2392 574 2571 661 6661.
2663 596 2851 661 Idem
2896 598 3126 664 Cicero
3174 619 3291 681 1116
3333 600 3635 665 Plancio:
3695 600 3874 682 Quid
3932 605 4172 687 pietas,
4229 608 4356 672 nisi

2404 681 2710 747 voluntas
2755 693 2944 766 grata
2984 686 3056 749 in
3097 686 3449 767 parentes?
3541 686 3993 768 Quintilianus
4036 692 4202 757 libro
4240 693 4356 757 V.:

2403 767 2499 831 Ut
2553 789 2631 832 66
2685 769 2755 831 16
2811 791 2978 852 (1666
3029 772 3361 836 communi
3425 774 3728 854 opinione
3781 794 4177 842 consensum
4234 790 4355 856 est,

2404 851 2558 917 (1666
2601 874 2760 931 6666,
2806 856 3264 937 praestandam
3309 858 3621 939 pictatem
3658 863 4054 941 parentibus.
4123 864 4220 929 Ut
4255 873 4355 927 ta-

2349 936 2556 1051 imen
2599 939 2974 1023 intelligant
3016 942 3293 1007 lectores
3337 943 3495 1025 quid
3541 965 3696 1009 vere
3741 948 3826 1011 sit
3868 948 4106 1029 pietas,
4152 951 4354 1014 subii-

1524 1024 1654 1089 Hic
1710 1045 1851 1088 mos
1906 1046 2132 1089 eorum
2178 1034 2298 1104 est,
2349 1054 2354 1105 l
2403 1044 2574 1088 ciam
2617 1026 2816 1090 verba
2860 1027 3195 1093 Ciceronis
3238 1051 3321 1091 ex
3367 1030 3652 1111 Topicis:
3710 1033 3931 1113 Atque
3976 1035 4204 1113 etiam,
4252 1038 4354 1099 in-
4419 1088 4426 1099 .

350 1111 460 1195 qui
507 1134 713 1194 quum
756 1111 1099 1176 defendere
1134 1111 1418 1176 admissa
1448 1111 1698 1194 flagitia
1731 1132 1864 1174 non
1902 1111 2170 1192 possint,
2219 1111 2297 1174 de
2350 1116 2353 1163 Γ
2402 1111 2565 1191 (1611,
2612 1132 2841 1175 161666
2884 1115 3174 1195 aequitas
3218 1110 3546 1196 tripertita
3590 1116 3827 1182 dicitur
3872 1141 4042 1197 esse3
4088 1143 4224 1186 una
4269 1121 4354 1186 ad

349 1199 539 1262 novis
586 1198 935 1262 sceleribus
980 1198 1268 1261 remedia
1313 1204 1651 1279 quaerunt.
1728 1196 1873 1259 Iam
1919 1196 2041 1262 hoc
2086 1196 2298 1261 666166

347 1292 465 1361 661,
512 1282 684 1365 quod
726 1290 1051 1367 tyrannus
1096 1284 1402 1366 irrumpit
1434 1283 1516 1346 16
1546 1281 1871 1365 publicam
1904 1283 2295 1359 libertatem,

349 1391 423 1436 66
468 1389 695 1451 pacem
740 1370 1024 1434 civitatis
1070 1369 1468 1433 tumultuose
1509 1367 1852 1449 perturbat
1866 1387 1880 1444 ;
1942 1367 2175 1432 deinde
2222 1379 2300 1431 ut

347 1458 823 1538 possessionem
869 1456 1071 1519 semel
1114 1466 1448 1537 acceptam
1493 1455 1801 1530 retineat,
1860 1455 2116 1537 cogitur
2159 1474 2296 1518 om-

349 1563 464 1605 nes
512 1541 593 1605 (16
636 1540 851 1604 medio
896 1540 1141 1618 tollere,
1188 1543 1295 1622 qui
1344 1549 1499 1605 sunt
1542 1540 1816 1605 alicuius
1850 1541 1921 1603 in
1958 1540 2118 1603 urbe
2155 1539 2297 1622 dig-

346 1627 597 1704 nitatis,
642 1628 755 1709 qui
795 1635 1070 1709 possunt
1106 1626 1186 1690 ad
1223 1626 1735 1708 recuperandam
1773 1624 2141 1690 libertatem
2180 1646 2295 1707 po-

2402 1217 2690 1277 superos,
2735 1196 2941 1260 altera
2985 1198 3067 1262 ad
3111 1221 3354 1278 manes,
3401 1203 3595 1266 tertia
3638 1203 3719 1267 ad
3765 1203 4066 1270 homines
4111 1206 4353 1272 dicitur

2403 1283 2750 1362 1161116616.
2841 1283 3068 1347 Prima
3121 1285 3357 1366 pietas,
3416 1288 3702 1352 secunda
3757 1292 4099 1369 sanctitas,
4159 1293 4356 1357 tertia

2401 1367 2652 1430 iustitia
2697 1388 2810 1431 seu
2852 1370 3158 1450 aequitas.
3223 1371 3568 1437 Hactenus
3613 1374 3857 1439 016616.
3915 1376 4171 1442 Verum
4194 1400 4353 1460 quo-

2401 1454 2582 1516 niam
2628 1462 2935 1535 parentes
2970 1454 3156 1519 nobis
3193 1459 3374 1538 quasi
3413 1457 3682 1523 deorum
3716 1462 3858 1525 vice
3900 1472 4074 1540 sunt,
4122 1464 4204 1527 ad
4242 1485 4354 1528 eos

2402 1538 2765 1603 derivatur:
2825 1539 2995 1622 quod
3036 1543 3256 1605 innuit
3298 1545 3708 1628 Augustinus
3765 1548 3932 1612 libro
3975 1549 4063 1614 X.
4111 1550 4193 1614 (16
4239 1549 4351 1614 01-

2348 1652 2351 1673 =
2400 1625 2625 1689 vitate.
2685 1625 2914 1691 Pietas
2949 1627 3209 1709 proprie
3234 1629 3358 1692 Dei
3385 1629 3603 1694 cultus
3623 1632 3904 1717 intelligi
3927 1634 4110 1713 solet,
4153 1655 4351 1716 quam

347 1712 579 1796 pulum
624 1715 966 1779 concitare.
1036 1713 1217 1778 Haec
1253 1712 1365 1776 ubi
1403 1711 1817 1794 perpet-ravit,
1863 1712 2178 1795 prospicit
2211 1732 2297 1774 ne
2401 1711 2642 1776 Graeci
2699 1709 3000 1792 εὖσεβείαν
3042 1723 3297 1777 vocant.
3389 1715 3574 1780 Haec
3626 1727 3843 1782 tamen
3905 1729 3971 1783 et
4030 1741 4189 1803 erga
4233 1742 4351 1804 pa·

347 1800 458 1882 qui
495 1800 822 1863 exsistant
858 1798 1099 1863 ultores
1136 1820 1210 1863 ac
1244 1798 1554 1863 vindices.

347 1906 657 1950 aerosum
703 1885 1089 1967 sanguinem
1147 1884 1442 1951 effundit,
1534 1885 1821 1948 Demum
1878 1885 2172 1967 agnoscit
2227 1904 2296 1948 se

347 1972 652 2037 omnibus
698 1970 1162 2034 exsecrabilem
1218 1991 1292 2033 ac
1350 1969 1836 2034 detestandum:
1896 1989 2054 2050 quas
2112 1990 2296 2034 exse-

347 2057 671 2123 crationes
714 2056 872 2119 dum
909 2058 1051 2121 vult
1086 2078 1125 2119 a
1160 2078 1275 2120 6116
1311 2057 1522 2138 6611116
1559 2054 1831 2133 66161111,
1879 2055 2126 2120 scelera
2161 2076 2297 2119 sce-

348 2144 592 2208 leribus
647 2154 885 2206 tuetur.
976 2144 1082 2206 Ita
1135 2164 1255 2207 nec
1310 2142 1540 2206 modus
1597 2163 1715 2207 1166
1758 2142 1910 2205 11616
1958 2140 2293 2205 6661616111.

348 2228 602 2295 Seneca
644 2229 715 2292 in
761 2230 1284 2312 Agamemnone:
2130 2246 2139 2253 ²

555 2331 661 2385 Per
700 2330 909 2385 scelera
948 2347 1160 2398 semper
1197 2331 1488 2384 sceleribus
1527 2337 1699 2383 tutum
1736 2338 1819 2385 est
1852 2330 1971 2383 iter.

343 2419 524 2484 Hinc
571 2418 907 2502 eleganter
949 2418 1246 2482 Persius:

587 2522 853 2575 Virtutem
893 2530 952 2573 ut
989 2520 1222 2587 videant,
1259 2518 1701 2586 intabescantque
1738 2518 1945 2572 relicta.

522 2607 669 2671 Non
712 2607 1056 2670 amicorum
1096 2602 1277 2689 fidei]
1338 2603 1450 2669 Sic
1497 2604 1578 2668 (16
1620 2604 1941 2688 Dionysio
1995 2604 2294 2688 legimus,

1620 1796 1853 1880 Itaque
1888 1819 2146 1861 omnem
2184 1817 2297 1880 ge-
2347 1790 2351 1893 4
2402 1808 2624 1860 rentes
2669 1798 2953 1863 officiose
2998 1798 3225 1863 haberi
3272 1798 3528 1864 dicitur.
3598 1800 3778 1882 Quin
3823 1814 3890 1867 et
3927 1806 4049 1871 1166
4083 1809 4352 1873 nomine

2400 1883 2667 1959 utimur,
2713 1904 2915 1964 quum
2960 1884 3260 1950 volumus
3306 1888 3720 1969 praecipuam
3764 1892 4003 1955 amoris
4049 1894 4185 1956 vim
4230 1914 4345 1957 ex-

2401 1970 2702 2049 primere.
2794 1969 3023 2036 016616
3080 1970 3188 2035 lib.
3247 1972 3299 2035 Ι.
3358 1972 3832 2054 Epistolarum:
3891 1977 4347 2044 Periucundae

2401 2054 2566 2117 mihi
2607 2055 2880 2119 fuerunt
2921 2055 3150 2119 literae
3194 2066 3376 2135 tuae,
3434 2058 3668 2140 quibus
3724 2061 4018 2126 intellexi
4079 2072 4140 2126 te
4194 2084 4347 2145 per·

2401 2139 2651 2221 spicere
2686 2161 2900 2205 meam
2940 2142 3010 2205 in
3054 2149 3123 2206 te
3164 2146 3491 2224 pietatem.
3560 2143 3740 2225 Quid
3774 2149 3948 2211 enim
3984 2147 4196 2213 dicam
4232 2149 4345 2215 be—

2399 2227 2865 2303 nevolentiam,
2902 2249 3105 2310 quum
3137 2228 3302 2292 illud
3339 2229 3556 2312 ipsum
3584 2234 4046 2314 gravissimum
4068 2244 4134 2298 et
4156 2256 4347 2301 sanc-

2401 2313 2727 2462 tioeimudn
2761 2334 3000 2461 non‘ilen
3034 2314 3299 2395 pietatis
3333 2315 3544 2379 levius
3574 2318 3736 2381 mihi
3771 2320 4025 2384 meritis
4061 2341 4221 2403 erga
4241 2342 4347 2386 me

2403 2399 2531 2461 tuis
2580 2398 2646 2461 vi
2694 2409 2879 2463 eatur

2581 2502 2704 2580 (gui
2793 2500 2903 2564 ubi
2975 2503 3443 2603 circumspexit]
3533 2506 3873 2571 Hactenus
3950 2517 4353 2591 exsequutus

2345 2618 2349 2673 Ι
2401 2593 2501 2649 661
2540 2593 2899 2669 tyrannum
2945 2608 3086 2651 esse
3130 2591 3588 2668 miserrimum,
3634 2593 3745 2673 qui
3791 2595 3885 2657 sic
3929 2593 4082 2659 deos
4117 2595 4346 2659 horre-

345 2695 455 2777 qui
491 2694 808 2757 submotis
845 2693 1089 2767 6161616,
1126 2693 1195 2754 16
1230 2711 1454 2754 eorum
1493 2690 1708 2755 locum
1743 2690 2292 2755 ferocissimarum
2346 2680 2349 2685 ⁴
2398 2680 2607 2770 Petfst
2644 2672 2958 2770 hominssssg
2997 2681 3199 2739 testes
3236 2695 3310 2774 a‘?
3347 2675 3637 2741 Vindices&
3678 2678 4060 2759 facinorum,
4108 2692 4183 2744 ut
4226 2703 4348 2747 nec

345 2779 642 2864 gentium
701 2778 1029 2853 homines,
1087 2789 1153 2841 et
1208 2800 1246 2840 a
1302 2775 1566 2841 familiis
1608 2775 2007 2857 locupletum
2051 2776 2290 2840 clectos
2345 2752 2349 2851 l
2398 2778 2752 2822 amlssol'um
2797 2757 2950 2821 fidel
2990 2780 3060 2822 ⁸0
3098 2768 3524 2841 Pssrmltfel‘flfu
3573 2785 3693 2827 nec
3729 2764 4083 2829 liberorum
4121 2767 4350 2849 I)ietaffi

344 2863 754 2950 praevalidos
798 2884 1050 2939 servos,
1107 2863 1344 2945 quibus
1402 2863 1609 2926 latera
1661 2882 1782 2925 sua
1836 2862 2289 2939 committeret,

2395 2843 2660 2920 fideret,
2707 2845 2812 2926 qui
2870 2865 3135 2910 necesse
3186 2846 3459 2911 haberet
3513 2847 3595 2911 ad
3651 2870 3984 2915 armorum
4024 2852 4352 2933 praesidia

345 2952 705 3017 substituit.
775 2949 1083 3014 Valerius
1129 2958 1317 3013 autor
1361 2947 1526 3012 libro
1572 2947 1695 3011 IX.
1760 2947 1989 3012 Cicero
2038 2968 2291 3030 quoque
2344 2934 2348 3040 1
2396 2930 2764 3012 oonffigeres
2804 2950 2886 2992 ΗΘ
2923 2930 3083 3011 iPSiS
3116 2931 3380 3013 quidem
3418 2935 3574 2997 satis
3618 2955 3903 3001 Sssssurus·
3996 2937 4188 3001 Nunc
4233 2937 4351 3001 ad-

345 3038 871 3120 Tusculanarum
895 3036 977 3099 V.
1025 3035 1104 3100 de
1150 3034 1376 3100 eodem
1421 3035 1719 3117 loquens:
1770 3033 1902 3115 Qui
1945 3056 2148 3117 quum
2193 3055 2292 3098 es-

344 3133 444 3191 set
485 3124 674 3189 bonis
718 3121 1100 3206 parentibus
1146 3129 1339 3204 atque
1385 3121 1656 3185 honesto
1710 3120 1849 3185 loco
1888 3130 2112 3199 natus,
2172 3120 2293 3184 etsi

346 3210 413 3275 id
455 3210 719 3294 quidem
766 3208 932 3272 alius
988 3208 1114 3273 alio
1173 3207 1361 3272 modo
1406 3204 1635 3285 tradit,
1686 3206 2182 3289 *abundaretquc
2228 3214 2295 3270 et

348 3295 717 3379 aequalium
762 3293 1342 3371 familiaritatibus,
1402 3301 1468 3355 ct
1509 3292 1979 3357 consuetudine
2023 3292 2291 3375 propin-

347 3392 645 3466 quorum,
679 3382 952 3445 haberet
988 3381 1184 3445 etiam
1222 3400 1400 3443 more
1425 3379 1750 3444 Graeciae
1779 3378 2091 3461 quosdam
2129 3377 2292 3442 adu·-

347 3469 666 3535 lescentes
711 3488 929 3531 amore
971 3468 1381 3542 coniunctos,
1438 3463 1744 3530 credebat
1785 3487 1854 3529 66
1898 3485 2125 3529 eorum
2180 3485 2293 3528 ne-

348 3556 538 3618 mini:
603 3551 716 3617 scd
761 3554 839 3616 iis
896 3557 1037 3630 [pag.
1082 3557 1188 3629 93]
1250 3571 1413 3633 quos
1462 3572 1544 3613 ex
1586 3551 1853 3615 familiis
1895 3550 2293 3633 locupletum

347 3662 569 3705 servos
618 3639 978 3722 delegerat,
1038 3639 1269 3721 quibus
1325 3658 1564 3701 nomen
1623 3637 1955 3702 servitutis
1997 3637 2137 3719 ipse
2183 3635 2293 3700 (16-

350 3734 677 3802 traxerat,
737 3735 802 3788 61
846 3724 1231 3806 quibusdam
1277 3722 1610 3802 convenis,
1668 3729 1733 3786 et
1790 3722 1943 3787 feris
1999 3721 2293 3786 barbaris

350 3813 636 3895 corporis
692 3810 1054 3875 custodiam
1114 3808 1576 3874 committebat.
1666 3809 1850 3892 Lege
1908 3831 1945 3871 a
1995 3808 2083 3872 ud
2134 3830 2293 3872 cun-

354 3898 496 3962 dem
542 3897 928 3961 Ciceronem
973 3895 1173 3966 Offic..
1209 3895 1296 3958 II.
1345 3894 1423 3958 de
1466 3892 1849 3960 Alexandro
1888 3895 1947 3957 P
1996 3915 2161 3958 ereo.

522 3983 668 4048 Non
703 3982 1034 4046 liberm-um
1064 3978 1314 4066 pietatz]
1363 3981 1507 4046 Hoc
1544 3981 1740 4044 etiam
1775 3978 1859 4044 ad
1892 3979 2294 4063 Dionysium

354 4072 647 4145 refertur,
693 4069 805 4149 qui
853 4089 1054 4149 quum
1093 4089 1160 4131 se
1199 4077 1533 4131 tonsorum
1572 4064 1872 4130 manibus
1909 4065 2113 4129 nollet
2148 4087 2294 4147 per-

350 4157 643 4231 mittere,
692 4153 959 4217 tondere
1004 4153 1171 4217 filias
1218 4153 1461 4230 docuit,
1508 4174 1783 4234 quarum
1828 4152 2028 4216 etiam
2072 4160 2296 4235 postea

353 4250 720 4325 suspectam
762 4240 1010 4303 habens
1055 4239 1368 4313 fraudem,
1415 4237 1703 4303 instituit
1746 4245 1821 4303 ut
1864 4237 2307 4320 candentibus

349 4326 761 4411 iuglandium
838 4326 1279 4407 putaminibus
1348 4322 1617 4389 barbam
1685 4324 1809 4389 sibi
1864 4331 1932 4388 et
1986 4322 2292 4405 capillum

352 4412 721 4477 adurerent.
782 4410 930 4475 Non
965 4421 1064 4476 cst
1096 4425 1311 4474 autem
1348 4412 1699 4475 oscitanter
1720 4409 2291 4492 praetereundum,

353 4498 519 4581 quod
566 4496 823 4562 Seneca
865 4498 1061 4562 fidem
1106 4493 1462 4561 amicorum
1508 4496 1701 4574 dixit,
1749 4506 1816 4561 et
1858 4496 2170 4579 pietatem
2211 4494 2293 4558 li-

353 4584 672 4649 berorum.
742 4581 855 4648 Sic
878 4584 1050 4647 enim
1081 4604 1304 4646 eorum
1342 4583 1555 4648 officia
1578 4582 2096 4666 distinguuntur.
2152 4581 2291 4645 Pli-

351 4671 496 4735 nius
541 4672 612 4732 in
655 4669 1095 4752 Panegyrico:
1153 4668 1437 4733 Reddita
1483 4677 1581 4733 est
1625 4670 1851 4733 amicis
1893 4668 2086 4746 fides,
2130 4667 2291 4734 libe-

250 4787 259 4800 ·
350 4757 440 4820 ris
483 4756 710 4839 pietas,
758 4756 1137 4837 obsequium
1183 4756 1407 4820 servis.
1472 4755 1703 4821 Cicero
1738 4755 1809 4817 in
1844 4755 2137 4818 oratione
2172 4775 2291 4835 pro

351 4839 654 4920 Quintio:
737 4841 1034 4905 Veritate
1091 4842 1408 4920 amicitia,
1487 4841 1614 4905 fide
1671 4841 1975 4917 societas,
2053 4840 2292 4922 pietate

351 4928 795 5010 propinquitas
886 4926 1135 4990 colitur.
1237 4927 1463 5009 Neque
1545 4927 1802 4991 mireris
1881 4925 2034 4991 alibi
2118 4926 2292 4990 veri·-

353 5021 574 5091 tatem‚
637 5012 787 5077 alibi
837 5012 1032 5077 fidem
1090 5011 1236 5095 legi.
1307 5011 1484 5077 Sunt
1526 5014 1701 5077 enim
1758 5011 2050 5077 eiusdem
2092 5032 2293 5094 prope

351 5097 859 5181 significationis,
906 5119 1023 5180 pro
1069 5119 1147 5162 ea
1187 5119 1384 5179 quam
1427 5099 1663 5163 Graeci
1710 5098 2079 5184 χρηστότητα
2108 5100 2156 5182 ¹)
2179 5119 2293 5163 vo-

356 5246 753 5256 *um—7„—

488 5338 543 5402 1)
586 5338 693 5394 Ed.
726 5339 985 5406 princeps
1018 5338 1188 5392 male.-
1222 5332 1539 5405 χρηστότην.

2399 3014 2512 3094 (111,
2557 3014 2732 3099 quod
2776 3022 2876 3080 est
2917 3017 3200 3100 gravius,
3248 3039 3413 3083 eum·
3445 3020 3687 3084 habere
3733 3032 3966 3087 testem
4010 3023 4350 3088 conscien-

2397 3103 2590 3180 tiam,
2648 3124 2814 3184 quae
2882 3103 3092 3167 instar
3154 3106 3396 3169 vermis
3466 3127 3618 3169 eum
3686 3109 3864 3173 intus
3933 3108 4223 3174 corrodit
4273 3130 4351 3173 ac

2396 3189 2656 3252 lacerat.
2744 3189 2871 3252 Est
2921 3190 3099 3253 enim
3143 3192 3537 3256 conscientia
3580 3193 3757 3258 mille
3800 3201 4031 3273 testes,
4078 3202 4156 3259 ut
4199 3216 4347 3277 pro·

2398 3274 2623 3339 verbio
2667 3276 2890 3340 fertur.
2970 3277 3304 3341 Iuvenalis
3351 3276 3593 3363 Satyra
3619 3279 3797 3344 XIII
3804 3299 3852 3344 .:
4155 3279 4158 3282 “

3024 3378 3171 3445 Quos
3208 3380 3306 3433 diri
3343 3382 3561 3434 conscia
3595 3381 3726 3435 facti

2535 3447 2692 3501 Mens
2729 3448 2894 3501 habet
2928 3450 3204 3516 attonitos,
3242 3457 3297 3502 et
3334 3449 3495 3502 surdo
3533 3452 3756 3505 verbere
3795 3452 3987 3520 caedit,

2398 3515 2537 3584 [pag.
2575 3514 2665 3584 94]
2703 3515 2983 3570 Occultum
3019 3519 3257 3584 patiente
3296 3519 3474 3573 animo
3511 3527 3719 3573 tortore
3755 3521 4049 3589 flagellum.

2536 3585 2721 3638 Poena
2749 3591 2928 3638 autem
2957 3588 3264 3652 vehemens,
3300 3594 3357 3640 et
3391 3587 3559 3641 multo
3599 3590 3811 3643 saevior
3846 3591 3972 3656 11116,

2536 3653 2682 3718 Quas
2720 3661 2775 3707 et
2810 3653 3082 3707 caeditius
3119 3655 3300 3723 gravis
3335 3656 3552 3726 invenit,
3589 3666 3644 3710 et
3678 3656 4108 3727 Rhadamantus,

2534 3721 2708 3775 Nocte
2748 3721 2940 3789 dieque
2977 3738 3129 3775 suum
3164 3731 3379 3792 gestare
3415 3726 3468 3778 in
3504 3734 3727 3793 pectore
3765 3735 3977 3782 testem.

2396 3827 2683 3890 Pacatus
2725 3825 2794 3888 in
2825 3824 3268 3909 Panegyrico:
3315 3827 3538 3904 Habet
3581 3831 3800 3895 nescio
3844 3852 4006 3913 quos
4050 3832 4346 3897 internos

2396 3933 2584 3976 mens
2650 3911 2964 3976 scelerata
3023 3913 3389 3992 carnifices,
3459 3915 3589 3978 imo
3653 3916 3798 3999 ipsa
3863 3918 3984 3981 sibi
4052 3917 4346 3984 carnifex

2397 3997 2796 4062 conscientia
2831 4006 2949 4074 est,
2988 4005 3106 4062 etc.
3199 3998 3429 4064 Cicero
3474 4021 3594 4084 pro
3639 4001 3914 4068 Roscio:
3957 4002 4178 4068 Nolite
4221 4027 4347 4088 pu-

2398 4092 2558 4162 tare,
2615 4081 3163 4165 quemadmodum
3217 4104 3409 4167 saepe
3464 4087 3534 4149 in
3603 4086 3837 4150 fabulis
3909 4087 4177 4169 videtis,
4235 4113 4346 4156 666

2397 4171 2508 4252 (161
2553 4168 2801 4252 aliquid
2842 4169 3040 4251 impie
3086 4171 3526 4253 scelerateque
3571 4173 4047 4253 commiserint,
4108 4176 4346 4259 agitari

2398 4264 2466 4319 et
2506 4254 2859 4338 perterreri
2899 4255 3222 4320 furiarum
3244 4256 3452 4321 taedis
3498 4257 3912 4324 ardentibus:
3952 4281 4071 4324 sua
4118 4283 4348 4344 quem·-

2397 4363 2523 4423 que
2545 4342 2744 4421 fraus,
2769 4349 2836 4404 et
2870 4362 3026 4405 suus
3062 4351 3274 4406 terror
3307 4343 3592 4408 maxime
3628 4352 3853 4409 vexat:
3894 4367 4086 4410 suum
4122 4343 4350 4430 quem-

2398 4449 2524 4510 que
2560 4427 2771 4494 scelus
2807 4429 3031 4512 agitat,
3070 4429 3480 4512 amentiaque
3517 4430 3742 4496 afficit:
3792 4453 3948 4496 suae
3991 4432 4204 4498 malae
4240 4455 4349 4500 co-

2397 4513 2751 4598 gitationes
2795 4515 3348 4596 conscientiaeque
3393 4516 3598 4579 animi
3644 4523 3910 4582 terrent.
3998 4518 4148 4585 Hae
4192 4513 4364 4584 sunt*

2394 4600 2615 4683 impiis
2681 4599 2979 4664 assiduae
3049 4599 3569 4685 domesticaeque
3640 4604 3865 4669 furiae.
3966 4602 4351 4671 Secundum

2395 4686 2558 4752 11666
2621 4685 2951 4836 0116616616
3005 4685 3208 4751 verba
3259 4687 3764 4772 intelligendum
3817 4690 3982 4754 illud
4037 4689 4235 4756 Statii
4291 4693 4348 4757 I.

2397 4773 2648 4838 Thebai
2695 4792 2798 4837 os:

2842 4874 3220 4943 Scelerumque
3255 4877 3311 4930 16
3348 4886 3570 4945 11661616
3608 4878 3772 4932 (11166.

2396 4979 2584 5044 Idem
2608 4978 2835 5044 Cicero
2871 4999 2990 5061 pro
3024 4979 3301 5045 Milone:
3337 4981 3591 5065 Magna
3625 4989 3726 5045 cst
3759 4982 3861 5048 vis
3897 4983 4351 5063 conscientiae,

2398 5075 2466 5130 et
2519 5085 2764 5148 magna
2816 5064 2887 5128 in
2934 5072 3278 5148 utramque
3337 5078 3623 5150 partem:
3679 5076 3755 5132 ut
3808 5090 4025 5150 neque
4069 5070 4351 5136 timeant

2397 5151 2510 5233 qui
2555 5150 2723 5215 nihil
2767 5151 3229 5230 commiserint,
3269 5159 3336 5216 et
3388 5175 3647 5236 semper
3705 5162 3858 5219 ante
3915 5155 4139 5220 oculos
4194 5178 4352 5240 poe-

2397 5257 2556 5300 nam
2607 5238 2858 5301 versari
2915 5246 3164 5321 putent,
3220 5241 3330 5321 qui
3384 5240 3730 5322 peccarint.
3832 5239 4041 5305 Plura
4094 5240 4354 5310 Seneca

2398 5324 2469 5386 in
2515 5320 2788 5386 eandem
2825 5326 3219 5389 sententiam
3263 5325 3558 5407 Epistola
3593 5324 3915 5391 XCVIII.

3871 5428 3935 5481 7*
