5100 6061
1977 428 2715 499 PROLEGOMENA.
4085 441 4374 511 XXXV

346 596 741 684 iasinuantes
780 637 901 681 nen
932 618 1265 699 pauciores
1306 638 1419 682 suo
1472 639 1682 683 errore
1725 618 2059 705 illaqueent
2095 642 2286 701 quam
2327 622 2388 685 si
2430 621 2672 687 excusis
2707 623 2890 688 libris
2921 624 3174 704 publice
3209 626 3596 708 cursitarent,
3617 649 3900 694 ..eausam
3943 630 4102 696 mihi
4142 632 4370 700 habere
4401 660 4408 671 ¹

343 753 471 797 non
515 731 723 797 videor
780 729 932 812 quin
974 730 1259 793 veritatis
1292 730 1576 810 proditor
1628 731 1834 810 dicar,
1892 734 1952 797 si
2000 734 2067 796 in
2112 738 2284 797 amca
2339 734 2694 798 necessitate
2735 740 2969 801 taceam
3013 758 3086 802 ac
3130 738 3537 802 dissimulem.
3628 740 3735 804 Ex
3782 741 3889 806 his
3934 742 4237 809 omnibus
4284 745 4368 809 li-

343 843 541 927 quide
598 848 870 925 apparet
906 841 1288 918 Calvinum,
1346 862 1549 923 quum
1595 865 1734 907 8080
1779 843 1862 907 0(1
1916 845 2092 908 1111110
2138 845 2431 910 libellum
2488 847 3028 912 conscribendum
3081 850 3473 930 accinxerit,
3534 850 4055 918 adversariorum
4115 858 4368 939 scripta

346 975 515 1039 quae
560 954 923 1019 accuratius
968 954 1283 1018 refutaret
1319 955 1584 1018 omnino
1628 955 1813 1019 nulla
1857 957 1928 1020 in
1962 956 2264 1021 manibus
2302 957 2624 1022 habuisse.
2698 958 2876 1022 Vero
2922 960 3334 1025 simillimum
3378 984 3535 1045 ergo
3582 970 3681 1027 est
3725 985 3876 1029 eum
3916 966 4206 1048 plurima
4247 967 4369 1034 illa

346 1073 769 1151 argumenta,
816 1065 1057 1147 partim
1102 1064 1273 1129 seria
1317 1074 1381 1129 et
1426 1068 1756 1149 graviora,
1804 1068 2042 1150 partim
2088 1068 2425 1152 argutiora
2469 1077 2536 1133 01
2579 1069 2782 1147 levia,
2829 1070 2902 1135 in
2941 1073 3175 1153 quibus
3223 1074 3593 1138 refellendis
3634 1081 3815 1140 totus
3861 1085 4191 1157 versatur,
4240 1081 4370 1143 mi-

345 1201 473 1243 nus
519 1199 712 1259 saepe
758 1199 841 1241 ex
885 1176 1358 1241 haereticorum
1405 1199 1514 1241 ore
1560 1179 1890 1262 excepisse
1934 1201 2131 1262 quam
2175 1202 2255 1244 ex
2302 1202 2418 1246 8110
2463 1181 2667 1263 ipsius
2713 1183 2975 1265 ingenio
3021 1184 3340 1263 hausisse,
3389 1187 3481 1249 ita
3525 1193 3626 1265 ut,
3685 1208 3849 1268 quae
3894 1188 4092 1255 dubia
4135 1196 4368 1257 contra

347 1311 541 1357 suam
585 1288 979 1355 sententiam
1025 1289 1273 1353 moveri
1319 1296 1648 1371 poterant,
1708 1312 1786 1355 ea
1830 1294 1996 1374 ipse,
2045 1313 2210 1374 quae
2257 1300 2397 1357 erat
2443 1294 2584 1357 eius
2629 1294 2980 1375 sagacitas,
3026 1296 3277 1375 primus
3322 1298 3638 1378 repererit
3669 1306 3748 1361 ¹et
3792 1301 3979 1382 quasi
4021 1308 4251 1366 contra
4296 1322 4369 1368 se

345 1405 569 1485 ipsum
613 1400 895 1467 solverit..

661 1513 1013 1578 Caeterum
1059 1533 1190 1576 non
1235 1512 1530 1578 subsistit
1571 1515 1641 1578 in
1687 1514 1767 1579 iis
1812 1536 1977 1597 quae
2022 1516 2104 1581 ad
2149 1538 2451 1581 somnum
2496 1518 2865 1581 animarum
2912 1519 3137 1582 stricte
3183 1519 3276 1582 sic
3323 1516 3567 1583 dietum
3614 1529 3939 1602 spectant,
3987 1525 4124 1590 sive
4170 1546 4366 1608 quem

346 1636 592 1693 vocant
617 1635 863 1690 statum
886 1624 1367 1702 intermedium,
1415 1626 1528 1690 sed
1551 1627 1886 1692 occasione
1933 1627 2084 1693 data
2108 1629 2326 1692 omnia
2371 1628 2506 1693 fere
2549 1637 2911 1711 pertractat
2954 1651 3119 1711 quae
3166 1629 3245 1693 de
3290 1630 3661 1695 animarum
3705 1641 3943 1698 natura
3988 1643 4052 1698 01
4096 1636 4365 1701 immor—

346 1738 613 1831 talit-ate⁸
648 1757 1118 1819 corporumque
1147 1738 1622 1803 resurrectione
1649 1759 1687 1801 a
1733 1738 2051 1823 theologis
2096 1740 2268 1803 tradi
2313 1733 2540 1804 solent.
2608 1742 2738 1805 Vix
2787 1750 2887 1806 est
2929 1741 3100 1823 quod
3147 1749 3211 1805 te
3255 1763 3636 1807 moneamus
3681 1764 3763 1808 110
3807 1745 3911 1810 1110
3955 1746 4360 1829 philosophi—

346 1871 496 1917 cam
542 1850 999 1914 tractationem
1046 1870 1356 1930 quaerere
1395 1850 1572 1927 velis,
1620 1850 1877 1933 qualem
1922 1853 2310 1916 recentiores
2355 1851 2475 1915 tibi
2515 1853 2800 1917 offerunt
2845 1853 2925 1916 (10
2975 1853 3077 1918 1118
3122 1852 3317 1917 rebus
3364 1853 3779 1919 disserentes.
3861 1857 3986 1919 Est
4028 1858 4142 1922 illa
4184 1879 4366 1923 mere

347 1962 722 2046 theologica
767 1970 831 2025 et
891 1970 962 2025 ut
1005 1960 1292 2025 maxime
1351 1962 1770 2039 scholastica,
1831 1963 1914 2027 ad
1958 1984 2255 2027 normam
2303 1972 2367 2027 et
2414 1964 2791 2046 exemplum
2840 1965 3421 2030 ecclesiasticorum
3473 1965 3810 2032 doctorum
3866 1969 3977 2049 qui
4025 1968 4368 2033 orthodoxi

346 2074 788 2158 perhibentur
844 2084 1092 2138 exacta.
1188 2074 1268 2136 In
1314 2095 1441 2156 qua
1495 2075 1548 2138 si
1594 2075 1742 2157 quis
1787 2076 2175 2140 reformatae
2233 2076 2538 2139 scientiae
2585 2077 2868 2159 vestigia
2911 2078 3295 2159 quaesierit,
3352 2079 3421 2139 in
3463 2097 3539 2141 eo
3584 2079 3870 2161 reperire
3913 2081 4152 2161 poterit
4193 2080 4368 2161 quod

348 2198 543 2251 autor
586 2187 797 2250 rarius
823 2185 1181 2273 attplacita
1225 2196 1488 2267 patrum
1528 2198 1854 2268 provocat,
1903 2186 2477 2268 locupletissimam
2521 2210 2674 2253 vero
2717 2191 3012 2271 congerit
3053 2189 3347 2254 locorum
3393 2191 3755 2271 scripturae
3799 2211 4022 2255 sacrae
4067 2212 4368 2269 messem,

346 2299 421 2362 in
469 2320 596 2380 qua
631 2296 1011 2362 ventilanda
1054 2298 1187 2361 fere
1232 2306 1368 2360 tota
1401 2297 1750 2381 disputatio
1797 2300 2175 2363 absolvitur.
2240 2298 2427 2379 Quae
2464 2308 2759 2364 autorem
2806 2300 3026 2383 prodit
3079 2300 3246 2364 mira
3301 2322 3634 2365 sacrorum
3680 2301 4092 2366 oraculorum
4139 2305 4374 2368 notitia

349 2410 703 2492 insignem,
752 2416 818 2473 et
852 2409 922 2471 in
957 2409 1037 2472 iis
1075 2409 1155 2472 ad
1193 2410 1677 2474 institutionem
1713 2410 2141 2475 christianam
2186 2411 2579 2493 usurpandis
2617 2410 3111 2495 scrutandisque
3159 2413 3406 2475 nemini
3445 2414 3782 2494 imparem,
3829 2412 3945 2476 sed
3983 2414 4369 2480 historicum

350 2542 653 2599 sensum,
680 2528 895 2603 ‘quem
942 2542 1059 2586 1108
1105 2521 1391 2585 maxime
1432 2521 1871 2598 vindicamus,
1920 2524 2135 2587 minus
2181 2529 2573 2600 sectantem,
2631 2524 3022 2606 praesertim
3066 2526 3135 2587 in
3181 2525 3424 2588 veteris
3470 2526 3851 2588 testamenti
3900 2526 4112 2590 effatis
4158 2527 4369 2609 expli-

346 2632 598 2701 candis.
691 2632 903 2705 Stilus
948 2633 1140 2715 paulo
1186 2634 1395 2698 acrior
1438 2644 1504 2697 et
1551 2635 1936 2698 concitatior
1979 2634 2203 2711 oratic,
2251 2635 2434 2699 0111118
2482 2634 2967 2699 vehementiam
3012 2637 3150 2718 ipse
3193 2637 3263 2700 in
3309 2636 3707 2717 praefatione
3749 2638 4070 2719 agnoscit:
4119 2640 4233 2719 qui
4269 2644 4370 2701 ta-

342 2767 511 2832 men
549 2767 682 2809 non
727 2745 854 2808 nisi
896 2744 1148 2810 modice
1194 2745 1388 2810 bilem.
1434 2745 1741 2808 effudisse
1786 2769 1854 2810 se
1879 2746 2037 2811 dicit
2081 2746 2355 2828 stiloque
2398 2746 2494 2811 ita
2540 2754 2935 2828 temperasse
2991 2756 3064 2811 111
3108 2746 3395 2812 docendo
3439 2768 3633 2829 (1110111
3679 2748 3968 2829 cogendo
4013 2749 4212 2814 fuerit
4255 2770 4372 2832 ap-

343 2859 499 2924 tior.
590 2854 787 2938 Quod
831 2856 891 2923 si
932 2878 1015 2920 ex
1055 2858 1247 2921 istius
1293 2856 1535 2922 saeculi
1578 2859 1865 2923 moribus
1909 2840 2376 2933 aestimaveris,
2424 2879 2556 2922 non
2600 2858 2926 2923 immerito
2972 2858 3219 2923 dictum
3262 2858 3689 2923 concesseris:
3737 2880 3856 2922 1108
3901 2859 4135 2941 quibus
4181 2860 4370 2925 seda-

346 2971 483 3035 tior
526 2970 787 3060 0111111118
841 2976 942 3035 081
986 2978 1050 3034 01
1093 2969 1305 3053 magis
1364 2969 1631 3050 comiter
1674 2970 1975 3036 instituta
2018 2970 2230 3053 placet
2282 2970 2635 3036 arduarum
2682 2971 3136 3054 quaestionum
3181 2968 3561 3048 decertatio,
3625 2972 4065 3037 contentionis
4109 2972 4367 3038 fervore

344 3081 533 3148 haud
573 3083 669 3146 ita
710 3082 897 3147 facile
942 3081 1197 3165 abrepti
1246 3082 1589 3146 veritatem
1633 3084 1876 3146 certius
1914 3083 2321 3165 argumentis
2366 3105 2565 3164 quarn
2611 3084 2921 3148 conviciis
2966 3083 3170 3147 asseri
3214 3083 3596 3148 iudicamus.

663 3194 815 3260 Non
873 3193 1181 3259 audiendi
1237 3202 1393 3259 sunt
1446 3195 1557 3276 (1111
1615 3194 1790 3259 1111110
1845 3194 2140 3259 libellum
2199 3195 2481 3276 primum
2537 3194 2769 3278 gallice
2814 3195 3064 3260 editum
3124 3195 3322 3260 fuisse
3378 3195 3748 3259 conficiunt.
3839 3195 4013 3258 Nam
4062 3215 4145 3259 ex
4188 3215 4373 3259 mera

342 3308 731 3375 coniectura
774 3306 971 3371 talem
1016 3307 1386 3388 opinionem
1431 3306 1611 3371 nasci
1654 3307 1944 3390 potuisse
1987 3306 2141 3371 inde
2185 3307 2503 3372 efficimus
2545 3307 2716 3389 quod
2759 3328 2952 3372 nemo
2995 3328 3287 3388 unquam
3343 3306 3654 3389 gallicum
3698 3305 4036 3388 exemplar
4077 3315 4231 3371 ante
4275 3307 4372 3370 10-

347 3421 495 3484 tina
537 3426 766 3484 nostra
804 3419 1198 3500 impressum
1246 3415 1424 3496 vidit,
1473 3438 1682 3500 neque
1728 3420 1914 3483 testis
1960 3419 2075 3500 qui
2120 3418 2274 3482 olim
2321 3417 2564 3484 viderit
2608 3417 2842 3484 adduci
2886 3426 3113 3501 potest.
3175 3417 3364 3482 Adde
3408 3418 3578 3500 quod
3624 3419 3699 3483 P.
3745 3419 4014 3502 Henry,
4068 3419 4180 3500 qui
4218 3440 4372 3484 nos-

345 3539 458 3597 tra
504 3531 703 3596 etiam
765 3536 977 3595 aetate
1033 3551 1177 3593 eam
1229 3531 1625 3594 sententiam
1669 3529 2011 3612 amplexus
2066 3551 2207 3594 0880
2262 3529 2521 3595 videtur
2567 3530 2664 3612 (in
2703 3529 2863 3593 Vita
2897 3529 3172 3593 Oalvini
3215 3529 3268 3593 I.
3321 3529 3463 3612 63),
3520 3530 3663 3612 ipse
3706 3538 3933 3614 postea
3983 3532 4178 3595 tacite
4223 3552 4370 3595 eam

346 3642 720 3725 dereliquit,
774 3650 850 3707 111
894 3618 1111 3708 videi-e
1166 3653 1268 3706 est
1310 3663 1391 3706 ex
1436 3641 1729 3706 eiusdem
1772 3643 1987 3725 operis
2033 3643 2104 3705 Τ.
2152 3641 2279 3705 ΙΠ.
2326 3641 2626 3724 Append.
2674 3663 2733 3724 p.
2782 3644 2918 3705 175.
3010 3633 3331 3705 'situlum'
3363 3648 3584 3705 autem
3637 3641 3788 3705 libri
3831 3643 4092 3707 varium
4150 3643 4371 3720 fuisse,

344 3775 560 3840 quum
592 3776 676 3818 ex
712 3753 1073 3818 editionum
1099 3754 1494 3829 recensione,
1539 3761 1679 3816 tum
1704 3752 1807 3817 vel
1830 3776 1914 3817 ex
1957 3753 2164 3835 ipsius
2212 3753 2471 3817 Calvini
2514 3754 2888 3817 testimonio
2932 3753 3107 3817 infra
3149 3751 3537 3835 proferendo
3583 3752 3812 3831 disces,
3860 3775 4072 3834 neque
4099 3752 4366 3817 omnino

345 3877 608 3933 certum
644 3865 830 3930 nobis
867 3873 968 3948 est
1010 3865 1606 3948 Psychopanny
1623 3864 1851 3928 chiae
1897 3886 2135 3929 nomen
2180 3865 2334 3929 inde
2370 3863 2453 3929 ab
2495 3864 2682 3928 initio
2726 3864 2786 3929 ei
2829 3863 3117 3928 inditum
3159 3864 3376 3928 fuisse.
3469 3862 3603 3928 Sed
3649 3885 3733 3928 110
3775 3873 3842 3928 10
3886 3862 3966 3928 (10
4011 3864 4206 3928 rebus
4251 3864 4370 3928 du—

351 3979 483 4045 biis
532 3977 812 4061 amplius
858 3998 1206 4054 moremur,
1251 3999 1335 4040 en
1379 3976 1497 4040 tibi
1540 3977 1899 4041 editionum
1945 3998 2109 4059 quae
2154 3977 2343 4041 nobis
2386 3978 2819 4040 innotuerunt
2861 3976 3096 4039 seriem
3134 3994 3582 4041 recensemus:

663 4089 716 4153 I.
817 4093 995 4152 1534.
1064 4088 1284 4152 Editio
1341 4090 1643 4171 princeps
1687 4088 1964 4153 Parisiis
2024 4090 2371 4171 impressa,
2439 4088 2660 4152 latina.
2751 4088 2945 4153 Hanc
3005 4109 3138 4151 non
3197 4087 3486 4154 vidimus
3545 4107 3754 4170 neque
3810 4107 4092 4169 usquam
4149 4084 4366 4152 adhuc

346 4204 619 4267 exstare
663 4200 1058 4264 audivimus.
1150 4201 1457 4264 Fortasse
1503 4199 1750 4265 autoris
1804 4199 2173 4283 sumptibus
2213 4220 2486 4277 excusa,
2542 4199 2717 4283 quod
2752 4200 2821 4264 in
2868 4199 3370 4264 Commentariis
3412 4201 3483 4264 in
3528 4198 3848 4264 Senecam
3894 4198 4142 4263 factum
4188 4201 4372 4266 novi·

346 4336 526 4391 mus,
570 4313 863 4377 nondum
906 4312 977 4375 in
1024 4301 1523 4394 bibliopolarum
1565 4334 1803 4377 manus
1850 4312 2207 4376 transierat
2247 4333 2321 4376 00
2365 4313 2680 4395 temporis
2721 4319 3054 4376 momento
3090 4335 3218 4395 quo
3263 4313 3414 4395 ipse
3448 4319 3665 4376 tutum
3703 4309 3878 4394 apud
3916 4319 4175 4376 exteros
4219 4333 4370 4394 asy-

343 4427 495 4491 lum
538 4445 851 4507 quaerere
897 4431 1156 4489 coactus
1201 4424 1415 4489 solum
1458 4425 1748 4507 patrium
1792 4424 1991 4488 vertit
2034 4424 2190 4488 satis
2237 4432 2524 4506 repente,
2573 4430 2640 4488 01
2683 4424 3038 4490 maioribus
3083 4424 3565 4507 impedimentis
3606 4430 3757 4507 post
3798 4430 4062 4506 tergum
4108 4422 4366 4487 relictis.

341 4539 664 4604 Fortasse
708 4537 907 4601 etiam
949 4536 1178 4614 editor,
1225 4537 1282 4601 si
1324 4539 1472 4618 quis
1516 4536 1734 4614 fuerit,
1780 4536 1890 4617 (1111
1934 4543 2236 4618 sumptus
2282 4537 2540 4615 fecerat,
2587 4544 2735 4619 post
2778 4538 2917 4601 eius
2962 4536 3336 4614 discessum,
3383 4541 3450 4599 et
3489 4536 3987 4618 ingravescente
4028 4535 4368 4616 inquisito·-

342 4671 503 4715 rum
549 4648 841 4727 saevitia,
888 4649 1203 4732 evulgare
1245 4669 1378 4712 non
1423 4667 1626 4712 ausus
1662 4656 1778 4726 est,
1825 4649 1917 4711 ita
1962 4657 2035 4712 ut
2079 4647 2207 4711 situ
2256 4657 2322 4712 et
2365 4647 2623 4713 silentio
2670 4647 3069 4731 exemplaria
3111 4646 3444 4730 perierint.
3536 4645 3874 4729 Quidquid
3910 4647 4014 4725 sit,
4062 4646 4139 4709 de
4183 4666 4370 4727 repe—

338 4759 581 4827 riendo
624 4760 840 4842 aliquo
886 4761 998 4825 vix
1046 4761 1177 4825 ulla
1218 4775 1366 4843 spes
1411 4760 1637 4825 relicta
1680 4767 1796 4836 est,
1855 4761 1980 4824 nisi
2024 4760 2187 4824 forte
2232 4760 2303 4823 in
2348 4760 2624 4825 obscura
2667 4760 2948 4842 quadam
2993 4759 3325 4823 interioris
3371 4757 3630 4822 Galliae
3670 4756 4062 4823 bibliotheca
4106 4754 4370 4820 delites·

338 4881 488 4946 001.
567 4872 674 4937 Ad
722 4872 1121 4937 Germaniae
1164 4871 1638 4954 Helvetiacque
1678 4873 1843 4936 fines
1886 4893 2017 4936 non
2060 4871 2254 4954 plura
2294 4871 2690 4953 pervenisse,
2739 4871 2904 4934 nihil
2948 4870 3208 4934 mirum.

663 4984 752 5048 H.
844 4987 1020 5057 1536.
1085 4982 1384 5047 Alteram
1423 4984 1773 5048 editionem
1809 4982 2127 5049 Calvinus
2171 4984 2313 5065 ipse
2356 4984 2736 5066 procuravit
2776 4981 3075 5046 Basileae
3120 5002 3194 5046 οο
3242 4983 3381 5064 ipso
3431 5002 3603 5046 anno
3644 5002 3770 5063 quo
3814 4979 3985 5061 apud
4021 4978 4366 5046 Platerum

336 5095 696 5163 Institutio
741 5095 1103 5160 christiana
1159 5094 1370 5159 lucem
1417 5095 1611 5173 vidit,
1671 5097 1764 5160 ita
1806 5103 1882 5159 ut
1922 5085 2106 5159 illam
2152 5094 2364 5160 eidem
2411 5095 2708 5161 officinae
2754 5092 2976 5158 deberi
3030 5093 3216 5158 facile
3261 5093 3444 5158 nobis
3490 5090 4021 5175 persuadeamus.
4113 5091 4364 5157 Verum

334 5209 526 5275 hanc
569 5227 824 5290 quoque
880 5229 1201 5290 nusquam
1255 5207 1543 5289 reperire
1587 5209 1891 5291 contigit,
1947 5228 2323 5291 quanquam
2367 5207 2520 5272 illae
2565 5225 2828 5284 0011800,
2885 5225 3047 5287 (11108
3092 5206 3376 5288 priorem
3435 5227 3518 5268 ex
3565 5203 3910 5268 hominum
3968 5204 4170 5268 oculis
4215 5188 4400 5269 sub-'⁶

328 5319 623 5387 duxisse
668 5340 821 5384 vero
881 5320 1093 5386 simile
1137 5328 1267 5398 est,
1327 5317 1478 5384 huic
1518 5317 1788 5384 minime
1842 5321 2119 5385 infestae
2165 5341 2307 5386 0880
2360 5324 2735 5402 potuerunt.
2826 5317 3043 5400 Atque
3086 5317 3209 5384 hac
3264 5316 3623 5401 posteriore
3680 5313 4017 5396 quondam
4070 5314 4376 5399 potiundi

3883 5415 3967 5470 Ε*
