5100 6061
648 448 776 510 487

2151 433 2674 504 CONSILIUM
2716 433 3005 500 PAULI
3049 433 3178 498 ΙΠ,

4556 432 4678 492 488

657 633 794 696 cilii
831 627 1252 708 convocandi,
1291 628 1583 714 cogendi,
1625 625 1907 693 habendi
1952 646 2176 690 curam
2213 625 2518 705 habeant,
2558 632 2622 688 et
2728 620 2923 686 dictis
2959 629 3132 687 stare
3156 643 3225 686 se
3248 641 3436 704 posse
3459 619 3784 687 confidat?
3822 620 4002 685 Hine
4035 627 4287 702 reputa,
4314 639 4441 701 quo
4465 619 4682 682 animo

662 740 808 783 eam
856 715 939 781 ad
983 725 1354 782 extremum
1396 720 1894 797 prosequantur.

838 890 927 954 Et
979 893 1282 971 quantum
1326 887 1411 950 ad
1441 888 1874 965 protestante&
1918 883 2266 950 incutiatur
2308 883 2474 963 ipsis
2515 882 2624 947 hoc

668 976 925 1043 concilio
968 975 1291 1040 maximas
1331 977 1547 1036 terror.

839 1095 1208 1160 Concilium
1261 1090 1694 1158 christianum
1760 1097 2196 1171 protestantes
2254 1109 2337 1153 ex
2403 1089 2624 1152 animo

668 1190 1017 1265 appetunt,
1077 1178 1396 1261 pontificii
1440 1185 1516 1240 ut
1579 1196 1904 1240 summam
1948 1184 2159 1240 status
2215 1175 2321 1239 8111
2374 1183 2626 1258 pestem

667 1267 970 1332 horrent:
1025 1266 1192 1331 utris
1247 1265 1382 1328 iam
1439 1263 1673 1326 terrori
1721 1262 2020 1326 futurum
2062 1262 2150 1326 sit
2203 1260 2404 1324 indici
2457 1260 2627 1325 serio

670 1351 1057 1420 concilium?
1170 1351 1261 1415 Et
1328 1370 1368 1413 a
1424 1369 1548 1432 quo
1607 1358 1769 1412 tunc
1823 1345 1947 1411 sibi
2006 1354 2440 1429 protestantes
2490 1368 2626 1411 me-

668 1445 880 1514 tuant,
927 1438 1040 1520 qui
1084 1458 1234 1503 811111
1279 1435 1419 1500 sola
1463 1433 1963 1498 antichristiana
2005 1432 2330 1515 pontificis
2363 1431 2629 1497 ,romani

672 1522 1027 1608 tyrannide
1080 1522 1330 1587 bellum
1385 1518 1668 1604 gerunt?
1770 1519 1942 1583 Tum
2000 1527 2220 1583 autem
2275 1518 2630 1583 concilium

671 1611 1107 1676 christianum
1164 1608 1276 1673 ille
1320 1607 1653 1681 admittet,
1712 1625 1911 1685 quum
1955 1602 2254 1670 abdicare
2298 1626 2368 1669 se
2412 1604 2629 1687 ponti-

669 1698 868 1760 ficatu
913 1694 1296 1761 decreverit.
1386 1693 1496 1756 Ita
1542 1690 1650 1754 vel
1694 1689 1881 1754 hoste
1925 1691 2279 1773 composito
2327 1690 2430 1754 vel
2476 1689 2628 1754 sub-

670 1782 806 1847 lata
861 1781 1013 1845 belli
1081 1780 1356 1843 materia
1409 1777 1620 1842 securi
1684 1785 1842 1840 tunc
1908 1785 2153 1852 essent,
2218 1776 2332 1840 sed
2391 1797 2470 1840 ea
2524 1796 2630 1840 res

671 1866 967 1932 nondum
1011 1865 1350 1929 maturuit.
1441 1861 1666 1942 Quare
1720 1871 2170 1944 exspectemus
2229 1861 2310 1926 ab
2353 1883 2431 1926 eo
2470 1862 2630 1926 8011-

672 1962 813 2020 tum
851 1951 1203 2017 artificium
1243 1958 1319 2013 ut
1354 1948 1574 2013 varias
1617 1947 2005 2012 indictiones
2026 1948 2420 2031 promulget,
2466 1969 2632 2029 quae

674 2040 746 2103 in
796 2038 1064 2103 totidem
1108 2035 1321 2100 bullas
1365 2040 1620 2099 exeant.

856 2211 980 2290 Qui
1023 2208 1298 2271 videntes
1339 2225 1469 2270 rem
1492 2205 1673 2270 *serio
1708 2206 1988 2283 tractari,
2030 2206 2326 2270 timebunt
2366 2207 2507 2270 suis
2540 2226 2635 2270 re-

674 2297 792 2360 bus
835 2300 891 2359 et
933 2295 1024 2359 sic
1065 2297 1244 2357 erunt
1288 2291 1734 2356 tractabiliores
1776 2296 1832 2355 et
1872 2292 2079 2373 mayis
2120 2289 2460 2357 obedientes
2499 2312 2633 2356 ma-

674 2379 1003 2446 iestatibus
1040 2379 1194 2456 saie,
1238 2383 1308 2440 ut
1349 2378 1456 2457 qui
1499 2377 1771 2440 sentiant
1813 2377 1934 2441 sibi
1978 2397 2108 2440 esse
2142 2378 2636 2459 resipiscendum

675 2472 731 2531 et
773 2465 1156 2531 redeundum
1200 2464 1285 2528 ad
1325 2484 1429 2528 eor
1449 2513 1463 2541 ,
1519 2467 1571 2526 et
1622 2463 1843 2544 forsan
1888 2464 2130 2527 venient
2167 2464 2298 2544 ipsi
2342 2468 2450 2528 aut
2492 2464 2637 2527 mii·

674 2557 799 2616 tent
840 2551 926 2616 ad
962 2549 1304 2626 concilium,
1337 2549 1718 2628 praesertim
1761 2548 1822 2613 si
1864 2549 2246 2631 coqnoverivzt
2285 2551 2640 2614 maiestates

673 2658 832 2702 suas
886 2636 1041 2700 nolle
1097 2635 1373 2716 amplius
1417 2636 1562 2717 pati
1616 2633 1900 2699 haereses
1959 2635 2026 2698 in
2092 2635 2471 2712 Germania,
2524 2637 2635 2701 sed

675 2723 823 2788 velle
867 2718 935 2785 αἱ
979 2722 1114 2802 ipso
1158 2721 1430 2798 eoncilia
1474 2721 1583 2785 hoc
1625 2724 1712 2784 eet
1755 2721 1933 2802 reyia
1975 2721 2085 2784 via
2127 2721 2393 2788 vivatur.

848 2859 911 2922 A
967 2857 1327 2922 christiano
1381 2856 1622 2923 iudicio
1670 2878 1802 2921 non
1847 2863 2313 2939 protestantes,
2361 2857 2476 2924 sed
2521 2858 2634 2941 qui

677 2944 1020 3011 Christum
1056 2945 1274 3026 ipsum
1313 2942 1535 3007 sibiae
1560 2944 1697 3008 suis
1733 2942 1970 3008 studiis
1997 2943 2331 3009 adversari
2365 2951 2631 3023 norunt,

677 3040 971 3096 metuere
995 3030 1120 3095 sibi
1156 3029 1384 3095 solent.
1447 3030 1755 3096 Audeant
1774 3030 1846 3094 in
1873 3038 2169 3113 apertam
2190 3029 2406 3097 lucem
2431 3032 2635 3096 semel

675 3116 938 3199 prodire
981 3116 1300 3199 pontificii
1345 3123 1412 3181 et
1455 3117 1799 3183 concilium
1845 3115 2044 3180 indici
2084 3117 2319 3195 sinant,
2368 3122 2486 3195 [fol.
2527 3123 2635 3196 27]

676 3202 867 3286 quale
889 3204 1250 3285 scripturae
1274 3210 1339 3266 et
1373 3210 1654 3268 canones
1690 3202 2172 3285 praescribunt:
2211 3203 2266 3267 si
2305 3210 2444 3266 tum
2482 3224 2634 3285 pro-

677 3297 996 3355 testantes
1045 3288 1351 3367 aberunt,
1410 3287 1634 3354 licebit
1677 3300 1752 3352 ut
1807 3296 1982 3352 totus
2025 3287 2200 3353 orbis
2256 3288 2403 3353 illos
2459 3288 2637 3354 dicat

677 3394 912 3440 causae
956 3395 1110 3438 suae
1153 3372 1465 3453 diffidere,
1513 3374 1852 3456 lucemque
1897 3373 2153 3438 concilii
2195 3372 2342 3439 ideo
2385 3374 2634 3459 fugere,

677 3459 850 3542 quod
898 3460 1020 3524 sibi
1056 3460 1228 3524 male
1263 3460 1502 3525 conscii
1540 3461 1694 3535 sint,
1732 3461 1952 3541 itaque
1977 3481 2095 3523 8110
2126 3461 2416 3543 ipsorum
2441 3482 2634 3543 prae-

674 3545 918 3610 iudicio
964 3566 1105 3629 sese
1150 3543 1574 3610 damnabunt.
1662 3544 1784 3610 Sin
1821 3544 2102 3611 aderunt
2144 3567 2443 3611 errorum
2478 3568 2634 3612 con-

674 3632 853 3708 victi,
898 3629 1071 3713 quod
1112 3631 1300 3697 facile
1344 3632 1485 3709 erit,
1520 3631 1629 3697 vel
1668 3632 1741 3697 in
1783 3632 1962 3695 viam
1996 3633 2490 3713 revocabuntur,
2529 3633 2636 3698 vel

675 3716 964 3782 ecclesiis
1009 3716 1242 3787 merito
1284 3717 1915 3794 exterminabuntur,
1963 3719 2351 3799 praesertim
2387 3720 2441 3784 si
2478 3740 2633 3785 con-

674 3803 899 3868 cilium
952 3810 1226 3886 cogatur
1281 3825 1363 3868 ex
1427 3804 1552 3885 piis
1606 3803 1974 3885 sanctisque
2027 3803 2363 3884 iudicibus,
2427 3805 2635 3870 doctis

677 3887 762 3954 ad
803 3909 1084 3971 regnum
1122 3888 1394 3967 Christi,
1440 3911 1572 3954 non
1613 3889 1971 3972 aucupibus
2009 3888 2093 3954 ad
2127 3890 2482 3972 captandas
2516 3912 2636 3973 per

677 3975 1023 4039 simoniam
1067 3982 1134 4038 et
1188 3975 1531 4058 sacrilegia
1572 3977 1823 4060 opimas
1865 3976 2274 4058 praelaturas
2321 3978 2634 4055 ‘intentis3

680 4080 763 4124 ex
806 4060 887 4125 iis
930 4063 1042 4143 qui
1086 4062 1337 4127 sincero
1397 4060 1838 4126 restituendae
1884 4061 2114 4127 domus
2161 4063 2285 4126 Dei
2345 4063 2481 4127 zelo
2526 4084 2632 4127 ar-

678 4146 894 4221 deant,
919 4168 1052 4210 non
1090 4147 1332 4212 furiosa
1365 4146 1636 4211 libidine
1672 4147 2099 4212 stabiliendae
2135 4149 2438 4213 immanis
2475 4170 2633 4213 suae

676 4232 1010 4314 potentiae
1045 4234 1345 4316 flagrent,
1382 4242 1455 4297 ut
1491 4233 1803 4298 scelerate
1843 4234 2288 4317 flagitioseque
2310 4255 2428 4317 pro
2449 4254 2634 4298 more

677 4338 799 4383 8110
827 4326 911 4401 81,
968 4319 1197 4400 opibus
1253 4319 1703 4384 ecclesiast-icis
1756 4320 2173 4384 luxurientur
2218 4327 2284 4384 et
2327 4320 2633 4385 ecclesias

679 4404 1012 4469 licentiose
1070 4406 1471 4487 opprimant3
1533 4428 1617 4470 ex
1663 4407 1742 4468 iis
1800 4405 2081 4487 denique
2126 4405 2235 4488 qui
2282 4405 2519 4471 dociles
2563 4428 2633 4471 88

676 4497 743 4553 et
786 4488 1216 4571 obsequentes
1260 4489 1415 4555 dare
1460 4490 1728 4556 Christo
1773 4491 2005 4573 parati,
2051 4512 2185 4555 non
2228 4490 2406 4555 aliud
2448 4492 2634 4574 sequi

676 4576 750 4639 in
795 4577 1011 4640 animo
1056 4575 1344 4640 habeant
1387 4598 1582 4659 quam
1640 4577 1808 4659 quod
1853 4577 1963 4641 ille
2010 4577 2300 4642 docuerit
2311 4600 2329 4657 3
2372 4599 2505 4641 non
2550 4599 2634 4642 ex

675 4662 760 4725 iis
805 4662 915 4743 qui
960 4661 1214 4725 clausas
1270 4661 1351 4725 ad
1405 4683 1664 4727 omnem
1710 4664 2056 4727 veritatem
2112 4684 2333 4742 aures,
2383 4664 2635 4729 animos

677 4760 911 4814 contra
935 4747 1279 4812 Christum
1313 4749 1578 4830 eiusque
1615 4748 1892 4813 verbum
1927 4748 2289 4815 obstinatos
2325 4750 2631 4814 afferunt.

678 4834 855 4897 Nam
899 4843 965 4896 et
1006 4834 1231 4898 inania
1274 4835 1414 4898 sine
1458 4855 1531 4899 re
1574 4836 1856 4913 nomina,
1903 4835 2251 4917 larvaeque
2287 4837 2367 4907 ab
2403 4835 2635 4918 impie-

677 4920 838 4983 tatis
897 4921 1086 4984 sociis
1139 4920 1484 5003 impositae
1540 4920 1757 4984 nullos
1816 4922 2149 5003 episcopos
2205 4929 2273 4986 et
2323 4922 2635 4988 ecclesiae

667 5005 1009 5085 praelatos
1054 5006 1335 5084 faciunt,
1382 5008 1477 5070 ita
1521 5006 1720 5070 nullis
1760 5028 2014 5091 quoque
2054 5006 2269 5072 10811111
2303 5008 2374 5071 111
2419 5008 2635 5072 conci-

679 5090 767 5154 lio
800 5089 1156 5155 christiano
1188 5092 1451 5156 faciunt.
1524 5089 1658 5158 Sed
1695 5092 1938 5157 multos
1973 5092 2218 5157 scilicet
2252 5116 2334 5158 ex
2370 5094 2635 5176 puriore

678 5175 798 5239 illa
831 5184 987 5240 nota
1021 5180 1301 5259 reperiet
1335 5178 1405 5241 in
1442 5199 1640 5262 grege
1675 5198 1792 5242 suo
1835 5178 2171 5260 pontifex?
2248 5179 2422 5260 Quid
2462 5179 2636 5263 quod

680 5268 939 5326 tantam
983 5263 1079 5326 illi
1134 5263 1550 5328 formidinem
1594 5263 1807 5328 iniicit
1863 5264 2039 5328 mala
2082 5266 2503 5345 conscientia,
2562 5274 2637 5330 ut

676 5368 765 5412 ne
824 5348 947 5413 sub
1005 5350 1514 5431 corruptissimis
1562 5349 1822 5431 quidem
1864 5349 2185 5416 iudicibus
2230 5352 2479 5434 sibique
2520 5350 2634 5415 ad-

2728 708 2812 772 ad
2854 707 3224 799 legitimum
3268 727 3648 772 consessum
3692 708 3780 771 sit
3820 706 4271 772 descensurus,

2901 877 3025 942 Est
3046 883 3105 942 et
3129 880 3367 944 rationi
3396 898 3742 958 consonum,
3774 899 3970 959 quum
3991 899 4091 942 res
4117 877 4438 961 reliyionis
4465 881 4522 939 et
4536 876 4689 956 fidei

2717 965 3079 1046 pertineant
3117 966 3204 1029 ad
3247 985 3454 1029 omnes
3491 962 3998 1029 Christianorum
4030 964 4414 1043 provinciae,
4458 968 4533 1026 ut
4565 982 4692 1026 om-

2730 1052 2909 1115 nium
2953 1051 3110 1113 votis
3153 1055 3591 1133 componantur
3632 1071 3709 1114 ea·
3752 1070 4016 1130 quorum
4059 1049 4312 1114 consilio
4351 1054 4409 1114 et
4451 1049 4693 1112 autori-

2730 1142 2855 1202 tate
2898 1138 2960 1200 si
3006 1137 3163 1217 qaid
3208 1138 3280 1200 in
3323 1136 3621 1219 reliqione
3666 1138 3783 1200 erit
3824 1136 4198 1200 mutandum
4240 1135 4333 1203 vel
4388 1135 4695 1216 eom-iyni-
4712 1181 4727 1190 .

2733 1224 2885 1287 dum
2899 1272 2915 1301 ,
2963 1223 3033 1286 id
3080 1223 3440 1287 immutetur
3479 1227 3536 1287 et
3577 1223 3949 1305 corriyatur.

2906 1341 3083 1408 Sane
3128 1363 3507 1420 consonum,
3551 1362 3673 1407 nec
3717 1362 4007 1426 unquam
4054 1341 4157 1407 vel
4182 1343 4262 1406 ab
4305 1360 4440 1406 una
4485 1339 4692 1407 eccle-

2732 1431 2827 1494 sia
2852 1435 3342 1511 componentur,
3379 1427 3700 1511 siquidem
3734 1450 3817 1493 ex
3862 1429 4057 1492 verbo
4083 1426 4213 1491 Dei
4257 1426 4325 1490 id
4357 1429 4491 1505 fiat,
4529 1429 4695 1511 quin

2733 1515 3191 1580 communibus
3254 1515 3549 1578 omnium
3594 1513 4126 1580 Christianorum
4190 1514 4367 1578 votis
4430 1534 4694 1596 compo-

2732 1608 2995 1666 nantur.
3045 1601 3192 1666 Hoc
3236 1601 3412 1665 enim
3454 1602 3788 1683 perpetuis
3809 1600 4496 1683 consentientibusque
4522 1601 4695 1664 votis

2733 1688 2971 1769 ubique
3016 1695 3342 1751 terrarum
3386 1687 3744 1769 suspirant,
3800 1696 3873 1749 ut
3916 1684 4168 1750 Christi
4211 1686 4470 1769 religio,
4525 1706 4695 1767 quae

2736 1772 2849 1837 diu
2894 1772 3052 1837 adeo
3096 1773 3331 1837 misere
3385 1770 3669 1854 collapsa
3721 1772 4088 1853 afflictaque
4131 1773 4282 1850 fuit,
4341 1771 4696 1853 aliquando

2736 1860 3061 1925 excitetur
3104 1866 3173 1921 et
3214 1859 3400 1940 quasi
3441 1858 3838 1940 postliminio
3882 1879 4148 1922 reversa
4190 1878 4478 1939 suaeque
4522 1858 4696 1921 inte-

2737 1946 2959 2029 gritati
3006 1966 3080 2010 ac
3105 1943 3377 2027 puritati
3415 1945 3718 2008 restituta
3746 1944 3968 2027 vigeat
4003 1965 4078 2008 ae
4115 1945 4361 2008 floreat.
4435 1943 4698 2007 Verum

2737 2032 2790 2096 si
2838 2052 3014 2094 unus
3051 2029 3325 2114 quilibet
3359 2029 3777 2094 Christianus
3813 2028 4009 2095 simul
4046 2049 4122 2093 ac
4156 2029 4429 2094 Domini
4466 2050 4699 2094 vocem

2737 2116 3045 2194 audierit,
3104 2136 3493 2198 quocunque
3545 2126 3819 2181 vocatur
3873 2116 4053 2197 sequi
4107 2115 4325 2193 debet,
4386 2116 4582 2180 etiam
4642 2117 4700 2180 81

2736 2210 2912 2268 totus
2954 2203 3129 2267 orbis
3172 2202 3484 2266 reclamet
3528 2221 3603 2265 ac
3647 2210 4001 2285 repugnet,
4058 2201 4267 2265 multo
4307 2202 4530 2265 minus
4572 2203 4701 2265 im-

2736 2288 2947 2372 pediri
3006 2297 3120 2351 aut
3161 2286 3484 2351 retardari
3537 2286 3759 2365 debet,
3816 2288 3871 2351 si
3928 2289 4064 2352 sint
4114 2288 4227 2369 qui
4286 2308 4355 2352 se
4424 2287 4699 2352 comites

2737 2373 3094 2456 adiungere
3152 2383 3561 2439 cunctentur.
3654 2371 3849 2453 Quod
3902 2374 3960 2437 si
4014 2373 4136 2437 hoc
4190 2373 4434 2454 privati
4478 2374 4701 2438 cuius-

2738 2481 2866 2542 que
2889 2464 3009 2537 [fol.
3048 2465 3156 2538 28]
3195 2461 3481 2525 officium
3518 2467 3634 2536 est,
3672 2458 3828 2542 quid
3864 2459 4150 2526 ecclesiis
4186 2466 4287 2523 est
4323 2459 4702 2525 faciendum

2739 2553 2855 2610 aut
2879 2543 3254 2610 nationibus
3284 2545 3519 2627 quibus
3543 2545 3869 2610 Dominus
3892 2546 4169 2610 veritate
4197 2566 4317 2611 sua
4351 2545 4591 2623 illucet,
4619 2554 4703 2609 ut

2739 2653 2808 2696 se
2831 2632 2900 2695 in
2926 2638 3174 2698 rectam
3190 2633 3365 2695 viam
3390 2630 3752 2713 recipiant?
3795 2633 3907 2695 An
3928 2653 4061 2695 non
4082 2631 4401 2713 protinus,
4429 2640 4701 2714 postpo-

2737 2719 2863 2782 sito
2886 2721 3177 2783 omnium
3200 2716 3543 2781 hominum
3566 2725 3885 2800 respectu,
3910 2716 4501 2803 susciperedebent
4522 2715 4702 2800 quod

2737 2803 3131 2868 mandatur?
3181 2803 3411 2885 Neque
3442 2803 3619 2867 enim
3648 2802 4012 2868 timendum
4055 2814 4156 2868 est
4193 2825 4277 2868 ne
4323 2805 4394 2867 in
4433 2825 4508 2868 eo
4553 2824 4703 2867 rem

2738 2892 3087 2973 ingratam,
3132 2896 3312 2953 taceo
3349 2889 3671 2965 iniuriam,
3710 2889 3856 2953 aliis
3892 2889 4179 2954 ecclesiis
4212 2890 4503 2954 facturae
4541 2890 4698 2954 sint.

2740 2974 2992 3041 Omnes
3032 2976 3207 3040 enim
3251 2974 3319 3039 id
3361 2974 3753 3053 Christiani,
3802 2996 4030 3040 omnes
4088 2975 4395 3042 ecclesiae
4442 2976 4703 3041 Christi

2736 3063 3025 3145 primum
3068 3064 3139 3125 in
3182 3061 3355 3126 votis
3398 3061 3662 3139 habent,
3709 3074 3786 3125 ut
3808 3061 4133 3141 Christus,
4176 3064 4344 3127 sieut
4387 3083 4560 3127 unus
4595 3073 4705 3127 est

2740 3148 3044 3212 dominus
3089 3155 3156 3213 et
3197 3148 3545 3230 magister,
3589 3148 3684 3211 ita
3726 3146 3963 3230 ubique
4007 3170 4157 3214 eum
4203 3169 4465 3213 summa
4505 3156 4703 3212 reve-

2740 3234 2958 3299 rentia
3022 3241 3088 3298 et
3142 3232 3560 3298 observantia
3615 3232 3938 3298 audiatur.
4039 3232 4175 3301 Sed
4240 3256 4361 3300 nec
4429 3236 4702 3317 spiritus

2739 3319 3008 3398 Christi,
3056 3321 3113 3385 si
3153 3320 3512 3396 invocetur,
3560 3318 3785 3385 deesse
3821 3319 4109 3403 eeclesiis
4152 3321 4522 3398 sustinebit,
4567 3340 4702 3404 quo

2740 3405 3011 3470 docente
3069 3427 3203 3469 non
3248 3413 3509 3469 tantum
3553 3405 3958 3490 intelligant,
4014 3406 4171 3488 quid
4225 3406 4701 3489 recipiendum,

2740 3490 2979 3574 quidve
3021 3489 3447 3556 reiiciendum
3490 3491 3594 3567 sit,
3640 3491 3755 3555 sed
3799 3493 3996 3556 etiam
4041 3491 4124 3556 ad
4167 3492 4346 3574 pacis
4391 3492 4704 3558 unitatis-

2738 3599 2862 3659 que
2899 3577 3190 3642 studium
3235 3576 3624 3660 dirigantur.
3715 3574 3830 3644 Sic
3872 3580 3986 3642 fiet
4028 3586 4105 3642 ut
4143 3579 4371 3661 agnita
4402 3579 4705 3662 priorum

2740 3663 3160 3728 ecclesiarum
3202 3664 3669 3745 resipiscentia,
3716 3664 4108 3745 posteriores
4152 3685 4222 3729 88
4265 3663 4545 3728 libenter
4584 3685 4701 3729 ac-

2740 3748 3169 3814 commodent.
3274 3750 3365 3813 Et
3421 3748 3590 3813 sicut
3619 3748 3665 3831 ¹)
3723 3770 3800 3813 ea
3856 3771 4019 3831 quae
4069 3749 4325 3815 restitui
4391 3750 4705 3833 flagitant

2737 3842 3198 3917 protestantes,
3246 3837 3337 3900 sic
3373 3834 3547 3898 clare
3580 3836 3655 3897 in
3696 3834 3934 3900 divinis
3968 3836 4177 3901 literis
4220 3835 4478 3914 tradita,
4566 3857 4701 3901 uae

2736 3928 3029 3987 correcta
3049 3920 3285 3985 volunt
3320 3927 3456 3983 tam
3494 3926 3719 4002 aperte
3768 3922 3808 3985 a
3828 3922 3972 3986 Deo
4006 3920 4375 4004 improbata
4408 3932 4475 3985 et
4552 3942 4697 3985 am-

2736 4018 2909 4086 nata,
2935 4015 3010 4070 ut
3034 4006 3273 4071 multos
3309 4018 3654 4089 propterea
3686 4009 4051 4082 convenire,
4085 4029 4212 4090 quo
4248 4008 4521 4073 obscura
4555 4008 4700 4089 ple—

2736 4094 2887 4158 nius
2931 4092 3366 4170 illustrentur,
3411 4092 3707 4157 involuta
3749 4093 4179 4175 explicentur,
4221 4091 4421 4157 dubia
4454 4096 4702 4158 confir-

2736 4190 3027 4256 mentur,
3066 4179 3230 4242 nihil
3289 4198 3556 4242 necesse
3613 4179 3711 4243 sit.
3802 4180 3896 4243 At
3952 4190 4029 4242 ut
4084 4177 4495 4245 commodum
4550 4201 4703 4245 esse

2738 4263 2967 4329 demus
3035 4265 3259 4346 plures
3328 4265 3627 4328 nationes
3706 4262 3785 4328 de
3866 4266 4325 4329 reformatione
4399 4285 4701 4331 commu-

2737 4351 2913 4415 niter
2970 4350 3357 4427 consultare,
3419 4371 3504 4413 an
3560 4358 3662 4414 est
3719 4362 3940 4413 tamen
4007 4366 4351 4434 propterea
4411 4353 4526 4415 uni
4580 4370 4703 4415 aut

2738 4436 2926 4500 alteri
3000 4434 3559 4517 perseverandum
3638 4437 3708 4499 in
3764 4437 4127 4501 manifestis
4194 4437 4528 4520 religionis
4593 4440 4699 4502 vi-

2737 4521 2865 4599 tiis,
2903 4520 3193 4602 adeoque
3240 4522 3311 4584 in
3359 4520 3622 4603 repulsa
3658 4522 3847 4606 regni
3885 4521 4154 4601 Christi,
4203 4524 4357 4607 quia
4400 4538 4699 4594 caeterae

2735 4607 3034 4671 nationes
3091 4606 3487 4671 Antichristi
3541 4616 3681 4671 arte
3742 4616 3857 4672 aut
3908 4610 3975 4674 vi
4027 4608 4409 4691 impeditae,
4477 4610 4699 4674 consi-

2736 4692 2899 4756 lium
2963 4692 3088 4758 hoc
3143 4694 3470 4775 suscipere
3525 4694 3592 4756 in
3651 4695 4020 4776 praesentia
4076 4695 4186 4760 vel
4255 4718 4390 4759 non
4463 4695 4699 4760 volunt

2737 4779 2845 4844 vel
2890 4800 3021 4842 non
3059 4778 3380 4861 possunt?

2740 4964 2827 4969 ..—-
2840 4963 3143 4971 „RQ-*m

2875 5085 2934 5151 1)
3027 5103 3131 5140 uae
3166 5088 3254 5141 hie
3288 5091 3590 5155 sequuntur
3626 5089 3810 5140 minue
3843 5105 3986 5143 sana
4019 5089 4178 5142 nobie
4213 5080 4482 5143 videntur.
4558 5089 4695 5144 Sen—

2910 5156 2975 5209 ui
3010 5172 3089 5209 em
3138 5158 3276 5208 satis
3302 5157 3631 5223 μηρὼ-ηαδ
3644 5199 3657 5224 ,
3694 5173 3877 5210 verum
3912 5160 3970 5212 in
4002 5158 4268 5225 phraseos
4310 5164 4498 5212 tenore
4530 5160 4697 5213 eluci—

2736 5226 2851 5278 dem
2893 5242 2924 5278 o
2958 5224 3265 5293 haer-emm,
3313 5232 3362 5278 et
3398 5227 3480 5279 vel
3523 5231 3766 5279 autorem
3814 5228 3994 5293 ipsum
4040 5228 4125 5280 vel
4168 5233 4519 5281 correctorem
4563 5230 4700 5283 libri

2736 5294 2968 5349 humani
2996 5294 3211 5363 aliquid
3234 5310 3466 5362 passum
3501 5309 3615 5347 esse
3648 5295 3932 5350 eredimus.
4003 5294 4152 5363 Quid
4184 5299 4237 5349 si
4261 5313 4398 5364 pro,-
4437 5298 4592 5365 sicut,
4610 5313 4695 5351 re-

2729 5378 3084 5434 poneremus:
3123 5364 3317 5417 simul?

2738 5172 2832 5210 aus
