5100 6061
648 334 1040 401 xxxvm
1819 330 2363 399 TRAGTATUS
2409 327 2997 396 THEoLoGIGI
3037 312 3480 397 MiNoRES.

648 545 841 588 nores
884 524 958 587 in
1003 522 1229 607 spatiis
1270 523 1493 589 vacuis
1539 523 1787 606 positae
1832 546 1947 607 pro
1994 543 2173 586 more
2218 521 2358 586 eius
2404 519 2649 585 saeculi
2695 520 2941 602 passim
2984 516 3190 584 obvio.
3281 518 3732 586 Praefationes
3790 520 4167 587 charactere
4224 542 4496 587 romano
4539 544 4668 590 ex·-

648 656 931 719 pressae.

955 748 1079 813 Usi
1101 769 1329 813 sumus
1351 746 1711 829 exemplari
1733 747 1802 809 in
1828 753 2050 809 nostra
2071 745 2361 826 ipsorum
2386 743 2775 808 bibliotheca
2797 750 3143 818 asservato,
3179 742 3418 825 alioqui
3440 765 3575 808 non
3595 744 3991 826 infrequenti
4027 744 4142 810 sed
4176 746 4392 811 rarius
4416 748 4658 814 venali.

648 935 655 950 ι
960 862 1210 925 Textus
1254 859 1452 924 huius
1496 857 1645 921 libri
1683 856 1926 920 latinus
1969 857 2257 921 insertus
2302 855 2629 938 reperitur
2674 855 2978 920 omnibus
3023 856 3448 920 Tractatuum
3492 856 3872 938 corporibus
3917 878 4116 940 supra
4159 856 4457 923 laudatis,
4516 861 4662 926 Ex-

648 979 783 1041 stat
838 971 1011 1055 apud
1072 971 1442 1037 Gallasium
1499 991 1644 1053 pag.
1700 973 1953 1047 1—-40;
2023 968 2220 1033 etiam
2280 966 2452 1048 apud
2506 967 2889 1033 Barbirium
2947 968 3158 1049 primo
3212 966 3352 1032 loeo
3396 968 3583 1031 venit
3639 989 3679 1031 a
3726 969 4000 1033 caeteris
4049 969 4317 1033 omnino
4364 972 4662 1039 numeris

652 1086 789 1150 suis
858 1083 1219 1149 distinctus.
1312 1084 1375 1147 A
1430 1084 1608 1146 Bcza
1671 1081 1739 1144 in
1809 1080 2086 1145 classem
2155 1080 2545 1161 scriptorum
2599 1076 2913 1143 adversus
2969 1079 3434 1161 Anabaptistas
3500 1078 3827 1144 editorum
3896 1080 4139 1145 relatus
4203 1080 4446 1165 legitur
4511 1105 4657 1168 pag.

654 1200 1049 1273 537-569,
1107 1196 1173 1259 in
1220 1192 1760 1259 Sanctandreana
1806 1190 2092 1257 secunda
2134 1212 2279 1274 pag.
2330 1194 2725 1269 449—476,
2773 1191 2841 1253 in
2888 1188 3233 1254 Stoeriana
3291 1211 3439 1275 pag.
3490 1194 3883 1269 387—411,
3942 1193 4013 1255 in
4055 1191 4657 1260 Amstelodamensi

785 1358 799 1373 .
848 1311 1220 1372 335—355.
3419 1354 3454 1367 g

649 1331 782 1393 pag
961 1420 1348 1483 Versionem
1393 1415 1695 1500 gallicam
1741 1436 1915 1478 anno
1966 1420 2125 1477 1558
2173 1414 2607 1494 antiquiorem
2652 1413 3010 1492 exstitisse,
3072 1412 3227 1477 dum
3282 1414 3551 1496 prolatis
3598 1414 3872 1479 testibus
3917 1416 4046 1480 fide
4091 1415 4305 1500 dignis
4351 1418 4457 1482 vel
4504 1416 4666 1484 adeo

650 1534 792 1616 ipso
848 1531 966 1595 tali
1021 1531 1186 1595 libro
1231 1539 1486 1611 reperto
1542 1527 1813 1591 meliora
1856 1524 2264 1601 edoceamur,
2319 1524 2507 1590 nobis
2565 1524 2945 1606 persuaderi
2988 1548 3122 1589 non
3165 1527 3418 1607 poterit.
3520 1526 3799 1590 Interim
3853 1528 4120 1593 unicum
4176 1537 4661 1613 argumentum,

652 1666 780 1727 quo
838 1642 1072 1723 aliquis
1129 1663 1275 1705 eam
1333 1640 1706 1721 opinionem
1762 1638 1990 1703 fulcire
2037 1639 2202 1702 forte
2258 1637 2794 1721 praesumpserit,
2846 1638 2914 1701 in
2970 1658 3046 1702 eo
3105 1638 3409 1715 vertitur,
3469 1636 3641 1720 quod
3696 1658 3860 1721 quae
3916 1639 4110 1704 hodie
4156 1640 4401 1724 legitur
4447 1643 4666 1707 versio

653 1762 911 1820 textum
955 1755 1154 1818 refert
1198 1773 1347 1816 cum
1394 1750 1676 1815 editione
1724 1773 1776 1814 a.
1834 1754 1999 1812 1542
2047 1751 2345 1833 apprime
2388 1757 2878 1833 congruentem,
2928 1757 2993 1811 et
3038 1750 3450 1830 sequentium
3495 1749 3853 1813 editionum
3897 1751 4259 1830 varianteS,
4317 1773 4481 1835 quae
4525 1777 4660 1819 non

648 1888 894 1949 paucae
938 1872 1111 1941 sunt,
1160 1864 1242 1928 ad
1287 1885 1485 1927 unam
1531 1885 1755 1927 omnes
1802 1864 2230 1945 ignorantem.
2305 1862 2559 1926 Verum
2605 1883 2805 1943 quum
2842 1860 2954 1923 illa
3003 1862 3213 1925 versio
3258 1858 3499 1943 absque
3545 1860 3742 1926 dubio
3784 1863 4099 1928 Genevae
4141 1864 4317 1929 facta
4361 1864 4463 1944 sit,
4503 1866 4663 1948 quid

648 1978 911 2054 mirum,
943 1954 1298 2041 Calvinum
1330 1975 1666 2058 interpreti
1692 1975 2145 2038 authenticum
2174 1996 2367 2038 suum
2408 1973 2745 2056 exemplar
2771 1972 3142 2051 tradidisse,
3190 1973 3423 2036 ultima
3457 1973 3600 2038 vice
3645 1994 3719 2037 eo
3764 1995 3934 2038 anno
3975 1974 4200 2058 (1542)
4246 1975 4387 2057 ipso
4434 1984 4667 2042 autore

648 2098 918 2155 curante
960 2095 1077 2151 aut
1118 2088 1501 2169 inspiciente
1549 2089 1972 2169 impressum,
2032 2106 2164 2149 non
2212 2107 2366 2151 vero
2422 2086 2710 2149 alienum
2756 2084 3014 2166 aliquod
3076 2093 3191 2149 aut
3234 2086 3580 2166 spurium?
3667 2085 4018 2150 Caeterum
4076 2087 4245 2152 hanc
4293 2090 4666 2155 versionem

649 2201 762 2265 alii
806 2199 1089 2280 cuipiam
1132 2201 1347 2281 potius
1398 2206 1594 2281 quam
1639 2197 1917 2263 Calvino
1973 2194 2221 2274 deberi,
2280 2220 2363 2261 ex
2408 2218 2484 2262 eo
2540 2197 2834 2281 sequitur
2880 2195 3048 2277 quod
3109 2197 3449 2280 archetypi
3494 2218 3759 2262 sensum
3804 2199 4140 2262 nonnullis
4185 2198 4342 2264 loeis
4390 2201 4491 2265 vel
4537 2202 4664 2265 mi-

650 2334 776 2376 nus
822 2317 1124 2376 accurate
1184 2310 1285 2375 vel
1342 2313 1539 2375 etiam
1596 2330 1904 2393 perverse
1948 2306 2279 2373 redditum
2336 2310 2618 2373 exhibet.
2727 2308 2832 2373 Ad
2889 2329 3120 2373 manus
3173 2309 3297 2372 fuit
3341 2309 3538 2373 editio
3583 2331 3777 2391 quam
3821 2311 4189 2394 principem
4233 2331 4376 2376 esse
4432 2313 4661 2379 existi-

649 2444 924 2500 mamus,
972 2424 1279 2503 cuiusque
1326 2422 1554 2486 titulus
1599 2424 1736 2505 ipse
1784 2422 2149 2485 versionem
2192 2442 2417 2486 recens
2463 2421 2704 2485 factam
2744 2421 2925 2485 dicit:

962 2544 1680 2598 PSYCHOPANNYCHIE.
1745 2542 1752 2609 ι
1819 2518 2354 2601 TRAITTE
2444 2519 2698 2601 PAR
2788 2520 2990 2600 LE-
3028 2514 3032 2629 l
3071 2519 3272 2628 quel
3363 2532 3495 2602 est
3569 2528 3892 2633 prouue
3979 2550 4143 2632 que
4205 2522 4332 2605 les
4399 2524 4657 2635 amesss

650 2651 1010 2734 veillent
1078 2664 1166 2732 et
1242 2652 1534 2733 viuent
1616 2680 1859 2763 apres
1952 2646 2391 2763 qu'el—lles
2479 2660 2672 2731 sont
2750 2644 3077 2731 sol-ties
3131 2650 3245 2730 du
3309 2679 3588 2762 corPS,
3669 2646 4046 2763 con-{tre
4127 2649 4480 2735 l'erreur
4554 2653 4664 2735 de

656 2781 1068 2891 quelques
1147 2782 1635 2891 igno-{rans
1732 2780 1878 2890 qui
1938 2792 2298 2889 pensent
2375 2779 2728 2889 qu'elles
2811 2780 3288 2889 dor-{ment
3360 2779 3705 2889 iusques
3784 2811 3891 2863 au
3970 2781 4303 2864 dernier
4379 2780 4656 2894 iuge-fi

649 2921 906 2991 meni).
980 2916 989 3019 Ι
1058 2922 1250 3002 PAR
1292 2922 1588 2986 IEHAN
1632 2921 1999 2986 OALVIN.
2055 2920 2065 3003 Ι
2125 2930 2535 2984 Nouuellement
2571 2930 2780 2983 traduit
2825 2930 2890 2982 de
2913 2928 3086 2982 Latin
3123 2945 3189 2982 en
3228 2927 3516 2982 stationis.
3556 2929 3906 2996 (Emblema.)
3944 2922 4035 2986 M.
4063 2923 4144 2986 D.
4171 2922 4428 2988 LVIII.
4473 2925 4482 3007 Ι
4521 2924 4666 2988 Im-

647 3037 860 3120 prime
904 3054 1022 3118 par
1067 3033 1331 3099 Conrad
1372 3035 1639 3099 Badius

956 3146 1306 3211 Emblema
1348 3160 1449 3211 est
1502 3158 1806 3212 PRELVM
1853 3159 2370 3213 ASCENSIANVM
2421 3150 2461 3212 i.
2510 3170 2563 3212 e.
2613 3147 2832 3212 tabula
2873 3148 3077 3229 ipsius
3127 3145 3526 3230 typographi
3577 3146 3771 3210 Badii
3817 3147 4116 3212 Ascensii
4174 3149 4504 3213 officinam
4558 3169 4668 3214 re-

651 3265 1082 3342 praesentans
1128 3280 1279 3322 cum
1321 3258 1554 3342 adagio
1597 3261 1935 3343 inscripto:
1992 3271 2095 3324 EN
2140 3271 2239 3324 LA
2285 3271 2523 3326 SVEVR
2568 3270 2668 3323 DE
2721 3261 2730 3343 Ι
2786 3268 2933 3323 TON
2976 3268 3243 3324 VISAGE
3300 3268 3396 3322 TV
3448 3267 3457 3334 Ι
3503 3268 3908 3324 MANGERAS
3965 3270 4062 3323 LE
4119 3269 4309 3324 PAIN.
4361 3262 4370 3344 Ι
4419 3261 4671 3326 Forma

652 3369 882 3435 eadem
936 3391 1100 3451 quae
1157 3371 1663 3435 Rihelianorum
1713 3372 2082 3437 libellorum
2128 3373 2206 3438 de
2251 3374 2486 3455 quibus
2530 3393 2748 3454 supra.
2826 3370 3304 3451 Quaterniones
3348 3390 3585 3435 novem
3632 3378 3698 3434 et
3732 3372 4004 3452 insuper
4050 3373 4174 3436 tria
4209 3372 4363 3436 folia
4407 3372 4667 3457 (a—k),

653 3482 935 3566 paginae
985 3491 1368 3547 numeratae
1420 3487 1557 3546 150.
1651 3484 1821 3568 Typi
1875 3486 2205 3569 elegantes
2262 3486 2546 3562 romani,
2602 3483 2853 3566 primae
2911 3484 3333 3565 praefationis
3391 3483 3565 3566 (pag.
3619 3483 3851 3562 1—12)
3913 3484 4314 3565 grandiores.
4403 3483 4490 3547 In
4533 3485 4667 3549 fine

652 3598 879 3658 textus
923 3592 1188 3675 legitur:
1240 3592 1302 3656 Ι.
1351 3594 1668 3659 ΤΙΜΟΤ.
1714 3595 1769 3658 Ι.
1820 3607 1829 3679 ι
1890 3586 2035 3667 Au
2097 3586 2291 3696 Roy
2353 3586 2501 3667 des
2569 3584 2862 3667 siecles
2927 3583 3356 3665 immol-tel
3420 3593 3508 3664 et
3566 3581 3994 3688 invisible,
4075 3592 4123 3664 a
4182 3585 4412 3666 Dieu
4474 3584 4666 3666 seul

656 3747 861 3828 sag&
923 3718 1308 3801 honneur
1372 3730 1460 3801 et
1518 3721 1825 3830 gloire'
1859 3723 2526 3804 eternellement.
2585 3726 2594 3830 Ι
2677 3733 2966 3799 Unicum
3018 3734 3207 3797 nobis
3266 3733 3553 3797 innotuit
3612 3730 3811 3796 huius
3880 3731 4031 3795 libri
4086 3733 4422 3816 exemplar
4487 3732 4664 3815 quod

651 3842 991 3907 nobiscum
1035 3843 1540 3909 communicavit
1586 3844 1710 3908 Vir
1766 3844 2280 3910 humanissimus
2335 3847 2415 3909 A.
2462 3845 2750 3923 Battier,
2806 3841 3202 3928 Delphinas,
3260 3845 3374 3926 qui
3418 3845 3550 3908 otia
3595 3866 3714 3908 sua
3758 3865 3910 3908 cum
3956 3843 4276 3927 dignitate
4320 3842 4669 3909 severiori-

651 3952 775 4017 bus
821 3952 1051 4018 studiis
1097 3953 1320 4019 dicans
1365 3977 1664 4021 concesso
1709 3958 1896 4022 nobis
1940 3978 2209 4021 suarum
2255 3958 2587 4040 copiarum
2633 3979 2755 4021 usu
2802 3963 2869 4021 et
2912 3956 2991 4021 de
3035 3957 3222 4021 nobis
3267 3963 3334 4020 et
3381 3956 3460 4021 de
3505 3955 3712 4020 literis
3756 3956 3920 4019 bene
3965 3956 4222 4020 meruit.

965 4067 1214 4130 Textus
1260 4066 1457 4132 huius
1501 4068 1821 4133 versionis
1867 4079 2165 4151 receptus
2208 4076 2310 4135 est
2351 4070 2421 4133 in
2464 4069 2681 4134 Bezae
2726 4090 2965 4152 corpus
3010 4068 3318 4151 gallicum
3361 4089 3507 4151 pag.
3554 4071 3779 4154 1—56:
3845 4065 4013 4130 Inde
4054 4068 4323 4133 transiit
4363 4068 4433 4131 in
4479 4065 4681 4131 Stoe-

648 4177 906 4240 rianam
951 4196 1094 4259 pag.
1149 4183 1400 4243 1—66.
1474 4180 1777 4262 Denique
1820 4189 2045 4243 nostra
2089 4187 2301 4245 aetate
2345 4182 2592 4262 recepit
2636 4181 2818 4244 illam
2866 4181 2941 4244 P.
2991 4179 3278 4244 Lacroix
3335 4200 3482 4262 pag.
3533 4183 3868 4256 25-105,
3919 4177 4167 4245 scilicet
4220 4179 4342 4261 ipsi
4391 4177 4679 4244 Calvino

652 4287 867 4350 autori
911 4306 1056 4351 eam
1100 4289 1413 4370 tribuens,
1460 4293 1531 4355 in
1574 4282 1698 4374 quo
1745 4292 1908 4355 Viro
1953 4290 2327 4357 doctissimo
2371 4314 2501 4356 non
2548 4289 3045 4375 adstipulamur.

2378 4588 2788 4672 CAPUT
2854 4588 2962 4671 V.
4351 4664 4370 4680 ,

650 4760 1390 4859 ErlsToLAE
1469 4763 1843 4862 DUAE
1929 4768 2116 4865 DE
2197 4769 2464 4864 REB
2484 4768 2632 4865 Us
2726 4726 3009 4863 Hoc
3099 4763 3702 4863 SAECULo
3775 4763 4375 4862 oooNITU
4449 4766 4674 4862 AP-

1796 4903 2225 5000 PRIME
2280 4903 3161 5002 NEoEssARns.
3236 4895 3534 4997 1537.

966 5100 1349 5186 Sequuntur
1394 5104 1521 5171 duo
1562 5103 1767 5170 libelli
1811 5103 1960 5170 inde
2004 5106 2085 5171 ab
2141 5108 2331 5172 initio
2386 5109 2660 5175 iunctim
2704 5106 2862 5173 editi
2909 5109 3009 5174 ob<
3035 5108 3405 5193 argumenti
3450 5107 3966 5174 similitudinem.
4056 5091 4393 5190 Epistolae
4438 5106 4675 5173 dicun-

648 5221 781 5292 tur,
829 5219 894 5276 et
937 5234 1008 5277 re
1052 5236 1205 5280 vera
1257 5218 1451 5299 sunts
1467 5237 1584 5299 pro
1632 5227 1956 5302 perpetuo
2021 5221 2339 5285 sermonis
2396 5229 2648 5300 tenore,
2710 5241 2846 5284 non
2889 5243 2971 5286 ex
3031 5241 3212 5285 mera
3256 5219 3677 5286 dedicationis
3723 5222 3963 5300 forma,
4027 5241 4192 5304 quae
4234 5220 4423 5286 nulla
4461 5216 4686 5299 adest,
