5100 6061
542 449 552 454 ,
665 393 789 453 415

1765 378 2290 446 REsPoNsm
2338 379 2462 443 AD
2497 343 2981 444 'SADOLETI
3023 377 3580 445 EPISTOLAM.

4561 383 4691 442 416

835 574 1217 641 Calumnias
1251 572 1416 650 illas,
1468 568 1728 653 quia'ad
1777 570 1979 632 finem
2010 587 2305 649 propero,
2340 575 2632 650 praeter·
2678 571 2685 650 Ι
2733 587 3031 650 magnae,
3078 566 3313 644 fateor,
3361 568 3804 632 contentiones
3847 565 4322 643 efferbuerunt,
4368 586 4409 629 a
4450 567 4692 648 quibus

662 664 760 730 ire
816 682 1035 744 cogor:
1084 658 1257 742 quod
1308 665 1529 722 nostre
1591 655 1944 719 innitentes
2003 653 2230 735 capiti,
2300 654 2630 717 neminem
2678 655 2683 737 1
2734 661 2927 716 antea
2982 652 3188 716 otium
3243 662 3398 717 erat.
3463 650 3599 718 Sed
3656 653 3898 718 nestris
3944 651 4316 716 hominibus
4360 652 4691 717 immerito

661 749 1025 832 reperimus
1071 747 1139 809 in
1180 753 1319 809 tota
1352 741 1640 818 ecclesia,
1676 762 1867 822 quem
1902 746 2206 821 putemus
2244 736 2371 802 fide
2413 739 2630 820 aliqua

663 834 941 918 dignum
956 856 972 910 ;
1012 831 1373 897 calumnias
1395 837 1615 892 tamen
1642 847 1800 903 esse,
1826 826 1958 889 iam
1984 832 2135 887 ante
2174 825 2331 888 satis
2358 822 2625 888 demon-

661 920 891 985 stravi.
941 916 1228 982 Tametsi
1255 916 1430 978 enim
1453 913 1663 977 solum
1688 912 1813 975 Dei
1852 911 2130 974 verbum
2152 918 2342 974 extra
2363 931 2624 974 omnem

661 1005 890 1070 iudicii
933 1003 1143 1068 aleam
1181 1000 1654 1072 constituimus,
1693 996 1982 1063 conciliis
2022 1017 2175 1059 vero
2221 1003 2285 1059 et
2326 996 2622 1077 patribus

2731 737 2797 800 id
2845 738 3233 819 imputetur,
3288 739 3398 821 qui
3458 739 3627 803 nihil
3684 747 3820 802 tete
3878 738 4152 802 actionis
4198 758 4356 802 suae
4400 735 4687 802 decursu

2730 825 3184 904 quaesierunt,
3241 825 3369 888 nisi
3431 836 3501 888 ut
3552 825 3914 889 instaurata
3974 823 4288 906 religione
4333 825 4403 887 in
4450 844 4680 888 veram

2728 908 3054 972 unitatem
3099 908 3438 975 discordiis
3473 910 3659 974 fusae
3702 931 3777 974 ac
3822 909 4152 990 dispersae
4197 909 4504 974 ecclesiae
4545 909 4679 973 col·

2724 993 3105 1076 ligerentur.
3163 996 3255 1059 Et
3297 1016 3381 1059 ne
3431 1004 3648 1059 vetera
3691 1014 4220 1072 commemorem,
4263 994 4421 1077 quid
4464 1016 4681 1077 nuper

665 1092 759 1156 ita
803 1098 1047 1156 certam
1084 1087 1345 1152 demum
1383 1085 1798 1148 autoritatem
1838 1094 2136 1146 constare
2175 1081 2517 1158 voluimus,
2566 1082 2620 1146 si
2670 1083 2674 1170 y
2724 1081 3008 1161 recipere
3032 1078 3498 1158 detrectarunt,
3535 1091 3796 1144 tantum
3833 1088 3905 1145 ut
3939 1080 4225 1145 ecclesiis
4262 1102 4488 1163 pacem
4524 1102 4682 1145 con-

665 1177 751 1241 ad
792 1177 934 1240 eius
978 1193 1274 1238 normam
1319 1168 1787 1253 respondeant:
1847 1189 1921 1232 eo
1967 1177 2189 1231 tamen
2233 1166 2480 1230 honore
2522 1166 2619 1230 lo-

661 1283 864 1344 coque
918 1259 1190 1326 concilia
1245 1264 1310 1321 et
1375 1265 1596 1338 patres
1649 1254 2031 1338 dignamur,
2089 1273 2283 1334 quem
2328 1249 2621 1316 obtinere

661 1349 784 1413 sub
830 1345 1093 1411 Christo
1151 1363 1269 1426 par
1313 1350 1428 1406 est.
1512 1340 1646 1404 Sed
1710 1340 2005 1403 omnium
2063 1337 2471 1402 teterrimum
2518 1347 2618 1401 est

661 1431 826 1498 illud
881 1432 1158 1509 crimen,
1218 1428 1390 1509 quod
1445 1448 1756 1509 spensam
1803 1424 2054 1489 Christi
2099 1422 2463 1504 discerpere
2508 1445 2615 1488 ce·
2665 1495 2669 1510 .

660 1520 799 1584 nati
855 1539 1101 1582 sumus.
1182 1514 1263 1578 Id
1319 1514 1375 1578 si
1433 1533 1663 1577 verum
1717 1524 1918 1586 esset,
1979 1510 2207 1572 merito
2265 1519 2328 1572 et
2386 1509 2504 1573 tibi
2550 1518 2618 1573 et
2665 1525 2668 1604 ᾗ

661 1605 801 1670 erbi
846 1605 1151 1667 universo
1198 1601 1594 1664 haberemur
1638 1618 1755 1678 pro
1800 1595 2166 1692 deploratis
2238 1596 2441 1676 Atqui
2484 1616 2616 1659 non

2723 1164 3062 1230 ciliarent?
3116 1163 3250 1231 Sed
3286 1167 3531 1231 frustra
3565 1168 3784 1230 omnia
3812 1166 4263 1248 experiuntur,
4306 1167 4485 1232 vobis
4521 1188 4678 1231 con-

2723 1257 2825 1314 tra
2851 1252 3227 1316 nitentibus.
3289 1251 3464 1332 Quia
3499 1252 3677 1316 enim
3700 1273 3928 1334 pacem
3961 1252 4057 1315 illi
4096 1252 4336 1317 habere
4372 1254 4670 1334 cupiunt,

2719 1358 2869 1401 cum
2931 1359 3060 1418 qua
3103 1338 3299 1402 simul
3342 1338 3570 1402 floreat
3620 1337 3869 1403 Christi
3914 1359 4223 1421 regnum:
4271 1359 4391 1402 vos
4436 1347 4675 1416 autem,

2720 1421 3033 1504 quidquid
3077 1422 3321 1488 accedit
3357 1423 3642 1500 Christo,
3681 1422 3975 1505 deperire
4012 1424 4195 1488 vobis
4232 1425 4499 1505 putatis,
4537 1445 4677 1488 non

2718 1509 2958 1571 mirum
3015 1517 3115 1573 est
3171 1509 3225 1571 si
3282 1509 3536 1573 fortiter
3590 1509 3924 1582 resistatis.
4004 1508 4096 1572 Et
4167 1509 4423 1574 habetis
4478 1521 4671 1586 artes,

2718 1593 2957 1675 quibus
3001 1596 3311 1660 evertatis
3357 1617 3488 1659 uno
3524 1594 3647 1672 die,
3687 1593 3999 1677 quidquid
4042 1595 4167 1676 ipsi
4213 1596 4440 1660 multis
4483 1618 4674 1660 men-

661 1689 853 1755 aliter
892 1690 1142 1753 crimen
1185 1685 1363 1750 istud
1407 1686 1476 1747 in
1521 1705 1639 1746 nos
1676 1681 2007 1763 recipiam,
2047 1681 2175 1744 nisi
2215 1678 2492 1762 discerpi
2531 1681 2612 1744 ab
2664 1713 2667 1724 ·
2718 1679 2899 1743 sibus
2936 1701 3054 1762 pro
3095 1678 3345 1744 Christi
3382 1681 3591 1763 gloria
3624 1681 4000 1745 instituunt.
4069 1680 4219 1744 Non
4256 1681 4482 1745 multis
4520 1702 4669 1745 ver·

659 1777 742 1841 iis
788 1774 1035 1840 Christi
1081 1792 1386 1854 sponsam
1432 1767 1801 1844 contendas,
1849 1767 1961 1849 qui
1997 1767 2322 1848 virginem
2366 1774 2616 1831 castam

2719 1765 2816 1828 bis
2873 1774 2936 1827 te
2980 1766 3278 1843 obruam,
3326 1768 3477 1849 quia
3532 1788 3661 1831 uno
3718 1766 3917 1832 verbo
3963 1764 4269 1848 expedire
4315 1788 4453 1830 rem
4498 1766 4671 1831 licet.

662 1862 975 1927 exhibere
1036 1858 1303 1923 Christo
1358 1863 1471 1931 lfol.
1512 1860 1614 1930 47}
1664 1854 1967 1935 cupiunt;
2026 1853 2135 1934 qui
2183 1861 2411 1916 sancta
2455 1873 2613 1933 qua-
2719 1848 3125 1914 Obtulerunt
3177 1871 3248 1915 se
3304 1852 3511 1916 nestri
3556 1852 3637 1916 ad
3691 1850 4091 1916 reddendam
4137 1873 4294 1916 suae
4340 1851 4673 1917 doctrinae

664 1947 817 2011 dam
861 1944 1181 2027 zelotypia
1223 1940 1671 2016 sollicitantur,
1728 1960 1852 2020 que
1897 1958 2043 2000 eam
2087 1936 2354 2001 Christo
2399 1937 2614 2001 illiba-

664 2041 804 2098 tam
861 2037 1279 2105 conse1·vent;
1347 2027 1457 2108 qui
1527 2025 1748 2108 pravis
1813 2023 2150 2086 lenociniis
2217 2031 2611 2104 corruptam,

2717 1935 3054 2000 rationem.
3125 1936 3373 2001 Cedere
3410 1959 3541 2002 nen
3578 1937 3959 2014 detrectant,
4004 1939 4057 2001 si
4104 1939 4263 2003 victi
4310 1939 4669 2006 rationibus

2715 2021 2976 2085 fuerint.
3043 2022 3176 2086 Per
3227 2044 3388 2104 quos
3438 2046 3616 2089 nunc
3674 2035 3831 2100 stat,
3892 2023 4239 2105 quominus
4298 2030 4365 2088 et
4419 2025 4667 2106 optima

664 2117 748 2184 ad
786 2117 986 2182 fidem
1030 2112 1436 2196 coniugalem
1481 2117 1788 2175 revocant
1800 2133 1816 2187 ;
1854 2110 1964 2190 qui
2005 2107 2324 2173 adversus
2359 2108 2613 2172 adulte·
2714 2127 2902 2188 pace,
2972 2115 3039 2172 et
3089 2109 3389 2174 veritatis
3458 2108 3601 2174 luce
3665 2111 3929 2174 fruatur
3997 2109 4310 2175 ecclesia?
4381 2110 4417 2173 1
4469 2132 4667 2188 nunc,

660 2226 771 2269 ros
817 2222 1074 2277 omnes,
1132 2220 1293 2280 quos
1337 2198 1474 2261 eius
1515 2195 1861 2278 pudicitiae
1904 2192 2202 2258 insidiari
2248 2193 2612 2275 deprehen-

663 2288 908 2364 derint,
977 2285 1457 2351 contentionem
1524 2282 1848 2363 suscipere
1903 2301 2033 2343 non
2094 2279 2410 2345 dubitant.
2522 2280 2615 2343 Et

664 2373 824 2457 quid
865 2393 986 2436 nos
1031 2369 1208 2435 aliud
1246 2367 1560 2433 fecimus?
1624 2367 1860 2430 Nonne
1904 2366 2267 2448 peregrinis
2301 2364 2614 2429 doctrinis

663 2466 940 2532 tentata,
984 2457 1115 2520 imo
1160 2455 1404 2520 violata
1446 2455 1692 2530 fuerat,
1739 2475 1779 2516 a
1823 2459 2041 2516 vestra
2083 2451 2363 2516 factione
2408 2451 2613 2516 ecele-
2663 2457 2668 2560 j

664 2545 799 2609 siae
856 2539 1160 2608 castitas?
1243 2540 1479 2603 Nonne
1539 2539 1854 2604 violenter
1911 2557 1949 2600 a
2007 2537 2190 2602 vobis
2251 2537 2467 2601 fuerat
2508 2533 2613 2600 in-

666 2630 960 2695 numeris
1015 2626 1582 2708 superstitionibus
1635 2621 2027 2706 prostituta?
2097 2622 2332 2687 Nonne
2376 2621 2613 2686 foedis-

665 2717 830 2780 simo
873 2713 985 2778 illo
1046 2712 1353 2776 adulterii
1409 2731 1678 2794 genere,
1726 2709 2225 2774 simulacrorum
2268 2709 2465 2786 cultu,
2509 2709 2613 2771 in-

663 2802 933 2884 quinata
975 2796 1160 2864 erat?
1242 2795 1526 2874 Scilicet,
1565 2797 1715 2879 quia
1752 2814 1889 2859 nen
1916 2815 2141 2859 sumus
2177 2795 2367 2877 passi,
2397 2815 2613 2859 sacro-

665 2894 966 2952 sanctum
1013 2883 1266 2949 Christi
1308 2882 1670 2946 thalamum
1716 2888 1900 2945 tanto
1945 2879 2171 2944 haberi
2218 2903 2257 2944 a
2294 2880 2478 2944 vobis
2513 2880 2615 2944 lu-

663 2973 903 3051 dibri0,
951 2989 1255 3054 sponsam
1293 2969 1433 3035 eius
1476 2969 1794 3035 lacerasse
1840 2965 2132 3033 dicimur.
2213 2966 2358 3049 Ego
2395 2974 2618 3030 autem
2668 2979 2669 2990 ¹

663 3059 805 3124 dieo
847 3058 1046 3135 illam,
1093 3077 1291 3138 quam
1337 3078 1376 3120 a
1410 3053 1597 3119 nobis
1633 3055 1794 3119 falso
1838 3073 2100 3118 accusas
2134 3052 2615 3130 lacerationem,

664 3144 837 3228 apud
885 3165 1001 3209 vos
1066 3164 1202 3206 non
1248 3143 1518 3208 obscure
1575 3139 1872 3223 conspici.
1946 3138 2175 3220 Neque
2232 3139 2303 3201 in
2347 3137 2621 3202 eeclesia

666 3231 735 3296 id
779 3230 1006 3308 modo,
1064 3228 1179 3293 sed
1223 3229 1291 3292 in
1337 3226 1602 3292 Christo
1644 3227 1815 3307 ipso,
1859 3245 2052 3306 quem
2096 3224 2333 3288 misere
2378 3223 2618 3289 dissec-

665 3326 809 3381 tum
864 3336 1006 3382 esse
1054 3321 1329 3379 constat.
1411 3311 1753 3393 Quomodo
1811 3330 2047 3392 sponso
2103 3331 2222 3373 suo
2267 3309 2621 3374 adhaereat

666 3402 968 3478 ecclesia,
1028 3420 1223 3480 quem
1275 3399 1532 3462 salvum
1575 3419 1708 3461 non
1754 3394 1991 3481 habet?
2069 3395 2199 3461 Ubi
2260 3407 2480 3459 autem
2522 3396 2623 3458 in-

667 3487 1010 3553 columitas
1046 3484 1316 3562 Christi,
1364 3483 1524 3547 dum
1569 3490 1634 3546 et
1675 3482 1983 3558 iustitiae,
2022 3489 2088 3545 et
2131 3482 2508 3559 sanctitatis,
2557 3488 2624 3545 et

668 3573 1027 3656 sapientiae
1072 3570 1281 3654 gloria
1338 3569 1464 3633 alio
1520 3565 1951 3632 transfertur?
2020 3567 2226 3649 Atqui
2269 3577 2623 3649 antequam

666 3656 1136 3725 accenderetur
1180 3676 1221 3719 a
1265 3656 1453 3720 nobis
1497 3666 1858 3730 certamen,
1904 3651 2255 3734 tranquilla
2296 3654 2516 3717 omnia
2558 3660 2623 3716 et

667 3746 914 3827 optime
972 3752 1202 3825 pacata
1260 3749 1462 3805 erant.
1523 3741 1709 3805 Inter
1763 3749 2055 3822 pastores
2101 3737 2394 3820 quidem,
2441 3746 2508 3802 et
2552 3740 2622 3802 in

669 3832 816 3914 ipsa
877 3829 1095 3911 plebe,
1148 3828 1416 3910 ignavia
1476 3835 1542 3892 et
1583 3834 1812 3907 stupor
1854 3825 2233 3902 effecerant,
2282 3834 2358 3887 ut
2400 3824 2623 3887 nullae

663 3937 866 4000 prope
880 3914 1149 3980 modum
1202 3919 1423 3977 essent
1477 3913 1557 3977 de
1613 3912 1929 3995 religione
1972 3910 2470 3975 controversiae.
2539 3909 2622 3973 In

666 4002 905 4067 scholis
962 4008 1211 4077 autem,
1254 4018 1453 4081 quam
1507 4007 1773 4063 strenue
1822 3995 2149 4079 sophistae
2186 3994 2619 4060 rixabantur?

665 4087 848 4171 Ergo
903 4106 1038 4150 nen
1097 4093 1225 4161 est,
1285 4084 1456 4166 quod
1512 4085 1856 4168 pacificum
1910 4080 2069 4146 adeo
2114 4082 2300 4146 vobis
2345 4101 2623 4163 regnum

667 4173 946 4237 tribuas:
1005 4170 1118 4236 ubi
1171 4191 1305 4235 non
1360 4170 1488 4234 alia
1541 4171 1789 4234 ratione
1847 4167 2032 4250 quies
2087 4166 2238 4240 fuit,
2299 4167 2428 4231 nisi
2472 4168 2625 4248 quia

668 4256 976 4324 Christus
1016 4255 1392 4323 conticebat.
1455 4257 1617 4321 Post
1650 4275 1900 4321 novum
1936 4252 2262 4337 evangelii
2297 4259 2621 4331 exortum,

2717 2201 2783 2255 et
2838 2214 2954 2257 nos
3025 2193 3362 2258 seditiosos
3428 2195 3701 2277 appella,
3774 2197 3886 2278 qui
3945 2195 4284 2260 ecclesiam
4339 2195 4675 2278 quiescere

2717 2299 2847 2341 non
2892 2280 3201 2344 sinamus.
3266 2280 3370 2344 Ne
3413 2280 3569 2363 quid
3612 2291 3830 2346 autem
3874 2283 4459 2364 praetermittereS‚
4499 2281 4678 2363 quod

2716 2363 2799 2427 ad
2843 2365 3246 2447 gravandam
3282 2388 3548 2431 causam
3585 2377 3878 2431 nostram
3914 2368 4173 2443 faceret,
4220 2369 4373 2449 quia
4417 2367 4669 2432 multae

2716 2451 2942 2530 paucis
3000 2451 3144 2514 istis
3206 2453 3396 2516 annis
3453 2461 3667 2518 sectae
3731 2453 4156 2530 ebullierunt,
4215 2453 4357 2517 eius
4411 2474 4670 2536 quoque

2721 2536 2812 2600 rei
2857 2535 3207 2612 invidiam,
3254 2558 3372 2619 pro
3418 2547 3531 2602 tuo
3576 2537 3886 2617 candore,
3931 2540 4004 2602 in
4061 2560 4179 2604 nos
4224 2538 4507 2603 derivas:
4555 2537 4676 2603 sed

2718 2619 2871 2685 vide
2907 2643 3037 2703 qua
3072 2622 3414 2705 aequitate,
3457 2629 3573 2702 [fol.
3613 2629 3721 2703 48]
3759 2625 3867 2689 vel
3905 2646 4032 2706 quo
4069 2625 4267 2688 etiam
4302 2633 4668 2706 praetextu.
4778 2707 4781 2710 Ἴ

2719 2706 2890 2770 Nam
2932 2710 2988 2771 si
3027 2729 3144 2772 nos
3186 2721 3534 2792 propterea
3577 2711 3723 2775 odio
3769 2709 3970 2794 digni,
4007 2710 4179 2774 iusto
4224 2730 4482 2793 quoque
4517 2709 4679 2774 elim

2719 2791 2864 2857 odio
2900 2793 3076 2875 apud
3098 2795 3334 2876 impios
3356 2794 3717 2861 laborasset
3738 2796 4172 2861 christianum
4208 2817 4465 2860 nomen.
4532 2798 4680 2861 Aut

2721 2898 2877 2961 ergo
2922 2878 3146 2944 desine
3183 2880 3307 2945 hac
3342 2889 3527 2963 parte
3563 2902 3685 2945 nos
3730 2882 4066 2946 infestare:
4112 2889 4228 2946 aut
4269 2881 4486 2964 palam
4522 2903 4678 2964 pro·

2721 2965 2925 3043 fitere,
2963 2965 3391 3030 christianam
3426 2967 3810 3051 religionem
3842 2967 4202 3033 tollendam
4225 2989 4308 3033 ex
4332 2968 4680 3033 hominum

2722 3052 3055 3131 memoria,
3081 3073 3246 3133 quae
3280 3062 3375 3117 tot
3395 3054 3640 3119 mundo
3677 3054 4004 3119 tumultus
4039 3055 4267 3136 pariat.
4336 3054 4480 3120 Hoc
4519 3075 4680 3138 ergo

2724 3156 2958 3201 causae
3024 3146 3285 3203 nostrae
3353 3141 3625 3204 minime
3680 3141 3908 3206 obesse
3963 3140 4182 3219 debet,
4234 3140 4406 3222 quod
4463 3140 4678 3206 medis

2722 3222 3025 3288 omnibus
3076 3231 3346 3290 cenatus
3390 3235 3490 3291 est
3535 3224 3747 3291 Satan
3801 3225 4054 3292 Christi
4109 3247 4272 3307 opus
4327 3225 4673 3309 impedire.

2723 3308 2870 3373 Hoc
2914 3329 3223 3390 quaerere
3268 3313 3476 3394 magis
3519 3310 3602 3375 ad
3644 3333 3785 3375 rem
3827 3310 4213 3394 pertinebat,
4258 3312 4405 3393 quis
4449 3313 4663 3376 emni-

2724 3394 2849 3458 bus
2884 3415 3051 3477 quae
3094 3416 3166 3459 se
3209 3397 3591 3461 extulerunt
3626 3398 3819 3463 sectis
3859 3395 4315 3479 expugnandis
4359 3400 4680 3463 incubue-

2726 3480 2828 3543 rit.
2898 3479 3175 3545 Constat
3217 3492 3435 3546 autem
3479 3506 3598 3549 nos
3642 3484 3839 3561 solos,
3895 3481 4078 3549 vobis
4122 3484 4343 3548 otiosis
4387 3505 4463 3548 ae
4509 3493 4684 3549 ster-

2725 3566 3034 3642 tentibus,
3081 3575 3284 3631 totam
3329 3569 3500 3634 hanc
3545 3568 3783 3633 molem
3829 3569 4235 3634 sustinuisse.
4299 3569 4503 3634 Faxit
4537 3569 4681 3633 Do-

2725 3652 2963 3730 minus,
2996 3650 3320 3732 Sadolete,
3349 3663 3423 3717 ut
3447 3664 3517 3718 tu
3554 3676 3628 3720 ac
3663 3655 3898 3737 reliqui
3932 3676 4156 3719 omnes
4191 3654 4290 3718 tui
4327 3653 4681 3738 aliquando

2726 3737 3125 3821 intelligatis,
3162 3761 3295 3804 non
3329 3739 3503 3803 aliud
3544 3760 3685 3805 esse
3720 3741 4192 3806 ecclesiasticae
4226 3741 4495 3805 unitatis
4531 3742 4683 3805 vin-

2728 3822 2963 3901 culum,
3001 3845 3197 3906 quam
3232 3826 3286 3889 si
3323 3824 3628 3891 Christus
3649 3825 3994 3904 Dominus,
4041 3827 4154 3909 qui
4183 3847 4300 3890 nos
4324 3827 4466 3892 Deo
4502 3827 4684 3910 patri

2727 3909 3195 3989 reconciliavit,
3241 3912 3312 3974 in
3356 3912 3643 3995 corporis
3690 3911 3796 3976 sui
3840 3912 4217 3977 societatem
4263 3933 4381 3977 nes
4426 3912 4506 3976 ab
4551 3913 4688 3978 ista

2729 3994 3154 4076 dissipatione
3188 3996 3556 4081 recolligat:
3596 4006 3669 4063 ut
3711 3998 3805 4061 ita
3838 4020 3968 4063 uno
4005 3999 4142 4063 eius
4187 3997 4384 4063 verbo
4431 4018 4506 4063 ac
4542 4000 4685 4081 spi-

2727 4081 2861 4144 ritu
2921 4080 2992 4143 in
3049 4103 3159 4146 cor
3214 4103 3423 4146 unum
3477 4093 3545 4148 et
3598 4085 3887 4149 animam
3952 4105 4152 4149 unam
4218 4084 4683 4151 coalescamus.

2816 4203 3242 4284 Argentorati
3285 4202 3597 4268 Calendis
3641 4201 4136 4286 Septembribus
4193 4206 4371 4267 1539.
