5100 6061
741 458 864 522 295

746 644 1172 708 offensionem
1226 651 1534 725 nequeat,
1596 643 1667 705 in
1724 638 1977 706 stolidis
2035 659 2110 703 ac
2168 638 2264 702 bis
2320 639 2695 704 carnalibus

749 729 1171 794 caeremoniis
1225 736 1359 792 toto
1403 739 1660 811 pectore
1705 736 1966 809 stupere
2011 725 2250 790 sinunt.
2342 724 2695 808 Utcunque

748 815 828 878 ad
875 815 1000 879 Dei
1054 813 1496 879 adorationem
1551 819 1812 890 vocent,
1879 810 2071 876 idolis
2135 819 2358 875 tamen
2424 810 2696 875 haerere

749 922 948 983 quum
985 921 1211 965 omnes
1248 909 1534 976 cernant,
1572 898 1906 963 neminem
1937 909 2152 962 autem
2189 894 2695 995 reprehendant,

751 1008 869 1050 sua
913 985 1030 1050 illa
1074 985 1607 1062 dissimulatione,
1653 1005 1819 1067 quae
1854 990 2053 1047 nutus
2088 982 2316 1058 instar,
2364 989 2430 1045 et
2463 982 2697 1046 tacitae

691 1071 697 1076 ’
753 1069 1088 1137 cuiusdam
1137 1069 1620 1170 approbationis
1667 1070 1999 1152 accipitur,
2046 1068 2277 1132 fortius
2321 1067 2619 1151 affigunt.
2648 1070 2697 1150 ¹)

753 1155 1084 1239 Quidquid
1122 1157 1201 1221 de
1237 1157 1502 1233 iustitia,
1543 1155 2072 1230 sanctificatione,
2112 1153 2322 1216 salute
2358 1173 2397 1216 a
2431 1153 2699 1217 Christo

752 1241 1037 1324 petenda
1101 1242 1497 1306 balbutiant.
1567 1263 1805 1324 susque
1874 1239 2081 1321 deque
2142 1247 2365 1303 tamen
2432 1238 2698 1316 habent,

753 1325 925 1410 quod
962 1328 1257 1410 populus,
1307 1328 1544 1392 omisso
1581 1327 1866 1402 Christe,
1905 1348 1981 1390 ea
2018 1325 2240 1388 omnia
2275 1326 2547 1406 quaerit,
2586 1288 2701 1389 ubi

2435 447 2901 517 EPISTOLA
2941 450 3034 518 Π.

4623 451 4754 513 296

2800 647 3009 703 scant:
3070 660 3199 704 non
3257 639 3476 703 minus
3532 639 3956 723 sanguinaria
3987 646 4099 710 ,est
4141 658 4366 702 eorum
4411 638 4761 702 taciturni-

2800 732 2931 801 tas,
2976 746 3104 807 qua
3143 724 3371 808 populi
3411 725 3588 790 salus
3631 725 3953 789 malitiose
3998 723 4324 806 proditur,
4369 744 4565 823 quam
4613 723 4762 805 ipse

2801 776 3092 875 hos'tium
3135 812 3335 889 furor,
3382 831 3506 892 quo
3549 812 3834 875 inermes
3878 818 3945 874 et
3988 809 4313 875 indefensi
4364 810 4761 909 opprimun-

2803 903 2927 959 tur.
3017 895 3172 960 Iure
3217 917 3371 979 ergo
3417 916 3500 959 ex
3544 917 3773 961 eorum
3814 895 4118 960 manibus
4162 896 4433 979 sanguis
4467 895 4762 977 reposci-

2805 989 2931 1059 tur,
2978 1002 3105 1063 quo
3149 1002 3284 1045 non
3327 982 3566 1059 minus,
3613 1003 3811 1064 quam
3856 981 4146 1046 hostium
4182 980 4401 1065 gladii,
4447 1002 4762 1064 aspersae

2803 1066 3224 1149 foedataeque
3269 1076 3443 1132 sunt.
3513 1066 3707 1147 Quod
3753 1066 3932 1131 aliud
3978 1067 4317 1131 hominum
4367 1089 4573 1151 genus
4610 1087 4762 1131 cer-

2804 1153 2952 1231 tius,
2982 1174 3198 1235 quam
3242 1174 3311 1218 se
3357 1154 3562 1236 ipsos,
3606 1151 4076 1231 causabuntur,
4131 1153 4245 1216 illa
4289 1152 4539 1218 Christi
4602 1173 4761 1217 sen-

2805 1204 3039 1317 tent’ia,
3093 1259 3224 1336 qua
3276 1246 3605 1321 pastorem
3636 1260 3803 1304 eum
3845 1240 4256 1305 severissime
4298 1238 4630 1338 obiurgat,
4696 1247 4763 1302 et

2804 1325 3283 1388 mercenarium
3329 1325 3797 1389 contumeliose
3842 1324 4157 1409 appellat,
4215 1327 4316 1389 cui
4363 1333 4563 1409 negat
4610 1346 4764 1391 esse

754 1414 1021 1477 minime
1056 1413 1331 1497 reperiri
1369 1423 1659 1495 possunt.
1732 1410 1792 1476 Ο
1837 1411 2207 1509 praeclaras
2245 1410 2315 1478 in
2355 1429 2516 1473 sana
2550 1408 2700 1475 doc·
2750 1407 2756 1478 l
2807 1429 2999 1473 curae
3044 1430 3216 1488 evoe,
3262 1410 3375 1491 qni
3420 1410 3576 1509 dum
3622 1411 3994 1476 venientem
4038 1411 4349 1493 prospicit
4389 1410 4646 1492 lupum,
4697 1419 4765 1475 et

752 1501 924 1562 trina
962 1498 1464 1578 exhortationes,
1502 1519 1670 1582 quae
1705 1497 1862 1562 dum
1897 1496 2253 1560 insanienti
2287 1495 2524 1577 populo
2562 1495 2700 1578 pla·
2750 1485 2756 1572 Ι
2805 1496 3067 1560 iamiam
3105 1496 3479 1573 instantem,
3518 1496 3590 1559 in
3623 1497 3689 1560 fu
3781 1518 3865 1574 ιιι,
3903 1495 4129 1561 ιθΙιθιο
4163 1517 4380 1580 grege,
4418 1518 4561 1561 sese

753 1584 894 1649 cide
938 1583 1383 1662 blandiuntur,
1430 1605 1504 1649 ac
1548 1591 1806 1648 tantum
1850 1603 1985 1646 non
2029 1580 2455 1664 applaudunt,
2503 1581 2701 1647 simul
2751 1579 2757 1644 1
2806 1581 2961 1678 ripit
3006 1581 3261 1663 (Ioann.
3310 1586 3403 1660 10,
3450 1581 3599 1665 12)?
3690 1516 3799 1662 &ii

755 1670 954 1734 etiam
999 1672 1319 1748 efficiunt,
1370 1679 1447 1734 ut
1489 1669 1880 1735 obstinatius
1920 1668 2137 1732 furere
2179 1668 2440 1750 pergat!
2532 1666 2703 1764 Quis
2751 1647 2757 1738 l

754 1758 926 1820 enim
976 1755 1318 1839 displicere
1360 1756 1488 1821 illis
1531 1762 1736 1838 putet,
1786 1774 1950 1836 quae
1994 1753 2170 1817 inter
2211 1754 2558 1818 conciones
2602 1753 2701 1850 ip-

757 1862 860 1907 sas
905 1863 1131 1907 eorum
1190 1841 1393 1907 oculis
1450 1841 1708 1939 assidue
1768 1841 2189 1924 ingeruntur:
2245 1840 2385 1903 eius
2439 1838 2702 1922 generis

754 1929 1158 2010 praesertim,
1205 1947 1370 2009 quae
1416 1927 1468 1991 si
1515 1926 1690 1990 mala
1731 1926 1962 2003 forent,
2008 1924 2110 1989 vel
2158 1924 2494 1989 tantillum
2540 1923 2702 1989 tole-

755 2035 904 2078 rare
948 2014 1128 2078 nefas
1171 2012 1412 2077 fuerit?
1505 2010 1837 2094 Quidquid
1895 2018 2110 2075 autem
2168 2030 2302 2074 non
2359 2009 2703 2093 displicere

757 2099 887 2163 illis
931 2108 1221 2181 putatur,
1269 2119 1346 2162 eo
1389 2097 1525 2163 loco
1570 2096 1864 2174 habetur,
1912 2117 1985 2161 ac
2029 2097 2082 2160 si
2129 2095 2420 2194 ipsorum
2466 2097 2702 2162 suffra-

757 2185 864 2267 gio
910 2184 1125 2267 palam
1162 2185 1619 2249 confirmatum
1656 2192 1843 2248 esset.
1912 2182 2003 2246 Et
2047 2202 2211 2264 quae
2245 2181 2378 2245 iam
2419 2187 2566 2262 [pag.
2593 2187 2701 2260 62]

757 2291 982 2334 eorum
1027 2277 1200 2334 esset
1230 2270 1301 2332 in
1341 2267 1731 2334 revincendo
1767 2267 2140 2333 adversario
2176 2267 2703 2352 magnanimitas,

721 2351 815 2419 'si
858 2355 940 2418 ad
984 2363 1316 2420 certamen
1361 2364 1634 2418 ventum
1689 2354 1882 2418 foret:
1941 2355 2054 2435 qui
2111 2362 2360 2417 tantam
2416 2355 2487 2417 in
2547 2355 2704 2417 sim-

758 2440 910 2522 plici
955 2440 1406 2505 exhortatione
1442 2441 1645 2504 animi
1683 2439 2105 2522 pusillitatem
2122 2439 2175 2518 ²)
2223 2438 2553 2520 produnt?
2592 2440 2705 2522 qui

759 2526 900 2591 sine
945 2525 1322 2591 adversario
1366 2527 1458 2589 ita
1500 2526 1801 2608 protinus
1846 2523 2226 2603 concidunt,
2283 2533 2350 2588 et
2393 2524 2475 2589 de
2515 2545 2704 2607 prae-

759 2611 924 2677 sidio
943 2612 1351 2694 stationeque
1367 2610 1662 2676 nondum
1684 2618 2064 2693 oppugnata
2085 2608 2449 2675 decedunt?
2474 2608 2705 2691 Quan-

759 2718 954 2779 quam
999 2699 1051 2762 si
1098 2697 1310 2779 qualis
1352 2697 1547 2761 hodie
1587 2696 1674 2762 sit
1717 2696 2027 2762 ecclesiae
2083 2696 2366 2760 conditio
2409 2695 2704 2762 conside-

760 2805 1011 2860 remus,
1058 2782 1327 2848 Ohristo
1373 2784 1627 2848 restitui
1673 2804 1804 2847 non
1848 2791 2087 2865 potest,
2146 2783 2270 2847 nisi
2315 2803 2352 2847 e
2396 2782 2704 2865 luporum

757 2836 1050 2933 faucibus
1094 2876 1347 2951 erepta:
1396 2868 1480 2933 ad
1523 2870 1650 2933 Dei
1696 2888 1936 2951 pascua
1991 2888 2126 2931 non
2184 2866 2414 2933 adduci
2473 2877 2703 2950 potest,

757 2955 881 3019 nisi
930 2954 1267 3018 hominum
1313 2955 1559 3038 laqueis
1604 2954 1842 3019 soluta:
1890 2964 2069 3019 recta
2113 2954 2221 3016 via
2264 2956 2370 3039 agi
2414 2976 2545 3018 non
2592 2975 2705 3037 po-

758 3051 916 3119 test,
972 3041 1102 3105 nisi
1153 3061 1450 3106 errorum
1493 3040 1885 3126 labyrinthis
1943 3041 2279 3105 extricata.
2372 3041 2485 3106 Sic
2529 3041 2706 3105 enim

757 3129 826 3190 in
868 3126 1224 3192 evertenda
1259 3127 1867 3209 exstinguendaque
1893 3127 2216 3226 religione
2255 3125 2546 3190 Satanae
2580 3127 2705 3189 mi-

757 3213 949 3278 nistri
995 3212 1440 3294 profecerunt,
1487 3226 1561 3275 ut
1604 3234 1780 3289 eam,
1842 3213 1964 3276 nisi
2012 3212 2091 3275 ab
2136 3213 2429 3311 ipsorum
2473 3213 2706 3294 impie-

4652 1516 4764 1560 ro-

3799 1548 3881 1646 od
3926 1583 3980 1646 si
4026 1602 4361 1664 nunquam
4417 1581 4481 1646 id
4534 1604 4572 1646 a
4691 1602 4763 1646 o-

2805 1666 2983 1731 mino
3028 1668 3530 1749 pronunciatum
3579 1676 3781 1746 esset,
3843 1669 4173 1751 propriam
4224 1667 4357 1733 illis
4413 1668 4766 1735 eonscien-

2754 1752 2968 1816 tiam
3012 1751 3292 1818 iudicem
3336 1754 3500 1817 fere.
3547 1762 3895 1836 pastorem,
3941 1754 4053 1836 qui
4098 1753 4200 1818 vel
4245 1754 4552 1818 minimas
4595 1755 4770 1818 insi-

2808 1836 2947 1902 dias
2992 1845 3187 1903 noctu
3241 1839 3547 1916 senserit,
3600 1840 3727 1903 nisi
3784 1861 3865 1903 ex
3913 1840 4276 1923 ergefactus
4329 1861 4481 1904 mox
4529 1861 4769 1906 accur-

2754 1985 2758 2002 ,
2807 1932 2940 2000 rat,
2998 1944 3219 1988 nonne
3274 1925 3576 2008 ignaviae
3633 1946 3865 1990 accusa
3909 1925 4073 1989 unt?
4166 1925 4341 1990 Eum
4394 1945 4580 2001 vere,
4649 1927 4770 2008 qui

2808 2011 3111 2090 perfossis
3176 2009 3417 2074 stabuli
3475 2011 3860 2093 parietibus,
3932 2016 4079 2090 [pag.
4129 2016 4237 2089 63]
4297 2012 4766 2110 confractoque

2808 2096 2993 2172 ostie,
3040 2095 3511 2179 pauperculum
3562 2118 3827 2181 gregem
3873 2098 4172 2162 omnibus
4216 2105 4585 2174 ventorum,
4639 2098 4768 2161 im-

2807 2181 3054 2259 brium‚
3113 2180 3431 2259 hostium,
3490 2182 3791 2264 luporum
3836 2183 4096 2247 insidiis
4140 2184 4503 2266 expositum
4553 2182 4770 2248 obno-

2811 2265 3119 2351 xiumque
3139 2266 3493 2349 reliquerit,
3528 2277 3810 2350 quantae
3830 2268 4160 2334 socordiae
4180 2267 4765 2334 condemnabunt?

2812 2350 2993 2432 Quid
3043 2352 3199 2416 ille?
3262 2353 3447 2418 cuius
3507 2355 3627 2418 sub
3689 2362 3951 2437 aspectu
4004 2354 4220 2420 media
4269 2357 4341 2418 in
4395 2355 4543 2420 luce
4600 2376 4766 2420 oves

2810 2439 3113 2502 atrociter
3156 2439 3516 2516 laniantur,
3573 2442 3716 2522 ipso
3762 2440 3843 2503 ad
3890 2441 3957 2505 lu
4045 2462 4076 2504 s
4133 2440 4484 2540 abigendos
4529 2462 4621 2505 ne
4670 2439 4766 2505 di-

2811 2524 3021 2622 gitum
3065 2521 3327 2624 quidem
3373 2526 3863 2591 commovente?
4018 2548 4103 2591 uo
4161 2528 4320 2592 satis
4364 2525 4565 2610 digno
4632 2528 4767 2591 elo-

2811 2610 2918 2693 gio
2958 2610 3260 2693 insigniri
3315 2613 3554 2693 poterit
3608 2612 3807 2677 istaec
3869 2619 4002 2675 tam
4058 2614 4381 2712 flagitiosa
4435 2613 4763 2695 perfidia?

2809 2715 2938 2777 qua
2997 2696 3295 2778 supplicii
3355 2698 3682 2780 gravitate
3725 2697 3924 2782 digne
3966 2719 4084 2780 pro
4127 2700 4359 2762 merito
4402 2698 4763 2764 mulctari?

2810 2781 3096 2847 Posthac
3141 2783 3194 2846 si
3240 2783 3475 2852 iustam
3522 2792 3588 2847 et
3632 2802 3788 2848 suae
3832 2784 4320 2866 speculationis,
4365 2796 4431 2847 et
4473 2787 4766 2866 pastori-

2811 2867 2938 2931 tiae
2982 2888 3176 2933 curae
3220 2870 3540 2933 rationem
3596 2867 3869 2934 reddere
3915 2871 4162 2948 volent,
4207 2868 4473 2934 videant
4520 2871 4654 2934 hoc
4699 2874 4765 2934 in

2811 2953 3067 3036 primis,
3126 2955 3265 3018 sine
3320 2976 3445 3038 quo
3490 2954 3654 3019 nihil
3705 2956 3999 3021 efficiunt
4040 2955 4122 3019 ad
4166 2955 4359 3020 fidem
4395 2977 4594 3019 suam
4641 2977 4766 3055 ap-

2811 3038 3231 3140 probandam,
3270 3040 3434 3105 nihil
3480 3043 3603 3107 sibi
3648 3063 3790 3106 esse
3833 3042 4083 3124 reliqui,
4131 3042 4241 3106 ubi
4279 3044 4375 3105 rei
4410 3043 4766 3125 sanguinis

2756 3134 2761 3195 ;
2809 3126 3043 3189 ιιιθιιιο
3086 3136 3472 3226 arguuntur,
3531 3148 3565 3191 a
3613 3149 3738 3209 quo
3783 3150 3852 3193 se
3896 3127 4177 3192 mundos
4222 3149 4364 3192 esse
4406 3127 4766 3210 improbis-

2756 3234 2759 3259 *
2810 3212 2971 3276 sime
3013 3213 3441 3291 mentiuntur,
3500 3213 3630 3277 nisi
3683 3235 3831 3277 cum
3875 3214 4084 3279 Paulo
4128 3234 4280 3278 vere
4326 3235 4401 3278 ac
4447 3216 4624 3278 serio
4671 3215 4768 3280 af-

760 3308 893 3364 tate
928 3307 1263 3375 assertam,
1310 3298 1632 3363 instillare
1674 3298 2014 3362 hominum
2053 3298 2288 3361 animis
2326 3319 2458 3361 non
2493 3298 2701 3364 liceat.
2754 3332 2760 3373 ι
2809 3299 3072 3362 firmare
3109 3308 3367 3379 queant,
3415 3320 3484 3363 se
3521 3318 3932 3382 nequaquam
3968 3299 4451 3383 subterfugisse
4499 3303 4767 3382 quomi-

760 3384 838 3448 Id
896 3385 964 3447 in
1008 3381 1343 3447 obruenda
1397 3381 1928 3465 obliterandaque
1972 3382 2100 3446 Dei
2144 3384 2421 3448 veritate
2477 3403 2703 3448 conse-
2754 3376 2759 3457 Σ

2808 3404 2933 3447 ιιιι8
2975 3382 3230 3467 publice
3271 3386 3710 3466 privatimque
3765 3406 4293 3468 unumquemque
4339 3385 4768 3453 admonendo

759 3470 946 3551 quuti
992 3480 1172 3546 sunt,
1227 3478 1304 3532 ut
1346 3470 1414 3532 in
1458 3469 1674 3534 lucem
1728 3489 2090 3552 emergere,
2145 3470 2276 3534 nisi
2316 3470 2395 3534 ab
2439 3469 2702 3533 illorum
2753 3472 2760 3549 l
2809 3489 3067 3533 omnem
3111 3469 3239 3534 Dei
3285 3469 3697 3536 voluntatem
3735 3484 4146 3536 enarrarent.
4203 3472 4591 3569 praesertim
4648 3473 4764 3537 ubi

758 3554 1116 3620 mendaciis
1157 3552 1504 3631 vindicata,
1554 3563 1848 3636 nequeat.
1939 3555 2215 3618 Interim
2252 3554 2436 3636 quid
2455 3556 2703 3639 egregii
2754 3580 2758 3617 ι
2807 3555 3320 3621 circumventam
3349 3553 3636 3620 Satanae
3676 3559 3923 3622 artibus
3955 3557 4291 3622 ecclesiam
4331 3558 4608 3640 gravius
4650 3581 4767 3658 pe·

759 3641 872 3704 isti
926 3649 992 3704 et
1047 3639 1481 3715 excubitores,
1542 3651 1606 3704 et
1659 3640 1996 3722 pastores?
2089 3639 2400 3705 Gladium
2448 3641 2702 3723 conspi-
2753 3626 2758 3695 Ι
2809 3642 2902 3706 ric
2903 3641 3077 3705 litari
3124 3642 3463 3705 senserint.
3533 3639 3715 3721 Quas
3756 3644 3825 3706 in
3861 3653 4080 3725 partes
4124 3652 4309 3706 tanta
4352 3643 4627 3707 solertia
4662 3645 4766 3708 in-

763 3728 964 3803 ciunt,
1013 3746 1143 3790 non
1153 3726 1527 3791 cervicibus
1547 3727 2049 3808 impendentem,
2087 3726 2202 3791 sed
2233 3726 2479 3809 iugulis
2499 3747 2704 3810 prope
2752 3706 2761 3799 l

758 3777 1107 3877 admotum.
1198 3808 1376 3876 Oves
1420 3822 1716 3889 cernunt,
1764 3834 1894 3877 non
1939 3813 2244 3896 luporum
2288 3812 2541 3877 insidiis
2588 3833 2701 3895 ap·
2752 3808 2757 3875 i
2807 3813 2955 3896 pius
3012 3831 3229 3877 coram
3288 3814 3619 3878 monuisse
3676 3833 3827 3879 suos
3883 3835 4017 3878 non
4070 3823 4450 3891 contentus,

2808 3727 3107 3792 cubuisse
3152 3736 3448 3791 sanctum
3495 3727 3682 3792 illum
3727 3728 4091 3811 apostolum
4135 3727 4447 3803 videmus,
4488 3740 4765 3879 ugadsae-

4656 3837 4764 3880 em

758 3898 1014 3982 petitas,
1061 3896 1174 3962 sed
1217 3896 1526 3961 dentibus
1568 3905 1898 3980 correptas
1937 3909 2003 3962 et
2042 3897 2394 3963 mutilatas.
2468 3886 2757 3963 Securi
2752 3924 2757 3957 ι
2806 3917 3061 3980 quoque
3116 3899 3364 3963 monita
3417 3899 3678 3982 scriptis
3718 3900 3982 3977 absens,
4039 3919 4113 3963 ac
4158 3920 4192 3963 e
4236 3899 4518 3964 vinculis
4564 3921 4764 3983 repe-

752 3993 991 4061 tamen,
1038 3991 1111 4047 ut
1152 3983 1222 4046 in
1265 3981 1481 4047 media
1516 4004 1694 4066 pace,
1739 3993 2022 4066 torpent:
2071 3985 2197 4048 nisi
2233 3982 2406 4066 quod
2440 4006 2557 4048 suo
2594 4003 2701 4048 oa-

750 4071 869 4152 piti
914 4069 1224 4168 privatim
1264 4068 1586 4145 timentes,
1635 4069 1884 4134 abiecta
1926 4069 2223 4152 publicae
2258 4069 2487 4134 salutis
2524 4091 2698 4147 cura,

755 4153 833 4220 de
883 4175 954 4219 se
996 4155 1156 4238 ipsis
1199 4154 1348 4237 plus
1392 4156 1551 4218 satis
1606 4163 1763 4218 sunt
1810 4154 2084 4220 solliciti.
2175 4154 2382 4220 Istam
2438 4153 2700 4255 quidem

755 4241 1147 4306 inertiamne
1205 4261 1292 4305 an
1345 4239 1688 4323 perfidiam
1743 4242 1959 4323 potius
2016 4261 2268 4317 vocem,
2322 4240 2575 4306 dubito:
2642 4244 2700 4306 si

757 4329 1024 4409 impune
1069 4325 1194 4390 sibi
1234 4326 1525 4390 futuram
1586 4326 1949 4403 confidunt,
2004 4348 2220 4392 meras
2272 4326 2391 4392 sibi
2446 4327 2753 4401 fabulas

757 4433 918 4488 esse,
967 4409 1276 4493 quidquid
1314 4411 1639 4476 Dominus
1683 4420 1797 4476 aut
1835 4413 2173 4495 promittit,
2220 4420 2335 4477 aut
2377 4413 2698 4476 minatur:

758 4520 843 4563 ex
889 4517 966 4562 θο
1011 4502 1322 4560 testatum
1363 4498 1626 4562 faciunt.
1696 4496 1887 4579 Quod
1924 4500 2100 4563 enim
2137 4519 2253 4581 per
2286 4498 2701 4562 Ezechielem

750 4583 1079 4648 Dominus
1120 4580 1329 4645 edixit
1371 4603 1440 4646 se
1484 4583 1707 4680 populi
1753 4585 2144 4684 sanguinem
2188 4606 2224 4650 θ
2269 4582 2698 4666 speculatoris

752 4689 958 4735 manu
992 4667 1487 4750 reposcam-um,
1533 4669 1647 4750 qui
1683 4691 1883 4751 quum
1917 4671 2371 4735 imminentem
2406 4668 2699 4752 gladium

752 4754 1025 4832 videret,
1072 4752 1380 4836 clangore
1425 4753 1619 4819 tubae
1665 4776 1797 4818 non
1830 4755 2177 4820 indicavit·
2223 4757 2293 4819 in
2331 4774 2523 4837 quem
2559 4775 2697 4818 ma-

754 4839 2090 5026 sacrvm?&gaarma
2128 4839 2699 5024 eazbffspsgssz
2749 4818 2756 5025 i

758 5013 866 5076 siti
912 5019 1067 5077 sunt
1111 5009 1427 5089 custodes,
1474 5013 1583 5093 qui
1631 5033 1840 5095 neque
1876 5022 2083 5089 noete,
2130 5033 2341 5095 neque
2377 5012 2480 5076 die
2516 5011 2699 5094 quie-

898 5233 955 5298 1)
997 5232 1088 5287 Sic
1123 5234 1242 5289 sola
1272 5237 1544 5315 princeps,
1607 5234 1867 5286 &aeterne
1891 5250 2099 5288 omnes:
2137 5235 2415 5305 affingunt.
2477 5236 2701 5289 Gallus.-

760 5302 863 5355 elle
912 5310 1026 5356 sert
1072 5319 1209 5369 pour
1258 5304 1531 5356 tousiours
1570 5302 1849 5355 curaeiner
1934 5302 2016 5357 lus
2053 5312 2216 5358 avant
2251 5312 2343 5359 etc.
2508 5304 2568 5371 2)
2610 5302 2702 5359 Sic

755 5370 874 5424 sola
902 5371 1173 5438 princeps,
1235 5370 1492 5425 (laeter-ae
1525 5384 1734 5423 omnes:
1771 5372 1887 5438 pusi
1914 5371 2274 5427 lanimitatem.

2805 3991 3001 4048 teret:
3049 3985 3469 4049 observarent
3511 4006 3722 4062 canes,
3770 3987 4192 4050 observarent
4218 4004 4474 4085 pravos
4519 4005 4764 4068 opera-

2806 4070 2967 4147 rios,
3014 4068 3439 4135 observarent
3484 4071 3948 4149 concisionem,
4006 4091 4174 4152 quae
4213 4072 4435 4153 impiis
4479 4083 4766 4137 conten-

2804 4122 3087 4220 tionibus
3130 4176 3351 4219 veram
3397 4157 3703 4222 ecclesiae
3747 4159 4063 4221 unitatem
4104 4155 4497 4221 discinderet
4541 4158 4761 4239 (Phil.

2805 4246 2861 4320 3,
2902 4246 2938 4303 2
2976 4241 3110 4322 ss.).

2975 4325 3150 4407 Quid
3196 4326 3364 4409 quod
3410 4349 3539 4391 non
3583 4325 3989 4393 connivendo
4042 4336 4333 4404 tantum,
4394 4348 4468 4392 ac
4528 4329 4765 4393 indul-

2803 4411 3035 4495 gendo,
3083 4413 3357 4477 miserae
3392 4434 3467 4477 ac
3503 4412 3794 4496 perditae
3830 4413 4205 4512 plebeculae
4239 4413 4628 4478 caecitatem
4667 4417 4767 4479 fo-

2802 4506 2988 4561 vent:
3038 4497 3151 4562 sed
3188 4518 3483 4563 errorum
3526 4499 4188 4581 superstitionumque
4211 4500 4503 4564 omnium
4543 4500 4767 4566 admi-

2804 4583 3043 4647 nistros
3087 4584 3146 4647 ei
3194 4605 3261 4647 se
3303 4584 3659 4665 praebent?
3749 4584 4017 4648 Etenim
4061 4585 4214 4649 huic
4248 4586 4585 4649 teterrimo
4635 4588 4760 4651 fla-

2803 4670 2961 4752 gitio
3027 4669 3538 4768 quotusquisque
3603 4671 3891 4769 ipsorum
3962 4670 4300 4734 infitiando
4366 4672 4519 4746 erit,
4590 4674 4762 4754 quin

2804 4756 3013 4837 primo
3073 4755 3296 4819 statim
3352 4754 3656 4839 ingressu
3712 4757 3993 4840 pessimo
4049 4776 4267 4820 errore
4323 4755 4579 4838 plebem
4628 4760 4762 4822 im-

2804 4841 2990 4915 buat,
3046 4840 3204 4905 dum
3259 4841 3401 4923 ipsa
3458 4849 3825 4941 spectante,
3885 4855 3951 4906 et
4006 4841 4088 4906 ad
4144 4850 4477 4924 stuporem
4537 4864 4763 4926 usque

2804 4935 3081 5005 attenta,
3139 4926 3390 4991 stolidis
3447 4928 3824 4992 exorcismis
3883 4946 4119 5009 aquam
4175 4928 4503 5003 incantat,
4565 4930 4764 4995 mille

2806 5026 3028 5093 postea
3065 4978 3351 5077 infandis
3407 5013 3973 5096 superstitionibus
4029 5013 4471 5078 servituram?
4564 5013 4763 5094 Quin

2805 5105 3197 5181 esuggestu
3238 5118 3500 5162 rursum
3534 5099 3617 5163 ad
3652 5100 3854 5164 altare
3889 5097 4199 5181 prodeat?
4238 5099 4631 5164 sacrificium
4675 5102 4760 5164 il-

2804 5184 2919 5249 lud
2964 5182 3414 5249 abominandis
3458 5185 3878 5269 blasphemiis
3919 5192 4251 5268 repertum
4295 5193 4408 5249 aut
4451 5200 4761 5269 peragat,

2806 5279 2922 5337 aut
2964 5292 3034 5335 se
3076 5291 3385 5354 peragere
3430 5271 3730 5336 simulet?
3779 5271 3861 5335 ad
3904 5270 4320 5337 exsecrabilis
4362 5270 4517 5335 idoli
4545 5293 4760 5337 vene-

2806 5357 3125 5421 rationem
3171 5358 3479 5439 populum
3529 5365 3595 5420 et
3639 5356 3935 5439 exemplo
3979 5377 4100 5422 suo
4145 5368 4209 5421 et
4251 5363 4419 5420 nutu
4458 5358 4757 5422 invitet?
