5100 6061
350 412 477 474 473

540 598 653 665 Ex
707 620 827 683 quo
873 600 1198 682 principio
1239 621 1398 680 quae
1428 604 1629 682 potest
1675 607 1794 679 [fol.
1840 605 1943 680 ιο]
1989 599 2316 676 concordia

363 688 649 768 sperari,
685 707 880 769 quum
914 687 1331 751 omnimodam
1351 687 1702 767 perniciem
1743 687 1914 752 sedis
1946 686 2318 769 apostolicae

360 773 418 838 ii
471 773 666 837 unius
696 772 914 853 partis
953 777 1288 853 quaerant,
1341 773 1565 838 deinde
1616 771 1733 838 hac
1780 773 2089 838 aestuata
2131 772 2319 837 totius

359 858 610 924 ordinis
651 858 1069 926 eoelestiastioi
1099 859 1642 938 perturbationem.

534 993 744 1075 Quasi
803 1015 1104 1077 repressa
1169 996 1368 1060 unius
1435 995 1788 1095 tyrannide
1852 1002 2060 1059 totum
2128 1016 2320 1059 suum

360 1080 665 1145 ordinem
720 1080 992 1146 ecclesia
1045 1082 1349 1163 protinus
1396 1082 1675 1146 amittat.
1774 1079 1908 1146 Sed
1962 1080 2085 1146 hoc
2135 1087 2321 1144 acute

357 1166 559 1243 videt,
610 1166 928 1232 redacta*
911 1190 980 1231 18
1023 1165 1319 1232 ordinem
1365 1167 1636 1252 tyranni
1678 1175 2020 1249 potestate,
2065 1167 2203 1230 fore
2248 1175 2325 1230 ut

358 1218 686 1317 satellites
730 1252 928 1317 simul
981 1262 1435 1329 coerceantur,
1481 1246 1568 1316 80
1613 1260 1749 1317 tam
1794 1253 2152 1319 insolenter
2196 1251 2322 1316 188-

355 1338 626 1403 civiant.
686 1338 833 1404 Hoc
871 1339 1076 1422 igitur
1112 1345 1213 1404 est
1253 1338 1426 1422 quod
1471 1338 1765 1404 obscuris
1790 1346 1857 1404 et
1900 1339 2136 1403 odiosis
2177 1358 2323 1403 ver-

355 1422 460 1488 bis
505 1424 814 1489 insinuat.

546 1596 723 1676 Quod
765 1597 840 1660 si
869 1615 1031 1660 amno
1074 1597 1389 1677 superiori
1435 1596 1712 1677 fecerunt
1751 1597 1823 1660 in
1877 1596 2103 1675 viridi,
2167 1596 2321 1677 quid

366 1701 535 1746 nunc
583 1682 817 1763 facient
860 1683 927 1745 in
971 1682 1172 1758 arido,
1218 1701 1411 1762 quum
1451 1681 1702 1746 videant
1734 1702 1957 1763 paoem
1999 1702 2140 1746 cum
2181 1702 2322 1763 reqe

371 1766 711 1832 Gallorum
753 1768 1027 1832 nondum
1070 1733 1421 1832 conclusam
1462 1773 1519 1832 et
1566 1769 1842 1834 Turcam
1883 1769 2014 1832 iam
2059 1767 2322 1850 Hunqa-

362 1853 997 2004 ngmmim.tem'
1054 1854 1510 1936 opportunitate
1551 1855 1718 1919 enim
1758 1859 2100 1934 temporum
2141 1857 2325 1918 erunt

354 1938 499 2004 iaso
581 1940 837 2004 diss-itui

535 2060 647 2124 Ex
717 2079 788 2125 se
842 2061 1210 2125 metiuntur
1266 2059 1442 2124 alios.
1533 2059 1747 2124 Vetus
1800 2059 1979 2123 enim
2035 2060 2159 2125 1100
2223 2067 2323 2124 081

362 2147 859 2210 romanensium
902 2147 1303 2228 pontificum,
1349 2153 1573 2210 utnon
1600 2145 1812 2209 solum
1855 2144 2140 2210 dissidiis
2181 2167 2320 2210 mo-

365 2231 766 2296 narcharum
802 2230 885 2294 ad
928 2231 1298 2316 augendam
1331 2252 1518 2296 suam
1552 2232 1915 2313 potentiam
1946 2232 2318 2307 abutantur,

364 2316 482 2382 sed
497 2319 697 2380 etiam
724 2316 992 2382 dissidia
1009 2318 1184 2381 inter
1206 2337 1315 2382 eos
1339 2325 1405 2381 et
1426 2326 1651 2382 serant
1674 2337 1932 2416 semper
1954 2327 2022 2382 et
2034 2318 2318 2395 foveant,

455 2424 492 2468 0
525 2402 823 2486 legitima
857 2403 1121 2467 illorum
1144 2402 1437 2485 potentia
1459 2403 1564 2469 vel
1600 2403 1951 2468 imminuta
1984 2402 2318 2485 1011111110-

358 2424 542 2553 dita
524 2490 648 2572 ipsi
674 2510 860 2554 suam
894 2489 1306 2573 illegitimam
1338 2490 1708 2571 provehant
1740 2497 1807 2553 et
1838 2489 2048 2572 magis
2078 2490 2319 2572 magis-

356 2594 486 2657 que
508 2577 914 2640 confirment.
957 2577 1055 2640 At
1075 2580 1513 2673 protestantes
1534 2574 1657 2639 hoc
1682 2594 1721 2637 a
1742 2573 2031 2639 Domino
2046 2596 2318 2658 precan-

357 2666 504 2738 tur,
559 2668 635 2724 ut
676 2660 1106 2738 monarchae,
1152 2660 1429 2744 privatis
1472 2660 1939 2743 cupiditatibus
1984 2661 2317 2743 repressis,

355 2767 625 2811 omnem
671 2767 837 2829 quae
893 2747 1067 2811 inter
1111 2768 1220 2811 eos
1264 2754 1565 2829 superest
1607 2746 2005 2811 simultatem
2049 2768 2318 2830 prorsus

357 2829 695 2915 deponant
738 2833 1227 2915 coniunctisque
1280 2840 1348 2897 et
1392 2833 1630 2897 animis
1686 2839 1752 2896 et
1805 2831 2072 2910 viribus,
2118 2854 2320 2915 quum

353 2917 904 2984 instaurationem
960 2919 1323 3018 religionis,
1379 2925 1521 2983 tum
1575 2917 1978 2984 crudelitatis
2035 2920 2320 2984 turcicae

351 3005 916 3089 propulsationem
953 3005 1331 3088 suscipiant.
1421 3004 1679 3070 Deinde
1724 3006 1780 3070 si
1823 3026 1907 3070 ex
1950 3013 2319 3088 temporum

356 3093 851 3189 opportunitate
896 3091 1165 3157 00881118
1209 3098 1550 3173 captarent
1584 3098 2042 3174 protestantes,
2085 3100 2154 3155 et
2188 3113 2319 3156 non

353 3176 481 3243 sibi
524 3177 745 3260 1101188
781 3200 865 3242 ex
897 3178 1081 3243 iussu
1119 3186 1185 3241 et
1223 3178 1562 3244 voluntate
1596 3177 1868 3243 Domini
1902 3177 2318 3242 moderaren-

354 3268 500 3343 tur,
538 3285 739 3346 quum
778 3263 939 3329 alias
974 3262 1262 3347 pridem,
1308 3273 1451 3327 tum
1486 3285 1642 3328 vero
1677 3265 2026 3362 praecipue
2060 3263 2318 3346 quando

355 3348 784 3414 Francofurti
829 3350 1198 3416 habebatur
1241 3358 1631 3426 conventus,
1685 3350 1777 3413 sic
1809 3347 2051 3414 01118118
2097 3350 2321 3415 condi-

358 3435 651 3501 tionibus
695 3436 800 3500 usi
842 3441 1091 3511 essent,
1145 3446 1223 3498 ut
1265 3442 1333 3499 et
1373 3435 1534 3517 ipsis
1581 3402 1775 3499 hodie
1817 3435 2039 3499 minus
2081 3436 2318 3501 moles-

362 3523 521 3600 tiae,
579 3528 648 3585 et
692 3521 1091 3587 Germaniae
1134 3521 1358 3585 minus
1402 3520 1673 3604 periculi
1718 3540 1757 3582 a
1798 3521 2319 3585 Romanensium

359 3615 500 3672 tam
565 3606 817 3672 artibus
872 3628 1071 3707 88818
1114 3605 1418 3672 violentis
1462 3605 1908 3672 molitionibus
1952 3596 2320 3671 timendum

359 3692 549 3758 foret.
626 3691 862 3791 Quam
885 3695 1064 3759 enim
1099 3713 1234 3757 non
1277 3693 1606 3758 viruerint
1642 3713 1749 3757 res
1784 3711 1990 3777 papae
2037 3714 2111 3757 00
2149 3700 2316 3757 tem-

362 3800 544 3863 pore,
591 3779 757 3846 satis
803 3787 869 3845 et
909 3781 1049 3862 ipse
1092 3779 1397 3843 meminit
1439 3787 1505 3844 et
1548 3777 1850 3844 omnibus
1892 3778 2020 3843 fuit
2063 3780 2316 3862 conspi-

362 3888 582 3931 cuum.
673 3864 809 3932 Sed
846 3865 1094 3931 dictum
1116 3886 1257 3930 esse
1294 3866 1538 3931 88110118
1580 3872 2018 3948 protestantes
2059 3886 2318 3949 semper

361 3954 763 4036 cogitarunt:
824 3952 910 4016 In
959 3972 1074 4034 spe
1127 3958 1195 4016 01
1248 3951 1511 4016 81108110
1564 3952 1689 4015 0111
1727 3950 2037 4016 fortitudo
2078 3959 2313 4018 vestra.

536 4124 756 4206 Neque
765 4124 1090 4206 patientur
1131 4143 1197 4188 se
1233 4145 1275 4188 a
1312 4123 1453 4187 suis
1485 4121 1712 4204 quibus
1733 4122 2141 4205 pertinaciter
2175 4123 2316 4189 leae—

355 4216 498 4277 rent
538 4210 860 4277 sententiis
899 4209 1196 4275 dimoveri
1233 4257 1493 4274 .....

537 4348 646 4414 Ab
671 4349 753 4412 iis
772 4346 1038 4429 quidem
1064 4346 1409 4412 sententiis
1428 4365 1592 4428 quas
1614 4365 1698 4410 ex
1718 4344 1918 4412 verbo
1939 4344 2069 4409 Dei
2090 4365 2236 4409 sum

369 4440 632 4511 serunt,
693 4438 811 4512 [fol.
862 4438 965 4512 11]
1012 4430 1326 4516 quidquid
1368 4430 1644 4509 accidat,
1705 4451 2044 4513 nunquam
2089 4367 2316 4495 (11νο111

366 4542 437 4586 80
491 4520 845 4603 1181108181.
944 4521 1042 4584 Α1
1094 4520 1150 4584 81
1218 4539 1418 4601 88818
1475 4518 1871 4583 sententiam
1928 4525 2154 4583 tenere
2205 4538 2315 4583 008

359 4606 511 4689 8818
553 4605 929 4683 ostenderit,
972 4625 1138 4687 quae
1175 4626 1326 4671 cum
1359 4605 1561 4671 verbo
1595 4603 1727 4668 Dei
1760 4625 1895 4669 non
1931 4604 2312 4681 consentiat,

353 4692 437 4757 ab
483 4713 590 4771 08,
636 4691 1030 4773 simulatque
1072 4691 1319 4755 fuerint
1359 4690 1619 4769 moniti,
1674 4688 1958 4755 libenter
2008 4689 2316 4755 recedent

354 4779 567 4843 011881.
600 4779 654 4843 81
701 4777 885 4842 88118
927 4778 1240 4859 1081110118
1275 4778 1662 4842 necessitate
1706 4783 2040 4859 cogantur.

531 4950 738 5031 Quum
771 4930 1150 5031 praesertim
1170 4949 1456 5012 maxima
1484 4949 1571 5012 sit
1598 4948 1932 5012 diversitas
1973 4948 2134 5012 inter
2153 4968 2315 5029 par-

358 5040 448 5102 tes
490 5055 613 5101 non
656 5036 852 5099 unius
896 5039 1005 5099 aut
1047 5033 1314 5099 alterius
1357 5032 1457 5118 (ut
1473 5033 1639 5116 falso
1660 5032 1995 5116 asseritur)
2040 5033 2312 5113 articuli,

361 5122 471 5188 sed
524 5121 859 5187 multorum
903 5126 958 5186 et
991 5120 1335 5203 plusquam
1379 5120 1832 5203 quinquaqinta
1883 5120 2310 5185 articulorum.

528 5242 660 5307 Est
712 5262 871 5307 sane
922 5241 1214 5307 maxima
1267 5240 1442 5305 inter
1482 5245 1704 5322 partes
1751 5238 2132 5319 diversitas,
2189 5260 2310 5305 1100

354 5329 556 5395 unius
605 5336 718 5393 aut
762 5328 1031 5394 alterius
1075 5326 1334 5392 articuli
1381 5324 1731 5406 dissensi0,
1773 5326 1907 5391 1180
1951 5345 2072 5391 800
2114 5326 2308 5409 quin-

1859 408 2381 477 CONSILIUM
2421 411 2715 478 PAULI
2747 410 2875 476 ΠΙ.

4244 420 4371 480 474

2419 600 2736 700 quaginta
2802 599 3155 678 duntaxat,
3231 600 3346 665 sed
3414 602 3613 667 totius
3680 624 3973 669 summae
4040 604 4376 689 religionis

2420 687 2841 769 01881818880
2899 652 3216 768 partium,
3288 687 3603 769 quamdiu
3658 689 3974 771 pontificii
4033 689 4375 757 evehendo

2421 792 2625 855 regno
2668 794 2786 837 suo
2830 772 3071 836 intenti
3117 771 3479 855 deprimere
3522 773 3776 839 Christi
3830 795 4110 859 regnum
4152 776 4374 842 stude-

2421 855 2607 920 bunt.
2697 857 3090 922 Christusne
3147 879 3230 922 an
3288 860 3584 941 pontifex
3641 880 3949 926 romanus
3993 883 4376 944 88111018818

2423 951 2621 1042 caput
2673 944 3005 1022 ecclesiae,
3061 964 3360 1009 summus
3402 947 3735 1028 1111800118,
3793 948 4142 1029 sapientia,
4188 950 4375 1013 iusti-

2425 1029 2520 1092 tia
2572 1049 2846 1128 spesque
2900 1030 3097 1094 1111108
3164 1030 3396 1094 8818118
3454 1031 3682 1095 11811011
3738 1030 4000 1112 (1011081,
4058 1033 4127 1097 id
4176 1043 4376 1116 caput

2426 1122 2527 1180 081
2571 1116 2861 1179 01881881
2906 1117 3518 1181 008110νο181811118.
3586 1117 3734 1183 Hoc
3779 1119 3955 1182 08181
3998 1121 4373 1201 0088111810,

2427 1199 2697 1265 01111810
2768 1200 3191 1266 deferendum
3247 1223 3388 1267 esse
3452 1223 3648 1285 quem
3704 1202 3980 1269 dicimus
4037 1205 4374 1287 honorem,

2426 1306 2850 1368 quaecunque
2914 1284 3106 1350 hodie
3163 1289 3336 1352 inter
3400 1297 3624 1371 partes
3688 1292 4165 1356 controversiae
4222 1298 4378 1357 sunt

2428 1393 2561 1435 non
2629 1393 2873 1455 magna
2928 1371 3313 1438 difficultate
3379 1380 3872 1473 componentur.
3971 1377 4145 1440 Nam
4200 1377 4376 1459 quod

2427 1480 2633 1522 unum
2685 1478 2725 1521 a
2778 1458 3291 1541 protestantibus
3344 1461 3706 1541 quaeritur,
3773 1482 3999 1526 omnes
4056 1462 4255 1528 verbo
4309 1472 4378 1527 et

2425 1544 2686 1626 spiritui
2740 1543 2992 1610 Christi
3036 1564 3107 1608 se
3151 1545 3526 1625 8801101081,
3583 1546 3837 1612 Christi
3893 1547 4147 1631 legibus
4194 1549 4376 1632 leges

2422 1630 2750 1711 pontificis
2794 1630 3214 1711 omniumque
3249 1629 3592 1695 hominum
3625 1632 4124 1714 posthabebunt,
4166 1643 4376 1700 totam

2425 1715 2656 1780 salutis
2708 1715 3016 1781 fiduciam
3071 1717 3140 1779 in
3199 1716 3430 1779 merito
3473 1716 3753 1794 Christi,
3812 1718 4013 1783 nullis
4060 1741 4216 1784 vero
4260 1728 4375 1785 aut

2424 1800 2733 1865 humanis
2778 1809 2892 1866 aut
2935 1801 3249 1885 angelicis
3292 1803 3595 1885 operibus
3632 1802 3966 1869 habebunt
3998 1805 4372 1888 repositam.

2426 1885 2560 1966 Qui
2599 1908 2757 1952 vero
2794 1889 2887 1953 ita
2921 1897 3077 1953 sunt
3112 1888 3331 1952 affecti
3365 1897 3432 1952 et
3465 1890 3841 1971 comparati,
3880 1911 4083 1973 quum
4107 1890 4375 1956 Christo

2425 1974 2561 2037 sint
2602 1974 2811 2050 insiti,
2877 1984 2954 2038 ut
2995 1976 3066 2036 in
3121 1994 3195 2037 eo
3252 1975 3479 2038 vivant
3535 1981 3602 2036 et
3643 1976 3784 2057 ipse
3833 1977 3906 2038 in
3972 1976 4129 2054 illis,
4186 1976 4375 2042 bonis

2423 2060 2729 2140 operibus
2783 2059 3065 2124 fideliter
3119 2058 3474 2123 studebunt
3531 2069 3725 2142 atque
3767 2061 4172 2141 incumbent,
4230 2084 4373 2128 car-

2424 2165 2579 2208 nem
2637 2167 2785 2210 cum
2845 2145 3088 2210 morbis
3138 2155 3206 2208 et
3263 2147 3799 2227 concupiscentiis
3864 2146 4054 2210 malis
4117 2148 4373 2213 crucifi-

2425 2238 2611 2313 gent,
2669 2252 2738 2295 se
2783 2251 3028 2314 suaque
3073 2230 3295 2293 omnia
3336 2228 3469 2293 Dei
3524 2232 3772 2315 gloriae
3816 2243 3882 2296 et
3923 2234 4373 2315 proximorum

2423 2316 2620 2380 saluti
2662 2318 3152 2383 consecrabunt.
3218 2315 3476 2381 Deinde
3519 2318 3673 2399 quia
3715 2319 3934 2382 omnia
3976 2320 4263 2386 referent
4303 2322 4374 2384 in

2423 2401 2797 2481 Christum,
2841 2404 3029 2469 facile
3075 2402 3154 2467 de
3199 2422 3275 2466 00
3320 2421 3574 2485 880880
3617 2405 3992 2482 conveniet,
4039 2413 4181 2469 tum
4224 2405 4375 2471 doc-

2424 2489 2701 2567 trinam,
2771 2496 2911 2553 tum
2976 2489 3415 2554 caeremonias
3484 2507 3712 2552 omnes
3776 2492 3868 2554 ita
3933 2491 4005 2554 in
4085 2492 4375 2557 ecclesiis

2423 2582 2722 2656 oportere
2765 2574 3230 2650 administrari,
3277 2581 3354 2636 ut
3397 2574 3613 2637 omnis
3656 2595 3929 2657 operum
3965 2583 4033 2638 et
4073 2579 4375 2659 propriae

2425 2660 2764 2743 dignitatis
2808 2659 3047 2725 fiducia
3090 2661 3431 2726 aboleatur
3475 2662 3549 2725 80
3595 2661 3908 2737 intereat,
3966 2683 4115 2743 spes
4160 2665 4374 2729 omnis

2422 2754 2758 2810 avertatur
2802 2769 2841 2811 a
2884 2747 3217 2822 creaturis,
3268 2747 3419 2811 viva
3453 2753 3675 2809 autem
3715 2746 3787 2809 in
3823 2744 4166 2810 Christum
4211 2749 4372 2814 fides

2423 2833 2735 2915 erigatur,
2783 2840 3093 2916 augescat
3127 2843 3194 2896 et
3237 2830 3637 2896 stabiliatur:
3685 2830 3963 2914 denique
4008 2854 4128 2895 nec
4172 2854 4372 2916 grave

2423 2919 2548 2982 erit
2582 2924 2650 2982 et
2687 2917 3093 3001 disciplinam
3135 2917 3442 2983 ecclesiae
3477 2923 3981 2982 consentaneam
4006 2919 4370 2999 restituere,

2423 3010 2562 3069 tam
2617 3004 2689 3067 in
2732 3003 3051 3069 ministris
3108 3025 3308 3088 quam
3361 3003 3432 3068 in
3472 3002 3681 3086 plebe.
3769 3003 3980 3069 Nemo
4023 3005 4196 3068 enim
4240 3026 4374 3070 808

2422 3089 2673 3155 videbit
2731 3100 2797 3154 et
2849 3091 3149 3173 qualibus
3204 3089 3525 3154 ministris
3582 3089 3851 3155 ecclesia
3906 3097 3973 3153 et
4028 3090 4205 3173 quali
4247 3091 4372 3155 mi-

2423 3177 2618 3241 nistri
2686 3178 2807 3259 ipsi
2866 3185 3008 3242 tum
3052 3178 3226 3242 inter
3284 3197 3354 3240 80
3409 3175 3636 3241 ordine
3692 3196 3769 3240 ac
3812 3175 4182 3259 disciplina,
4229 3184 4374 3241 tum

2493 3262 2785 3346 gaalios
2826 3263 3160 3328 functione
3204 3270 3271 3326 et
3310 3264 3484 3326 vitae
3525 3262 3823 3345 exemplo
3866 3283 4027 3344 opus
4067 3262 4373 3328 habeant.

2422 3348 2529 3412 Ad
2576 3348 2737 3414 haec
2781 3370 2945 3431 quae
2989 3350 3060 3412 in
3104 3349 3291 3432 plebe
3335 3368 3613 3413 censura
3664 3349 3753 3412 sit
3795 3348 4191 3428 exercenda,
4249 3349 4372 3412 mi-

2421 3434 2599 3498 nime
2655 3433 3005 3500 obscurum
3061 3436 3203 3500 erit.
3295 3432 3613 3499 Exerceri
3656 3456 3812 3500 vero
3863 3456 3994 3499 non
4039 3455 4235 3518 aegre
4278 3436 4372 3499 te-

2421 3526 2588 3597 rent,
2627 3520 2699 3583 18
2740 3519 2976 3603 quibus
3012 3520 3316 3605 regnabit
3350 3521 3620 3603 spiritus
3655 3520 4196 3601 mansuetudinis,
4236 3541 4374 3586 mo-

2421 3570 2698 3686 destiae,
2756 3608 2936 3690 118018
2993 3627 3067 3671 80
3114 3606 3516 3672 tolerantiae.
3605 3605 3713 3671 Ita
3764 3627 3886 3673 nec
3943 3606 4024 3671 de
4080 3607 4375 3673 doctrina

2420 3712 2541 3757 800
2599 3690 2678 3756 de
2734 3713 2894 3757 vero
2949 3699 3507 3757 sacramentorum
3552 3714 3677 3757 usu
3733 3692 4005 3776 aliisque
4049 3714 4374 3758 08010810-

2420 3778 2579 3854 8118,
2650 3799 2770 3842 800
2838 3777 2918 3842 (10
2983 3777 3323 3860 disciplina
3375 3778 3511 3842 ulla
3579 3781 3705 3843 erit
3761 3778 4142 3856 difficultas,
4213 3778 4374 3861 quin

2419 3862 2693 3945 pulchre
2735 3870 2801 3927 et
2841 3863 3094 3946 placide
3138 3864 3447 3930 ecclesiae
3498 3865 3672 3929 inter
3718 3868 3831 3942 [fol.
3878 3870 3977 3939 12]
4027 3884 4097 3927 se
4141 3870 4373 3928 coeant

2419 3956 2486 4013 et
2528 3970 2756 4031 pacem
2802 3948 3055 4014 Christi
3093 3950 3270 4015 inter
3312 3971 3382 4015 se
3428 3950 3509 4014 ad
3553 3950 3825 4032 plenum
3859 3949 4263 4014 constituant
4296 3970 4373 4016 ac

2418 4036 2826 4115 confirment,
2863 4035 3236 4118 ubicunque
3265 4057 3651 4118 persuasum
3690 4036 3833 4113 erit,
3877 4033 4224 4099 Christum
4252 4057 4373 4118 pro

2418 4140 2677 4186 summo
2736 4122 2976 4205 capite,
3035 4122 3330 4205 principe
3346 4172 3363 4199 ,
3514 4121 3858 4185 1101881010
3911 4127 4371 4208 servatoreque

2416 4207 2614 4273 unico
2656 4208 3005 4308 colendum
3049 4214 3118 4272 et
3158 4207 3401 4273 adoran
3448 4228 3579 4305 um.
3667 4204 3838 4286 0818
3885 4206 4063 4271 08118
4105 4213 4372 4273 conten·

2419 4292 2532 4357 dat
2575 4315 2657 4358 ex
2701 4293 2783 4359 118
2827 4294 2938 4377 881
2982 4292 3250 4358 Christo
3294 4292 3516 4358 omnia
3555 4290 3872 4370 tribuunt,
3918 4299 3995 4357 ut
4038 4292 4178 4358 ulla
4218 4292 4371 4359 doc-

2418 4379 2595 4444 trina
2639 4380 2836 4445 verbo
2879 4381 3010 4445 Dei
3059 4380 3494 4462 praeferatur,
3548 4384 3627 4443 ut
3679 4377 4074 4444 eucharistia
4118 4379 4370 4462 aliaque

2418 4474 2830 4531 sacramenta
2872 4467 3083 4545 aliter,
3128 4466 3234 4532 vel
3276 4466 3348 4528 18
3392 4465 3594 4529 alium
3636 4466 3855 4543 finem,
3903 4486 4103 4548 quam
4135 4466 4370 4530 Domi-

2418 4574 2545 4617 nus
2588 4552 2730 4652 ipse
2771 4553 3209 4636 praescripsit,
3253 4550 3527 4633 apostoli
3570 4550 4010 4629 tradiderunt,
4056 4551 4368 4616 ecclesiae

2418 4639 2500 4704 ab
2542 4638 2732 4702 initio
2770 4644 3176 4720 receperunt,
3213 4637 3794 4703 administrentur?
3886 4602 4052 4718 0818
4095 4658 4227 4702 808
4266 4643 4368 4701 18-

2416 4724 2514 4788 108
2555 4723 2843 4790 000108118
2885 4724 3147 4807 praefici
3191 4724 3354 4790 velit
3393 4723 3747 4801 ministros,
3784 4723 4012 4806 quales
4048 4744 4088 4786 a
4131 4723 4367 4805 spiritu

2416 4818 2644 4876 sancto
2686 4811 3117 4892 requiruntur
3159 4832 3235 4876 ac
3289 4808 3790 4876 describuntur?
3881 4808 4048 4890 Quis
4090 4831 4224 4873 non
4267 4817 4367 4873 ta-

2416 4894 2548 4960 lem
2590 4917 2699 4961 008
2740 4896 2915 4961 inter
2956 4917 3026 4962 se
3068 4894 3364 4961 ordinem
3409 4918 3485 4961 ac
3528 4894 3939 4980 disciplinam
3984 4902 4210 4960 tenere
4251 4918 4365 4962 cu-

2417 4983 2585 5065 piat,
2644 4982 2905 5065 qualem
2961 4982 3348 5066 apostolicae
3412 4983 3643 5047 literae
3699 4982 4032 5046 observari
4085 4981 4362 5046 iubent?

2416 5069 2506 5132 Et
2562 5066 2822 5150 quando
2880 5068 3186 5135 Christ-us
3243 5070 3382 5152 ipse
3438 5076 3507 5134 et
3547 5067 3821 5151 apostoli
3864 5073 4166 5133 sanctum
4208 5088 4363 5133 con-

2413 5152 2688 5218 nubium
2742 5176 2782 5219 a
2837 5175 3022 5220 sacro
3073 5155 3439 5220 ministerio
3493 5174 3626 5220 non
3680 5153 4171 5233 disiunxerunt,
4215 5155 4364 5237 quis

2412 5260 2608 5305 verae
2650 5241 2956 5324 puritatis
3012 5249 3265 5307 amator
3316 5263 3447 5305 non
3490 5240 3680 5305 malit
3718 5240 3914 5306 unius
3958 5240 4184 5306 uxoris
4221 5262 4362 5306 ma-

2411 5324 2573 5391 ritos
2588 5377 2605 5404 ,
2665 5347 2864 5410 quam
2920 5326 3003 5392 ad
3048 5335 3306 5411 stupra,
3361 5326 3822 5393 scortationem
3863 5335 3931 5391 et
3971 5328 4363 5393 immaniora
