5100 6061
1938 420 1963 439 i
2004 427 2742 497 PROLEGOMENA.
4140 439 4392 507 XXXI

364 627 673 705 tempore
716 620 963 700 varios,
1025 629 1095 685 et
1136 620 1413 704 singulis
1457 621 1629 686 vitae
1675 616 1903 685 stadiis
1947 641 2122 685 nunc
2166 619 2295 683 huc
2337 640 2516 683 nunc
2559 619 2714 683 illuc
2757 621 3046 685 maxime
3089 621 3375 688 intentos
3419 622 3673 689 facilius
3717 645 4082 709 cognosces.
4171 630 4393 713 Atque

366 739 450 796 ut
490 731 753 814 plenius
794 732 869 796 in
910 732 1172 799 lectoris
1217 732 1635 797 commodum
1676 731 2001 798 redundet
2044 730 2313 809 utilitas,
2359 752 2523 815 quae
2570 754 2652 795 ex
2690 732 2808 795 tali
2849 733 3276 798 materiarum
3316 735 3741 819 dispositione
3784 746 4110 818 nascetur,
4152 749 4391 808 tracta-

366 851 483 910 tus
523 864 643 926 pro
687 845 1007 909 sermonis
1054 845 1375 911 varietate
1421 843 1803 927 dispescere,
1849 855 1915 909 et
1957 843 2210 928 gallicis
2247 863 2286 907 a
2320 842 2544 908 latinis
2582 843 2897 908 seiunctis
2932 843 3257 927 duplicem
3293 868 3520 912 eorum
3563 848 3799 913 seriem
3835 852 4228 917 constituere
4272 874 4390 919 no-

363 954 630 1021 luimus.

680 1067 828 1132 Iam
875 1067 1049 1150 quod
1090 1068 1173 1131 ad
1217 1068 1428 1133 fontes
1474 1069 1711 1133 attinet
1746 1090 1830 1133 ex
1875 1065 2110 1151 quibus
2154 1073 2378 1130 textus
2413 1064 2601 1130 nobis
2644 1064 3046 1131 hauriendus
3082 1078 3222 1132 erat
3266 1091 3464 1134 verus
3509 1078 3577 1135 et
3610 1071 4047 1154 authenticus,
4094 1095 4249 1140 mox
4292 1078 4392 1143 vi-

370 1178 590 1245 dimus
639 1180 1038 1245 recentiores
1082 1179 1402 1244 editiones
1447 1180 1734 1261 corporis
1777 1186 2181 1244 tractatuum
2220 1178 2524 1242 Bezanae
2580 1199 2764 1242 mera
2813 1198 2954 1243 esse
3009 1180 3414 1262 apographa,
3470 1183 3538 1246 in
3583 1184 3823 1265 quibus
3868 1206 3953 1249 ne
3997 1186 4392 1254 manifestis-

369 1292 539 1357 sima
583 1291 851 1375 quidem
894 1300 1113 1357 errata
1158 1291 1633 1377 typographica
1676 1290 2058 1356 correctoris
2103 1289 2395 1369 alicuius,
2441 1289 2550 1353 vel
2593 1290 2823 1371 primis
2861 1289 3204 1356 elementis
3247 1293 3497 1373 imbuti,
3546 1294 3766 1360 oculos
3811 1295 4206 1363 offenderint
4246 1320 4388 1364 ma-

368 1425 583 1469 nusve
623 1404 967 1469 senserint.
1059 1403 1737 1469 Amstelodamensem
1782 1402 1989 1467 solam
2043 1401 2455 1485 paucissimis
2509 1400 2766 1466 mendis
2819 1404 3201 1485 expurgatis
3259 1403 3385 1467 fide
3431 1403 3759 1487 aliquanto
3815 1409 4088 1475 caeteris
4132 1409 4388 1494 dignio—

370 1537 517 1581 rem
563 1536 707 1580 esse
752 1516 1205 1599 cognovimus,
1266 1516 1360 1579 ita
1404 1513 1664 1597 quidem
1721 1523 1800 1578 ut
1840 1514 2083 1592 editor,
2143 1516 2434 1597 quisquis
2481 1515 2591 1578 ille
2638 1516 2869 1591 fuerit,
2933 1513 3263 1578 interdum
3310 1525 3535 1580 vetera
3578 1519 3977 1602 exemplaria
4023 1521 4389 1604 inspexisse

364 1627 691 1694 videatur.
783 1628 997 1692 Bezae
1041 1648 1197 1691 vero
1252 1626 1497 1696 librum
1542 1628 1762 1710 ipsum
1806 1626 2125 1710 plurimas
2169 1626 2478 1691 lectiones
2522 1625 2832 1690 exhibere
2877 1625 3323 1691 intelleximus
3380 1647 3541 1709 quas
3586 1626 3668 1691 ab
3711 1629 4184 1713 antiquioribus
4229 1634 4389 1699 alie-

366 1761 494 1805 nas
537 1760 751 1821 neque
796 1760 1063 1804 sensum
1106 1737 1504 1804 luculentius
1549 1737 1908 1803 reddidisse
1939 1737 2200 1815 dixeris,
2246 1760 2456 1820 neque
2493 1738 2768 1820 phrasin
2804 1738 3186 1815 excoluisse,
3236 1739 3366 1802 imo
3400 1738 3781 1820 saepissime
3818 1748 4075 1807 textum
4097 1744 4386 1826 vitiasse,

365 1852 508 1917 sive
559 1850 628 1914 id
672 1870 825 1915 casu
881 1857 949 1915 et
990 1849 1395 1935 negligentia
1439 1850 1776 1929 acciderit,
1837 1850 1980 1915 sive
2038 1850 2399 1915 indust-riae
2454 1849 2626 1913 male
2682 1849 2893 1914 feriati
2953 1847 3289 1915 cuiusdam
3346 1850 3527 1914 scioli
3583 1849 3926 1931 debeatur,
3985 1854 4097 1936 qui
4137 1856 4387 1921 autoris

362 1971 661 2028 mentem
694 1963 916 2028 minus
956 1963 1119 2027 bene
1166 1971 1557 2045 assequutus
1594 1961 1715 2026 sibi
1761 1960 2154 2027 emendandi
2199 1963 2485 2027 officium
2520 1970 2767 2026 temere
2804 1961 3148 2045 arrogarit.

678 2075 935 2139 Verum
980 2076 1177 2139 etiam
1225 2074 1281 2140 si
1327 2074 1487 2139 haec
1532 2095 1663 2139 non
1709 2076 1800 2137 ita
1843 2095 1915 2138 se
1960 2073 2299 2152 haberent,
2346 2095 2450 2137 res
2491 2074 2634 2156 ipsa
2672 2073 2984 2137 monebat
3026 2080 3101 2137 ut
3145 2073 3226 2137 ad
3271 2071 3589 2139 editiones
3634 2075 3961 2158 principes
4003 2076 4382 2159 rediremus,

364 2208 535 2270 quas
579 2186 900 2253 Calvinus
940 2188 1080 2269 ipse
1123 2188 1380 2252 curavit
1424 2197 1490 2250 et
1543 2208 1661 2269 pro
1708 2185 1943 2269 quibus
1988 2185 2173 2264 solis,
2225 2185 2382 2250 dum
2426 2187 2602 2269 typis
2639 2184 3197 2265 exscriberentur,
3258 2184 3562 2251 excubias
3623 2186 3836 2270 egisse
3893 2189 4226 2270 putandus
4265 2198 4381 2255 est.

363 2299 455 2364 In
502 2299 605 2364 his
639 2306 862 2363 autem
910 2298 1374 2382 conquirendis
1410 2320 1546 2362 non
1586 2298 1814 2363 eadem
1850 2298 1966 2363 illa
2007 2298 2268 2362 fortuna
2301 2298 2406 2362 usi
2449 2318 2678 2362 sumus
2726 2320 2891 2380 quae
2928 2317 3050 2362 nos
3088 2298 3163 2361 in
3208 2298 3451 2362 maiore
3495 2318 3689 2380 opere
3723 2296 4167 2364 Institutionis
4212 2322 4387 2367 com-

363 2410 696 2495 parando,
755 2418 982 2495 utpote
1023 2411 1232 2475 multo
1275 2396 1742 2493 frequentiofe,
1801 2409 2160 2475 adiuverat.
2253 2408 2459 2474 Cuius
2504 2409 2744 2473 latinas
2785 2409 3104 2473 editiones
3149 2407 3231 2472 ad
3275 2430 3477 2473 unam
3520 2430 3746 2475 omnes
3788 2411 3914 2494 ipsi
3957 2412 4386 2495 possidemus,

365 2525 668 2588 omnium
724 2523 1108 2589 mortalium
1158 2522 1230 2587 in
1276 2523 1401 2588 hac
1443 2532 1629 2605 parte
1684 2544 1905 2588 rerum
1951 2522 2253 2586 ditissimi
2272 2573 2286 2599 ,
2337 2521 2724 2604 gallicarum
2768 2543 3020 2604 quoquc
3065 2521 3381 2603 plurimas
3436 2528 3692 2587 nostras
3733 2522 4037 2602 fecimus,
4095 2531 4387 2592 caeteras

366 2657 630 2715 omnes,
692 2644 1012 2719 quotquot
1064 2656 1356 2718 unquam
1401 2635 1732 2700 exstitisse
1776 2634 2182 2714 rescivimus,
2228 2654 2312 2695 ex
2356 2632 2557 2698 variis
2592 2633 3000 2699 bibliothecis
3044 2634 3449 2716 congessisse
3493 2633 3873 2717 gloriamur.
3962 2634 4229 2701 Minora
4271 2636 4387 2702 illa

374 2746 708 2831 opuscula,
756 2746 837 2812 de
881 2746 1118 2829 quibus
1165 2746 1270 2812 hic
1298 2747 1536 2832 agitur,
1582 2747 1795 2812 rarius
1826 2747 1957 2810 imo
1981 2744 2314 2813 rarissime
2352 2744 2613 2811 venales
2657 2754 3010 2811 occurrunt
3052 2745 3542 2827 quaerentibus,
3589 2746 3736 2811 etsi
3767 2748 4172 2812 occurrerint
4213 2768 4384 2813 non-

361 2858 499 2924 nisi
543 2879 785 2943 magno
832 2878 983 2923 aere
1029 2857 1460 2923 redimuntur.
1538 2858 1835 2940 Quorum
1873 2858 2136 2942 quidem
2176 2857 2338 2923 satis
2384 2857 2803 2940 spectabilem
2845 2858 3095 2940 copiam
3143 2876 3353 2940 neque
3389 2857 3509 2922 ulli
3552 2856 3806 2922 alienae
3841 2858 4218 2924 inferiorem
4250 2859 4383 2925 col-

360 2971 576 3053 ligere
622 2970 916 3056 contigit,
963 2972 1032 3036 in
1078 2970 1217 3036 dies
1252 2972 1452 3036 etiam
1486 2971 1676 3037 novis
1699 2969 2173 3037 accessionibus
2208 2969 2690 3054 locupletatam,
2736 2968 2850 3036 sed
2894 2970 3273 3053 neutiquam
3314 2970 3616 3060 omnibus
3663 2970 3956 3034 numeris
3993 2970 4378 3038 absolutam.

363 3085 586 3150 Maior
620 3105 774 3168 pars
809 3083 1226 3167 paucioribus
1262 3091 1521 3148 tantum
1564 3081 2044 3166 exemplaribus
2086 3090 2617 3166 repraesentatur
2655 3103 2822 3165 quae
2864 3083 2935 3147 in
2970 3081 3379 3148 bibliothecis
3419 3081 3696 3165 publicis
3740 3094 4074 3146 asservata
4116 3082 4382 3148 delites-

362 3204 555 3276 cunt,
613 3197 687 3288 in
729 3217 1007 3279 quarum
1060 3194 1317 3260 scriniis
1369 3194 1563 3260 modo
1605 3195 1783 3262 hunc
1827 3195 2019 3260 modo
2059 3194 2255 3262 illum.
2291 3194 2617 3274 libellum,
2673 3215 2993 3279 nusquam
3037 3200 3257 3260 autem
3300 3192 3463 3259 bene
3500 3194 3739 3260 multos
3785 3194 3977 3259 simul
4023 3196 4377 3260 inveneris.

366 3309 581 3376 Plura
626 3309 895 3373 omnino
941 3306 1281 3391 deperdita
1339 3306 1651 3374 videntur
1661 3332 1677 3387 ;
1723 3315 1897 3373 certe
1943 3308 2185 3373 nostris
2229 3306 2463 3385 oculis,
2522 3307 2763 3394 ubique
2815 3314 3143 3371 terrarum
3197 3314 3266 3370 et
3305 3308 3740 3389 βιβλιοπωλῶν
3783 3307 4090 3372 tabernas
4135 3314 4202 3372 et
4238 3309 4381 3390 ipsa

364 3424 767 3504 βιβλιοφίλων
807 3420 1170 3503 penetralia
1212 3419 1713 3502 explorantium,
1760 3441 1903 3486 sese
1946 3419 2031 3484 ad
2073 3419 2250 3485 hunc
2285 3419 2459 3483 diem
2502 3417 2977 3484 subduxerunt.
3068 3417 3498 3500 Quorundam
3541 3419 3810 3484 unicum
3855 3428 4114 3483 tantum
4157 3440 4379 3483 exem-

361 3534 511 3618 plar
555 3538 803 3612 exstat,
851 3532 957 3600 vel
1002 3538 1176 3597 certe
1220 3532 1407 3596 nobis
1449 3531 1752 3611 innotuit,
1800 3541 1994 3615 atque
2037 3531 2196 3597 adeo
2238 3531 2309 3595 in
2348 3537 2575 3595 nostro
2616 3530 2908 3613 ipsorum
2953 3529 3284 3610 thesauro,
3329 3532 3531 3596 etiam
3573 3532 3695 3597 hoc
3735 3531 4003 3595 nomine
4047 3552 4381 3596 commen-

363 3646 581 3712 dando
599 3697 615 3724 ,
670 3645 831 3710 talia
883 3644 1207 3709 nonnulla
1260 3644 1561 3726 reperies.
1650 3644 1797 3710 Hoc
1852 3645 2139 3709 maxime
2194 3643 2272 3708 de
2330 3642 2458 3709 illis
2515 3642 2775 3726 scriptis
2829 3641 3008 3707 valet
3064 3664 3230 3725 quae
3285 3664 3499 3726 neque
3554 3629 3887 3709 Gallasius
3941 3664 4151 3726 neque
4204 3642 4382 3707 Beza

360 3759 432 3823 in
474 3778 664 3823 suam
709 3756 1157 3823 collectionem
1201 3757 1461 3839 recepit.
1551 3754 1740 3837 Quae
1785 3777 1868 3821 ne
1911 3757 2084 3820 inter
2128 3756 2574 3839 operariorum
2618 3776 2852 3820 manus
2893 3755 3217 3838 perirent,
3262 3755 3549 3837 primum
3593 3775 3730 3819 non
3774 3757 3915 3820 sine
3957 3754 4218 3838 magnis
4253 3755 4378 3817 im-

366 3870 593 3953 pensis
638 3867 888 3935 calamo
944 3866 1370 3934 describenda
1413 3868 1823 3947 curavimus,
1881 3865 2116 3932 deinde
2157 3867 2467 3951 descripti
2512 3865 2909 3950 exemplaris
2953 3886 3103 3930 cum
3146 3865 3504 3950 archetypo
3548 3864 3924 3933 conferendi
3968 3864 4379 3929 fastidiosum

362 3983 547 4047 nobis
589 3981 883 4047 laborem
928 3980 1388 4062 imposuimus,
1449 3979 1528 4044 dc
1572 4001 1649 4045 eo
1691 3980 1882 4045 unice
1927 3979 2186 4044 solliciti
2230 3987 2308 4044 ut
2349 4001 2433 4044 ne
2470 3978 2627 4061 quid
2661 3979 2767 4045 vel
2813 3978 3092 4054 Calvino
3136 3984 3391 4056 nostr0,
3447 3978 3555 4044 vcl
3597 3987 3822 4043 nostro
3867 3975 4125 4041 saeculo
4160 3973 4377 4059 indig-

360 4115 527 4160 num
566 4114 688 4179 per
730 4114 851 4158 nos
894 4093 964 4157 in
1006 4091 1345 4175 publicum
1387 4092 1614 4157 exiret.
1703 4091 1832 4157 His
1887 4091 2130 4156 talibus
2186 4092 2360 4158 curis
2403 4098 2470 4156 et
2507 4087 2770 4169 studiis,
2829 4110 3044 4173 neque
3089 4089 3460 4172 sumptibus
3501 4097 3874 4172 parcentes,
3930 4106 4141 4170 neque
4182 4087 4380 4152 itine-

356 4228 513 4271 rum
570 4204 905 4271 molestias
960 4204 1399 4270 detrectantes
1412 4255 1429 4283 ,
1487 4202 1958 4287 percontandO,
2016 4204 2384 4283 scrutandO,
2430 4201 2798 4281 coemendo,
2843 4210 3232 4288 apparatum
3277 4201 3645 4267 literarium
3686 4200 3885 4264 talem
3929 4198 4379 4283 congessimus

354 4328 433 4383 ut
474 4317 967 4401 locupletiorem
1009 4336 1144 4381 non
1185 4317 1412 4399 possis.
1466 4313 1747 4400 Singula
1796 4315 2032 4398 quibus
2076 4314 2380 4382 subsidiis
2422 4314 2728 4381 instructi
2771 4315 3290 4381 recensuerimus
3325 4314 3394 4378 in
3438 4310 3859 4394 sequentibus
3904 4310 4225 4393 capitibus
4270 4331 4378 4376 ac-

353 4438 582 4496 curate
628 4428 1126 4507 declarabimus,
1172 4434 1239 4493 et
1280 4447 1557 4512 quorum
1600 4428 1899 4493 virorum
1942 4427 2188 4492 auxilio
2229 4428 2436 4492 adiuti
2477 4447 2839 4510 quarumve
2881 4414 3427 4493 bibliothecarum
3470 4423 3702 4507 opibus
3751 4424 3856 4488 usi
3903 4424 4114 4488 musei
4167 4421 4375 4489 nostri

351 4541 651 4608 defectus
670 4629 675 4638 .
695 4541 1239 4624 suppleverimus‚
1286 4550 1473 4624 grato
1518 4540 1734 4604 animo
1778 4560 1897 4604 suo
1940 4538 2078 4604 loco
2116 4538 2586 4622 profitebimur.

667 4654 774 4718 De
814 4651 1125 4717 methodo
1171 4647 1396 4718 nostra
1446 4652 1674 4717 critica
1716 4672 1849 4716 non
1895 4658 1995 4716 est
2039 4651 2212 4736 quod
2254 4652 2462 4717 fusius
2497 4651 2743 4715 iterum
2788 4647 3196 4732 disputemus
3250 4655 3401 4731 post
3444 4668 3522 4712 ea
3566 4669 3731 4731 quae
3775 4648 3849 4712 in
3894 4644 4372 4730 prolegomenis

345 4766 553 4850 primi
596 4751 953 4831 voluminis
998 4763 1303 4829 diximus.
1395 4763 1579 4845 Quas
1624 4764 1810 4829 nobis
1854 4763 1941 4828 ibi
1985 4764 2166 4847 leges
2209 4763 2606 4846 scripsimus
2650 4761 2730 4827 de
2775 4760 2968 4827 rebus
3012 4760 3285 4826 minoris
3329 4761 3646 4825 momenti
3691 4782 3857 4844 quae
3902 4759 3984 4824 ad
4027 4760 4371 4838 intorpun-
4476 4818 4487 4828 .

345 4877 555 4963 gendi
599 4877 925 4941 rationem
969 4883 1296 4960 spectant,
1354 4875 1437 4941 ad
1491 4883 1710 4942 errata
1754 4875 2229 4961 typographica
2283 4877 2477 4942 tacite
2534 4872 2838 4953 delenda,
2897 4872 2979 4937 ad
3019 4871 3441 4957 allegationes
3483 4874 3848 4957 scripturae
3883 4889 4102 4936 sacrae
4145 4866 4370 4933 sedulo

348 4986 863 5067 examinandas,
924 4988 1214 5071 aliasque
1261 4988 1459 5054 huius
1503 4989 1797 5073 generis,
1844 5009 1957 5054 eas
2001 4988 2111 5053 hic
2153 5003 2405 5072 quoque
2450 4986 2698 5053 dudum
2745 4985 3195 5069 comprobatas
3239 4986 3675 5065 servavimus,
3719 4985 4005 5050 maxime
4046 4985 4372 5065 quantum

348 5101 443 5168 ad
492 5097 916 5186 ὀρθογραφίαν
958 5101 1313 5184 pertinent,
1358 5099 1632 5165 latinam
1678 5099 1762 5166 ad
1805 5121 2002 5167 usum
2049 5121 2464 5168 communem
2509 5101 3008 5176 conformantes,
3056 5096 3360 5181 gallicam
3405 5095 3904 5181 diligentissime
3944 5093 4027 5157 ad
4068 5112 4371 5156 normam

345 5211 721 5281 editionum
766 5210 1135 5296 principum
1190 5211 1545 5296 exigentes.
1635 5210 1940 5294 Quarum
1994 5214 2191 5280 etiam
2251 5219 2507 5278 textum
2566 5212 2805 5295 ubique
2859 5209 3143 5275 fideliter
3198 5211 3632 5288 restituimus,
3694 5206 3823 5272 nisi
3874 5205 3988 5271 ubi
4031 5203 4369 5272 evidenter

340 5324 714 5391 mendosus
768 5331 884 5388 aut
926 5323 1325 5409 depravatus
1379 5323 1577 5387 fuerit
1628 5344 1712 5388 ex
1755 5326 2152 5409 typographi
2208 5332 2274 5391 et
2330 5324 2709 5391 correctoris
2752 5322 3179 5408 negligentia3
3225 5323 3555 5387 variantes
3610 5319 3918 5385 lectiones
3960 5339 4189 5384 omnes
4231 5316 4368 5383 edi-
