5100 6061
776 382 859 445 87
2421 372 2549 436 ΒΕ
2595 367 3140 437 CLEMENTIA
3892 356 3900 364 '
4695 368 4775 430 88

778 568 949 651 quod
990 562 1397 651 tyrannorum
1442 565 1866 640 exsecrabilis,
1924 585 1998 628 ac
2040 563 2242 627 brevis
2274 565 2548 641 potestas
2592 558 2729 623 est?

794 654 959 735 Quid
999 659 1251 718 interest
1284 656 1445 717 inter
1479 658 1814 734 tyrannum
1853 655 1998 727 [pag.
2029 654 2134 727 78]
2172 652 2228 712 et
2260 646 2510 730 reyem?
2587 644 2733 724 Spe-

782 741 909 805 cies
952 740 1112 803 enim
1156 740 1300 820 ipsa
1337 741 1644 819 fortunae,
1691 758 1764 799 ac
1807 736 2055 800 licentia
2078 755 2208 813 par
2240 737 2360 798 est.-
2403 732 2533 795 nisi
2569 731 2732 811 quod

785 826 1040 906 tyranni
1074 827 1147 888 in
1181 826 1490 904 voluptate
1525 824 1838 887 saeviunt.-
1882 840 2056 903 reyes
2091 840 2209 883 non
2246 818 2374 881 nisi
2410 836 2486 881 ev
2521 835 2732 893 causa,

786 931 860 975 ac
891 911 1258 975 necessitate.
2156 957 2159 960 .

976 994 1054 1060 Ut
1076 996 1541 1077 dispositionem
1578 995 1769 1057 huius
1809 992 2036 1073 capitis
2078 986 2419 1073 intelliyas]
2471 985 2732 1069 Operae

785 1082 1074 1164 pretium
1110 1091 1209 1145 est
1244 1082 1575 1163 superiora
1612 1081 1679 1142 16
1716 1076 2169 1159 compendium
2205 1074 2528 1156 colligere.
2593 1072 2730 1134 Ad-

788 1166 1148 1231 monendus
1192 1168 1316 1230 fuit
1358 1167 1655 1247 exemplo
1700 1165 1907 1239 Nem,
1968 1161 2425 1227 crudelitatem
2469 1158 2731 1240 regibus

790 1274 929 1317 esse
993 1254 1443 1334 perniciosam,
1515 1272 1679 1333 quac
1744 1271 1875 1314 uno
1940 1248 2190 1312 sublato
2248 1247 2433 1310 hoste
2492 1244 2732 1307 multos

790 1340 1047 1404 excitet.
1157 1338 1666 1403 Mansuetudine
1747 1344 1811 1399 et
1889 1334 2234 1398 clementia
2313 1331 2732 1396 securitatem

791 1424 1132 1489 certiorem
1191 1425 1570 1505 comparari.
1661 1424 2003 1504 Augustus
2046 1419 2115 1482 in
2163 1417 2536 1500 exemplum
2582 1436 2731 1512 pro-

789 1510 1040 1592 positus
1082 1517 1207 1587 est,
1254 1512 1364 1591 qui
1408 1509 1667 1582 iuvenis
1713 1507 1954 1583 adhuc,
2012 1516 2078 1568 et
2122 1505 2353 1569 aetatis
2396 1504 2554 1566 vitio
2598 1522 2729 1564 116·-

791 1595 1071 1671 61161168,
1119 1604 1438 1677 potestate
1484 1616 1601 1659 sua
1632 1615 1801 1656 ‘usus
1848 1600 1945 1656 est
1987 1592 2057 1655 in
2100 1591 2464 1654 multorum
2506 1587 2728 1669 perni-

791 1681 971 1744 ciem.
1040 1680 1122 1744 In
1159 1702 1309 1745 eum
1349 1689 1528 1743 ortae
1564 1679 2061 1755 coniurationes,
2108 1698 2269 1760 quas
2305 1695 2503 1758 quum
2549 1693 2728 1737 acer-

788 1768 951 1830 rime
1011 1768 1300 1849 puniret,
1357 1765 1523 1828 nihil
1578 1766 1803 1846 poenis
1856 1764 2216 1846 profectum
2278 1769 2395 1826 est.
2488 1758 2728 1857 Nullus

790 1862 1055 1916 exortus
1100 1862 1202 1916 est
1244 1858 1392 1932 post
1447 1852 1525 1915 L.
1575 1850 1825 1914 Cinnae
1867 1851 2321 1931 impunitatem
2364 1847 2475 1929 qui
2520 1846 2581 1909 ei
2623 1866 2728 1907 16-

789 1937 1150 2002 sidiaretur.
1244 1936 1396 2000 Alia
1449 1936 1680 2000 deinde
1739 1936 2171 1999 subiiciuntur
2235 1931 2535 2015 exempla
2598 1931 2727 1995 cle-

786 2025 1092 2097 mentiae,
1139 2042 1303 2103 quae
1348 2030 1610 2105 gratum
1650 2021 2200 2101 favorabilemque
2243 2020 2379 2084 suis
2421 2015 2725 2093 reddidit,

788 2130 955 2190 quae
1000 2119 1067 2171 et
1110 2108 1357 2171 viventi
1416 2108 1720 2184 salutem,
1779 2117 1845 2170 et
1894 2114 2150 2171 mortuo
2197 2107 2475 2189 gratiam
2519 2104 2728 2168 60661-

788 2194 990 2259 liavit.
1082 2194 1273 2258 Nunc
1317 2216 1397 2256 ex
1443 2194 1924 2275 comparatione
1965 2201 2164 2275 auget
2204 2191 2485 2255 Neronis
2541 2210 2728 2253 man-

790 2279 1221 2343 suetudinem.
1314 2280 1389 2344 si
1435 2281 1608 2342 euim
1656 2280 1944 2361 Augusti
1986 2279 2147 2344 vitia
2190 2299 2338 2342 cum
2378 2274 2732 2341 virtutibus

740 2361 749 2368 ’
790 2374 1177 2446 pensantur,
1246 2363 1650 2429 crudelitatis
1708 2364 1927 2428 odium
1988 2362 2504 2429 mansuetudinis
2560 2360 2732 2425 tollit

790 2450 1084 2533 gratiam.
1174 2450 1347 2514 Nero
1392 2452 1594 2533 igitur
1636 2450 1831 2534 longe
1880 2450 2389 2533 gratiosissimus
2432 2469 2574 2513 6886
2619 2446 2730 2510 de-

790 2538 916 2613 bet,
959 2537 1069 2617 qui
1116 2536 1300 2600 nulla
1345 2537 1503 2600 vitia
1550 2535 1895 2601 admiscuit
1940 2535 2307 2600 virtutibus.

968 2623 1039 2685 Si
1087 2624 1151 2685 in
1196 2628 1498 2686 certamen
1538 2619 1932 2707 iuvenilium]
1982 2620 2058 2686 Si
2103 2642 2251 2686 cum
2297 2629 2413 2684 tua
2456 2618 2732 2683 iuvenili

789 2707 1289 2772 mansuetudine
1334 2714 1759 2790 componatur
1803 2707 2085 2790 Augusti
2129 2705 2563 2779 166686616ἀο
2598 2705 2730 2769 1616

792 2793 994 2867 86618,
1052 2803 1117 2856 et
1176 2795 1407 2857 aetatis
1461 2802 1907 2875 temperatura
1958 2793 2088 2857 iam
2144 2792 2476 2856 moderati.
2569 2792 2730 2854 Am-

786 2878 1091 2961 plificatio
1137 2880 1217 2942 ab
1262 2886 1490 2943 aetate.
1574 2878 1944 2945 Senectutis
1987 2880 2248 2961 propria
2290 2887 2391 2942 est
2433 2875 2730 2941 modera-

790 2965 900 3042 tio,
948 2966 1274 3028 iuventuti
1318 2964 1636 3030 naturalis
1681 2974 1781 3030 est
1832 2963 2367 3048 intemperantia:
2425 2983 2552 3045 quo
2605 2963 2730 3024 mi-

788 3051 1058 3116 rabilius
1103 3061 1219 3128 est,
1267 3052 1571 3116 iuvenem
1619 3053 1760 3116 seni
1802 3050 2244 3116 moderatione
2289 3059 2640 3132 praestare.

964 3137 1182 3201 Fuerit
1214 3135 1592 3224 moderatus]
1642 3137 1995 3214 ConfessiO,
2033 3159 2232 3219 quum
2270 3156 2407 3199 rem
2446 3135 2733 3216 aliquam

789 3223 1235 3299 concedimus,
1296 3222 1527 3288 deinde
1584 3224 1924 3287 inferimus
1966 3222 2137 3304 quod
2183 3219 2250 3284 id
2295 3220 2470 3304 quod
2511 3220 2731 3302 posui-

789 3331 955 3385 1668,
1001 3309 1309 3372 infirmet.

964 3393 1201 3475 Nempe
1253 3401 1398 3474 post
1456 3393 1786 3458 Actiacum
1848 3414 2021 3458 mare
2119 3393 2404 3458 Multum
2477 3393 2731 3456 romani

791 3480 1129 3562 sanguinis
1175 3479 1389 3543 fusum
1427 3478 1632 3546 videri
1684 3485 1900 3561 potest
1957 3501 1995 3542 a
2080 3481 2375 3557 Actium,
2423 3499 2729 3562 promon-

790 3565 1027 3628 torium
1076 3565 1410 3630 Ambracii
1453 3566 1654 3642 sinus,
1700 3565 1811 3629 ubi
1854 3564 2097 3630 Caesar
2140 3566 2546 3648 expugnavit
2589 3565 2728 3627 An-

790 3650 1058 3714 tonium.
1169 3651 1343 3715 Nam
1400 3651 1512 3715 diu
1578 3652 1798 3733 aequis
1865 3652 2111 3716 viribus
2178 3659 2542 3735 pugnatum
2610 3658 2726 3729 est,

790 3735 1085 3818 partibus
1166 3738 1468 3819 utrinque
1546 3738 1858 3801 acerrime
1947 3737 2431 3813 dimicantibus,
2524 3736 2731 3801 110666

789 3823 1134 3905 sexaginta
1176 3821 1559 3904 Cleopatrae
1601 3844 1830 3899 naves,
1877 3844 2045 3905 quae
2088 3830 2237 3905 post
2279 3843 2554 3905 magnas
2599 3822 2728 3886 col-

782 3908 1029 3972 locatae
1066 3921 1268 3986 61661,
1307 3909 1529 3991 fugam
1565 3915 1992 3991 capessentes,
2030 3908 2175 3973 aliis
2214 3919 2528 3973 terrorem
2566 3908 2727 3971 1616-

785 3999 1031 4057 cerunt.
1123 3993 1201 4058 Si
1256 4002 1477 4058 tamen
1521 4016 1748 4058 vorum
1803 4001 1905 4059 est
1957 3993 2131 4077 quod
2187 3994 2412 4059 scribit
2460 3993 2727 4058 Plutar-

784 4079 976 4158 61168,
1036 4101 1116 4143 ex
1166 4081 1561 4144 Antonianis
1616 4101 1745 4142 non
1804 4101 2002 4161 supra
2058 4082 2345 4162 quinque
2400 4079 2608 4143 millia
2652 4101 2728 4144 eo

783 4165 1028 4247 praelio
1073 4167 1532 4231 occubuerunt.
1601 4163 2047 4245 Quamobrem
2092 4168 2332 4229 mirum
2379 4177 2477 4230 est
2521 4165 2727 4230 Sene-

785 4272 924 4314 cam
986 4250 1168 4316 clade
1226 4251 1381 4315 belli
1425 4251 1871 4334 Philippensis
1921 4253 2411 4333 praetermissa,
2469 4252 2538 4314 16
2600 4272 2729 4332 qua

782 4337 902 4401 flos
948 4357 1258 4400 romanae
1313 4337 1665 4402 nobilitatis
1722 4337 1995 4414 interiit,
2055 4337 2224 4401 hanc
2278 4337 2465 4419 quasi
2521 4338 2727 4420 insig-

784 4443 935 4486 nem
981 4443 1533 4488 commemorasse.

958 4506 1109 4571 Post
1147 4509 1386 4589 fractas
1428 4510 1497 4572 in
1547 4508 1771 4584 Sicilia
1814 4507 2073 4594 classes]
2123 4509 2272 4573 Non
2311 4516 2556 4572 temere
2594 4508 2725 4573 ullo

782 4593 951 4657 bello
996 4599 1115 4657 aut
1156 4593 1349 4675 plura
1393 4606 1507 4657 aut
1549 4597 1793 4658 maiora
1836 4595 2124 4677 pericula
2164 4592 2324 4658 adiit
2357 4596 2723 4678 AugustuS,

781 4680 999 4761 inquit
1041 4679 1492 4760 Tranquillus,
1538 4702 1732 4762 quam
1778 4681 1945 4767 116110
1990 4679 2210 4745 Siculo
2256 4689 2484 4745 contra
2526 4680 2724 4744 Pom-

780 4767 1018 4848 peium.
1111 4765 1229 4828 Bis
1293 4767 1467 4829 enim
1523 4767 1792 4831 classem
1859 4767 2354 4847 tempestatibus
2421 4767 2724 4829 obrutam

784 4852 1015 4914 amisit.
1108 4850 1314 4932 quue
1358 4873 1475 4933 per
1519 4860 1849 4928 aestatem,
1903 4860 1977 4915 ut
2021 4852 2317 4916 scribunt
2358 4851 2616 4916 Plinius
2661 4859 2727 4915 et

782 4936 1141 5019 Appianus.
1206 4940 1350 5020 [pag.
1379 4943 1484 5016 79]
1524 4939 1897 5019 Oppressus
1933 4958 1970 5000 a
1994 4936 2386 5003 Democrate
2422 4951 2488 5001 et
2522 4937 2726 5020 Apol-

780 5022 1064 5104 lophane
1108 5023 1405 5104 Pompeii
1449 5023 1821 5105 praefectis,
1880 5043 2072 5105 aegre
2126 5045 2257 5087 uno
2313 5024 2578 5106 navigio
2633 5023 2724 5086 ef-

778 5107 964 5189 fugit.
1056 5109 1182 5173 His
1227 5110 1488 5190 quidem
1537 5107 2029 5172 difficultatibus
2083 5110 2421 5191 superavit
2471 5108 2725 5174 11081616

775 5213 906 5255 606
956 5193 1296 5258 incruenta
1334 5194 1617 5259 victoria.
1687 5190 1844 5257 Ideo
1888 5191 2140 5258 Seneca
2182 5192 2340 5259 dicit
2374 5203 2522 5277 post
2556 5195 2725 5260 frac-

778 5292 882 5343 tas
928 5279 1166 5343 classes
1204 5289 1269 5344 et
1313 5301 1463 5344 8668
1503 5289 1568 5343 61
1604 5279 1865 5343 6116668.

3013 557 3190 624 Post·
3213 558 3563 624 Perusinas
3618 557 3799 646 aras]
3858 556 3964 622 De
4021 557 4189 622 bello
4247 559 4570 623 Perusino
4626 554 4778 620 alibi

2839 646 3084 711 dictum
3130 653 3258 723 est,
3314 645 3484 729 quod
3539 645 3850 711 adversus
3897 645 4183 708 Lucium
4229 644 4586 709 Antonium
4634 663 4776 706 sus-

2837 733 3012 814 cepit
3055 732 3423 815 Augustus:
3467 731 3901 796 rebellaverat
3941 731 3997 794 is
4041 738 4109 793 et
4148 730 4465 795 instinctu
4500 729 4776 793 Fulviae

2838 818 3101 882 audacis
3144 817 3473 893 mulieris,
3521 826 3588 880 et
3626 816 3866 881 fiducia
3908 816 4312 892 consulatus,
4372 836 4565 896 quem
4624 823 4774 881 tunc

2837 902 3121 987 gerebat.
3212 903 3505 968 Accessit
3555 904 3832 967 occasio:
3900 903 4054 983 quia
4112 900 4468 965 multitudo
4522 921 4773 984 posses-

2836 989 3128 1054 sionibus
3179 989 3314 1054 suis
3370 988 3617 1053 deiecta
3670 988 4081 1079 axveteranis
4134 987 4486 1060 militibus,
4545 986 4774 1068 quibus

2837 1075 2980 1157 agri
3024 1075 3338 1157 assignati
3393 1084 3609 1151 erant,
3665 1073 3954 1156 undique
4008 1073 4089 1138 ad
4143 1095 4295 1137 eum
4349 1073 4670 1139 confluxit
4710 1083 4774 1136 et

2836 1161 3294 1243 imperatorem
3362 1161 3689 1224 salutavit.
3791 1158 4083 1224 Collecta
4158 1180 4360 1222 manu
4440 1159 4774 1241 occupavit

2836 1247 3193 1310 Hetruriae
3249 1246 3477 1310 urbem
3536 1246 4095 1328 opulentissimam
4149 1246 4519 1310 Perusiam:
4577 1266 4772 1327 quam

2836 1332 3006 1396 vallo
3080 1341 3145 1395 et
3209 1333 3384 1396 fossa
3449 1334 3779 1397 obsessam
3828 1334 4169 1414 Augustus
4235 1330 4318 1395 ad
4384 1330 4772 1394 deditionem

2836 1418 3162 1499 compulit.
3268 1418 3454 1481 Haec
3516 1419 3736 1481 omnia
3813 1418 4065 1499 copiose
4143 1417 4314 1499 apud
4381 1417 4772 1498 Appianum.

2836 1503 2973 1568 Cur
3017 1514 3237 1567 autem
3278 1504 3633 1568 Perusinas
3678 1525 3826 1568 aras
3871 1504 3978 1567 hic
4022 1501 4276 1567 Seneca
4318 1503 4768 1581 nominaverit,

2835 1591 3246 1672 cognoscitur
3310 1610 3392 1652 ex
3450 1589 3846 1671 Tranquillo
3940 1587 4252 1654 Scribuut
4316 1587 4611 1671 quidam,
4677 1590 4773 1652 in-

2835 1675 2991 1759 quit,
3039 1681 3363 1743 trecentos
3400 1673 3830 1740 ex‘dedititiis
3865 1675 4101 1740 electos
4146 1676 4487 1756 utriusque
4527 1672 4773 1738 ordinis

2833 1759 2915 1824 ad
2960 1781 3138 1824 aram
3186 1760 3334 1825 divo
3378 1761 3549 1825 Iulio
3594 1771 3991 1825 exstructam
4009 1812 4022 1837 ,
4079 1760 4306 1825 Idibus
4351 1759 4611 1824 Martiis
4658 1760 4771 1823 110-

2828 1847 3102 1911 stiarum
3147 1867 3328 1911 more
3371 1854 3704 1913 mactatos.

3006 1933 3095 1995 Et
3105 1931 3619 2019 proscriptiones]
3660 1934 3844 1997 Bene
3876 1933 4209 1997 Iuvenalis
4237 1932 4644 1997 Triumviros
4667 1954 4771 1997 vo-

2832 2028 2938 2083 cat
2982 2017 3332 2099 discipulos
3377 2018 3434 2084 S¹
3479 2019 3603 2083 llae
3648 2020 3728 2082 ob
3770 2020 4289 2101 proscriptiones.
4377 2018 4565 2082 Nihil
4602 2018 4772 2082 enim

2833 2124 3122 2186 unquam
3168 2104 3407 2169 horren
3455 2127 3569 2169 um
3613 2107 3823 2189 magis
3866 2106 4114 2169 Romae
4157 2106 4373 2170 visum
4417 2112 4533 2178 est,
4581 2126 4811 2188 quamg

2834 2198 2968 2254 tres
3012 2190 3157 2253 illas
3202 2190 3428 2255 beluas
3477 2192 3546 2253 in
3590 2192 3727 2255 foro
3781 2190 4108 2266 sedentes,
4168 2211 4391 2254 omnes
4442 2192 4554 2272 qui
4612 2191 4770 2256 divi-

2833 2276 2972 2352 tiis,
3020 2275 3299 2353 honore,
3349 2277 3649 2341 amicitiis
3699 2276 4045 2358 pollerent,
4090 2278 4479 2345 nominatim
4525 2275 4610 2341 ad
4661 2299 4770 2342 ne-

2835 2382 2974 2427 cem
3021 2360 3378 2439 destinare,
3436 2382 3558 2425 nec
3599 2364 3774 2426 viros
3829 2372 4121 2439 tantum,
4181 2362 4324 2441 sed,
4380 2360 4553 2444 quod
4598 2363 4768 2429 dictu

2834 2446 3096 2511 foedum
3153 2458 3280 2525 est,
3338 2450 3535 2511 etiam
3589 2448 3910 2513 mulieres.
4002 2442 4317 2513 Octavius
4362 2470 4519 2514 vero
4574 2472 4770 2532 quum

2836 2531 3234 2615 aliquamdiu
3305 2534 3570 2617 collegis
3635 2532 3983 2599 restitisset
4047 2555 4132 2598 ne
4197 2557 4326 2617 qua
4394 2537 4769 2618 proscriptio

2835 2621 3052 2695 fieret,
3120 2620 3450 2701 inceptam
3516 2630 3791 2702 utroque
3856 2619 4151 2686 acerbius
4207 2620 4515 2685 exercuit.
4606 2622 4770 2703 Aliis

2834 2726 2952 2787 per
3011 2706 3289 2788 gratiam
3345 2716 3410 2769 ct
3464 2727 3686 2788 preces
3746 2706 4212 2782 exorabilibus,
4270 2706 4445 2771 solus
4501 2728 4771 2791 magno·

2835 2811 2988 2872 pere
3032 2791 3382 2869 contendit,
3429 2814 3512 2856 ne
3547 2794 3650 2857 cui
3685 2802 4079 2874 parceretur.
4145 2792 4540 2875 Proscripsit
4575 2796 4771 2857 etiam

2836 2877 2908 2941 0.
2958 2877 3315 2941 Toranium
3363 2887 3639 2943 tutorem
3696 2900 3902 2943 suum.
3994 2879 4218 2942 Marco
4262 2878 4514 2959 Lepido
4561 2882 4627 2943 in
4673 2901 4769 2945 se-

2837 2972 2999 3026 natu
3054 2964 3409 3046 praeterita
3461 2972 3842 3042 excusante,
3901 2976 3968 3027 et
4020 2985 4203 3046 spem
4263 2964 4647 3030 clementiae
4705 2967 4771 3029 in

2833 3057 3165 3132 posterum
3206 3049 3497 3128 faciente,
3543 3052 3848 3133 quoniam
3884 3051 4042 3115 satis
4080 3072 4435 3132 poenarum
4472 3063 4771 3117 exactum

2835 3146 3032 3212 esset,
3081 3136 3409 3217 professus
3455 3149 3555 3201 est
3597 3137 3688 3198 ita
3730 3135 4012 3199 modum-
4040 3157 4108 3200 se
4153 3138 4602 3220 proscribendi
4643 3149 4769 3203 sta-
4801 3187 4806 3212 ,

2835 3221 3056 3298 tuisse,
3103 3228 3180 3284 ut
3223 3223 3442 3286 omnia
3480 3223 3878 3302 relinqueret
3920 3222 4043 3286 sibi
4084 3222 4308 3287 libera.

3007 3305 3180 3371 Haec
3214 3314 3301 3371 est
3341 3307 3577 3373 Caesar
3609 3306 3922 3372 clementia
3952 3306 4125 3395 vera]
4176 3310 4456 3393 Augusti
4493 3310 4769 3374 clemen-

2833 3393 2943 3468 tia,
2981 3393 3381 3474 poenitentia
3415 3394 3539 3458 fuit
3574 3392 3975 3458 crudelitatis
4011 3404 4079 3458 et
4112 3396 4438 3460 saevitiae.
4494 3396 4598 3460 Ea
4619 3417 4770 3462 vero

2834 3498 3029 3574 quam
3071 3489 3391 3560 praestaS,
3439 3480 3620 3544 nulla
3665 3479 4002 3563 sanguinis
4046 3480 4304 3545 macula
4348 3501 4612 3562 aspersa
4653 3491 4768 3559 est,

2832 3564 3140 3646 provenit
3192 3587 3273 3629 ex
3321 3566 3661 3630 verissima
3711 3566 3910 3630 animi
3967 3567 4431 3650 temperantia,
4486 3575 4554 3631 et
4608 3569 4770 3633 cari-

2833 3658 2965 3713 tate
3010 3671 3140 3732 qua
3183 3651 3547 3717 humanum
3591 3673 3801 3735 genus
3844 3651 4302 3734 complecteris.

3012 3735 3309 3801 Priorum
3322 3739 3685 3819 principum
3722 3740 4029 3820 corruptis
4061 3737 4387 3825 exemplis]
4429 3740 4606 3804 Ante
4642 3740 4705 3803 N
4705 3761 4769 3803 6-

2833 3843 3063 3887 ronem
3120 3823 3480 3906 imperabat
3534 3822 3847 3889 Claudius
3865 3874 3878 3900 ,
3925 3823 4276 3889 Claudium
4332 3835 4770 3907 praecesserat

2835 3907 2907 3973 0.
2947 3906 3266 3992 Caligula,
3305 3908 3674 3993 Caligulam
3707 3909 4022 3974 Tiberius.
4083 3912 4190 3975 Ex
4227 3911 4463 3994 quibus
4500 3910 4574 3994 C.
4598 3911 4771 3976 Cali-

2834 3993 2989 4077 gula
3018 3995 3348 4060 ferocitate
3381 4003 3447 4059 et
3482 3996 3892 4078 impatientia
3928 3996 4211 4061 ardebat.
4255 3997 4555 4062 Tiberius
4589 3998 4769 4080 quasi

2833 4080 3089 4162 publico
3113 4081 3384 4145 humani
3453 4081 3669 4146 eneris
3691 4080 3836 4144 odio
3872 4102 4100 4147 causas
4124 4082 4432 4147 saevitiae
4455 4083 4574 4147 sibi
4599 4104 4769 4148 com-

2834 4166 3315 4232 miniscebatur.
3465 4166 3723 4230 laudius
3778 4189 3908 4231 606
3963 4176 4096 4231 1616
4139 4169 4405 4232 60681110
4448 4169 4766 4251 peccabat,

2833 4273 3027 4333 quam
3051 4252 3404 4317 stoliditate
3441 4261 3508 4317 et
3542 4253 3806 4335 ignavia
3828 4275 3958 4336 qua
3979 4253 4196 4318 liberti
4219 4254 4302 4318 ad
4325 4254 4770 4319 crudelitatem·

2834 4339 3284 4416 abutebantur,
3329 4339 3629 4421 quamvis
3666 4347 3838 4402 essct
3869 4349 4097 4422 suopte
4129 4341 4778 4424 ingeniosanguina-

2832 4425 2988 4487 rius,
3058 4423 3408 4489 Omnes·id
3442 4424 3800 4489 atrocitatis
3836 4426 3995 4501 ausi,
4030 4424 4200 4508 quod
4235 4428 4477 4491 referre
4510 4448 4638 4491 non
4672 4434 4770 4491 est

2832 4529 3012 4590 opus,
3051 4508 3161 4573 ubi
3198 4512 3261 4573 in
3303 4517 3608 4593 promptu
3645 4519 3802 4574 sunt
3824 4511 4246 4592 Tranquillus
4278 4520 4343 4577 et
4365 4512 4651 4590 Tacitus,
4688 4533 4770 4576 ex

2831 4594 3065 4676 quibus
3120 4604 3302 4677 petet
3355 4596 3557 4661 lector
3612 4617 3776 4679 quae
3830 4595 3913 4660 ad
3968 4597 4146 4662 11666
4201 4603 4347 4676 [pag.
4394 4603 4503 4677 80]
4561 4598 4771 4662 106661

2875 4682 3178 4745 ertinent.
3943 4739 3948 4744 .

2832 4702 2873 4763 p
3009 4766 3392 4832 Praestitisti
3419 4765 3681 4853 Caesar]
3708 4768 3788 4831 In
3814 4770 3990 4833 hunc
4013 4791 4281 4833 sensum
4303 4771 4549 4854 accipe:
4585 4770 4771 4854 prae:

2831 4853 3074 4931 stit-isti,
3115 4851 3376 4931 Caesar,
3415 4853 3747 4918 civitatem
3782 4856 4208 4919 incruentam.
4300 4855 4531 4938 Neque
4568 4858 4634 4921 id
4670 4878 4770 4921 so-

2829 4938 2987 5015 lum,
3035 4937 3147 5003 sed
3193 4939 3390 5002 ctiam
3429 4939 3827 5021 praestitisti,
3873 4940 4045 5022 quod
4091 4962 4325 5023 magno
4371 4942 4591 5007 auimo
4634 4942 4770 5027 glo-

2830 5025 3036 5088 riatus
3082 5046 3151 5088 es
3196 5025 3446 5089 nullam
3492 5025 3737 5090 scilicet
3780 5036 3842 5090 te
3888 5026 4131 5089 stillam
4175 5026 4450 5092 humani
4507 5029 4769 5113 sangui—

2830 5111 2934 5173 nis
2989 5110 3260 5174 misisse.
3361 5111 3439 5175 Id
3506 5113 3681 5174 enim
3737 5112 3903 5176 forte
3957 5111 4270 5195 gloriatus
4327 5114 4542 5180 fuerat
4593 5115 4769 5180 Nero

2830 5205 2944 5260 aut
2987 5197 3055 5259 in
3092 5206 3343 5276 senatu,
3389 5193 3504 5262 aut
3545 5198 3615 5261 in
3658 5199 3963 5262 concione
4008 5197 4089 5262 ad
4126 5199 4453 5281 populum.

3008 5282 3182 5363 Quod
3225 5303 3291 5347 co
3333 5284 3543 5348 maius
3588 5281 3704 5369 est]
3755 5285 4045 5348 Rursum
4082 5284 4495 5367 amplificatio
4539 5286 4622 5350 ab
4663 5306 4770 5350 ae-
