5100 6061
357 437 480 498 3i1

358 621 528 686 turis
574 619 900 684 tribuitur.
989 618 1161 683 Nam
1206 617 1510 684 Christus
1553 641 1671 702 per
1715 620 1981 703 spiritus
2028 620 2128 685 sui
2178 619 2307 684 vir-

357 715 566 772 tutem
590 704 904 789 quidquid
940 726 1215 787 usquam
1239 715 1339 769 est
1374 705 1524 769 boni
1553 717 1879 789 operatur.
1930 705 2060 771 Per
2089 707 2132 787 1)
2171 725 2309 771 eam

356 794 520 877 aqit,
578 793 868 871 sustinet,
912 795 1172 874 veqetat,
1229 791 1505 872 vivificat
1561 793 1801 856 omnia:
1843 812 1967 872 per
2008 813 2152 856 eam
2195 811 2310 858 nos

355 877 676 959 iustificat,
712 876 1077 958 sanctificat,
1123 897 1322 958 expwr
1360 882 1442 956 at,
1488 877 1572 942 ad
1605 898 1735 943 sese
1771 882 1939 942 vocat
1980 898 2054 943 ac
2098 877 2306 955 trahit,

355 970 427 1029 ut
447 964 710 1030 salutem
736 961 1198 1044 consequamur.
1284 899 1508 1045 lqtaque
1548 965 1816 1045 spiritus
1847 969 2117 1042 sanctus,
2159 963 2309 1027 dum

357 1051 428 1115 in
471 1050 647 1115 nobis
692 1049 778 1114 ad
820 1049 978 1114 hunc
1021 1048 1271 1114 modum
1313 1048 1567 1126 habitat,
1612 1051 1673 1115 is
1717 1051 1949 1132 estqui
1986 1049 2161 1114 nobis
2194 1069 2308 1113 suo

358 1136 596 1201 lumine
627 1134 849 1213 illucet,
881 1155 998 1216 quo
1032 1135 1351 1200 discamus
1372 1140 1428 1200 et
1431 1135 1630 1215 plane
1663 1155 2086 1219 aquoscamus,
2120 1155 2309 1216 quam

361 1223 664 1306 inqentem
703 1222 959 1287 divinae
1011 1221 1300 1286 bonitatis
1335 1221 1710 1302 opulentiam
1765 1222 1834 1286 in
1892 1219 2134 1286 Christo
2166 1241 2312 1301 pos-

357 1302 697 1373 sideamus.
767 1307 970 1373 Corda
1005 1311 1217 1371 nostra
1261 1308 1530 1371 incendit
1563 1308 1788 1372 ardore
1829 1308 2136 1386 caritatis,
2179 1312 2311 1369 tum

357 1393 508 1473 Dei,
551 1398 681 1457 tum
706 1395 1011 1475 proximi,
1057 1394 1379 1476 mayisque
1423 1395 1493 1458 in
1535 1393 1669 1458 dies
1712 1394 1984 1475 excoquit
2019 1399 2071 1456 et
2106 1392 2312 1456 ecc-urit

358 1480 881 1562 W²⁰upi⁸⁶⁰⁷²tiae
924 1485 1172 1546 nostrae
1215 1479 1384 1558 ωιτη
1429 1483 1513 1557 “t’
1560 1481 1620 1544 Si
1664 1501 1792 1562 qua
1835 1484 1981 1544 sunt
2015 1480 2091 1570 ‘in
2137 1477 2310 1542 ”oms
2359 1471 2363 1608 Ξ
2413 1551 2590 1611 munt
2641 1567 2716 1612 ac
2776 1545 3059 1610 laborant
3143 1546 3364 1627 hocque
3409 1549 3645 1629 peccati
3698 1549 3837 1613 odio
3891 1571 3963 1614 ac
4006 1552 4360 1631 confusione

359 1566 520 1631 bona
584 1586 767 1647 ope-ra
786 1617 800 1645 ,
861 1565 1106 1646 fructus
1169 1567 1295 1629 sint
1355 1567 1600 1648 cratiae
1655 1567 1861 1648 ipsius
1920 1586 1992 1630 ac
2044 1564 2310 1628 virtutis.

365 1652 636 1717 'Nostrae
669 1673 811 1716 vero
845 1651 980 1717 sine
1013 1653 1151 1734 ipso
1185 1651 1366 1730 doteS,
1411 1653 1630 1716 mentis
1666 1657 1813 1716 sunt
1847 1651 2138 1727 tenebrae,
2184 1670 2311 1714 cor-

357 1739 584 1820 disque
615 1739 1015 1820 perversitas.

360 1914 640 1998 Credo
750 1935 1125 1997 sanctam
1233 1913 1668 1997 ecclesiam
1786 1911 2310 2017 catholicam,

714 2048 1194 2117 sanctorum
1256 2035 1944 2117 communionem.

542 2183 823 2248 Fontem
864 2184 1039 2249 unde
1074 2184 1349 2250 ecclesia
1381 2184 1672 2262 scaturit,
1709 2185 1841 2247 iam
1875 2180 2309 2264 inspeximus:

362 2290 530 2352 quae
587 2270 776 2334 nobis
830 2270 953 2334 hoc
996 2270 1136 2337 loco
1195 2269 1519 2336 credenda
1564 2269 1947 2353 proponitur
2005 2267 2076 2331 in
2131 2266 2308 2330 hunc

360 2357 593 2434 finem,
655 2362 728 2419 ut
774 2356 1178 2421 confidamus
1236 2356 1619 2422 universum
1678 2354 2030 2420 electorum
2075 2372 2307 2416 nume-

362 2462 542 2519 rum,
604 2461 720 2522 per
763 2442 916 2507 fidei
959 2442 1298 2509 vinculum
1341 2443 1415 2506 in
1457 2462 1652 2506 unam
1695 2440 1866 2507 coire
1910 2439 2227 2504 ecclesiam
2249 2437 2306 2520 ⁶²)

2024 428 2697 500 OA'rEGmsMUS.

4238 435 4361 495 342

2617 624 2890 708 Credo
2953 623 3530 709 remissionem
3594 641 4151 738 peccatorum.

2586 773 2735 855 Quo
2770 773 3196 839 fundamento
3236 775 3533 841 consistit
3567 775 3963 859 suffultaque
3999 787 4099 843 est
4134 787 4361 843 nostra

2414 859 2610 925 salus.
2687 860 2946 942 Quando
2972 862 3020 943 ¹)
3039 865 3437 942 peccatorum
3467 862 3752 927 remissio
3784 864 3892 928 via
3924 870 4028 943 est,
4076 868 4219 943 [pag.
4249 870 4355 942 31]

2412 965 2538 1026 qua
2569 945 2657 1010 ad
2691 944 2899 1010 Deum
2937 946 3278 1025 accedatur,
3324 948 3492 1012 ratio
3523 968 3689 1030 quae
3723 969 3842 1013 nos
3879 951 3945 1013 in
3978 951 4116 1015 eius
4152 970 4357 1035 reguo

2413 1032 2631 1095 retinet
2673 1051 2747 1095 ac
2802 1036 3022 1095 tuetur.
3111 1029 3450 1114 Siquidem
3503 1041 3922 1116 peccatorum
3978 1035 4357 1101 remissione

2413 1117 2786 1182 continetur
2821 1117 3032 1181 omnis
3067 1117 3362 1182 fidelium
3397 1119 3677 1184 iustitia:
3724 1141 3920 1201 quam
3954 1143 4358 1205 consequun-

2415 1211 2523 1267 tur
2570 1223 2701 1266 non
2747 1201 2886 1266 ullo
2942 1223 3059 1267 suo
3115 1203 3377 1281 merito,
3437 1203 3551 1270 sed
3606 1226 3739 1269 una
3783 1205 4051 1272 Domini
4106 1208 4359 1272 miseri-

2413 1288 2635 1354 cordia
2651 1341 2666 1367 ,
2725 1288 2877 1352 dum
2906 1294 3300 1370 peccatorum
3342 1311 3600 1354 suorum
3643 1294 4013 1357 conscientia
4058 1296 4357 1375 oppressi,

2415 1375 2668 1456 afflicti,
2714 1379 2769 1439 et
2811 1374 3082 1456 confusi,
3128 1376 3335 1438 divini
3376 1375 3601 1440 iudicii
3643 1397 3833 1441 sensu
3876 1385 4356 1456 consternantur,

2413 1462 2654 1542 sibique
2706 1460 2871 1543 ipsis
2910 1459 3263 1539 displicent,
3308 1465 3362 1524 et
3404 1462 3566 1527 velut
3609 1462 3722 1526 sub
3753 1466 3937 1547 yravi
3961 1466 4232 1546 pondere
4260 1484 4359 1548 ye-

2414 1653 2664 1698 carnem
2697 1652 2897 1711 suam,
2944 1651 3017 1696 ac
3051 1632 3364 1714 quidquid
3398 1654 3475 1697 ex
3509 1654 3574 1697 se
3609 1639 3698 1698 est
3738 1636 4122 1716 mortificant.
4192 1635 4358 1701 Cae·

2414 1727 2630 1782 terum
2687 1725 2761 1782 ut
2814 1718 3169 1801 gratuitam
3220 1725 3634 1800 peccatorum
3678 1723 4127 1788 remissionem
4174 1723 4358 1787 nobis

2415 1803 2718 1868 Christus
2762 1813 3189 1886 compararet,
3241 1825 3387 1869 eam
3432 1805 3769 1889 sanguinis
3823 1809 3923 1871 sui
3968 1809 4174 1890 pretio
4219 1808 4359 1891 ipse

2415 1889 2708 1966 redemit,
2753 1889 2823 1952 in
2868 1910 2995 1972 quo
3042 1891 3416 1954 universam
3461 1910 3687 1955 eorum
3722 1891 4247 1959 emundationem
4285 1915 4359 1960 ac

2359 1985 2364 2052 1
2413 1976 2918 2040 satisfactionem
2941 1995 3252 2058 quaerere
3289 1975 3615 2040 debemus.
3679 1977 4010 2043 Docemur
4032 2000 4184 2062 ergo
4222 2001 4359 2045 cre-

2415 2060 2598 2140 dere,
2660 2061 2885 2125 divina
2942 2060 3359 2140 liberalitate,
3420 2062 3863 2128 intercedente
3920 2064 4168 2130 Christi
4223 2087 4359 2130 me-

2412 2149 2557 2225 ritc,
2607 2154 3017 2230 peccatorum
3062 2147 3511 2212 remissionem
3546 2169 3621 2215 ac
3656 2151 3939 2233 gratiam
3976 2150 4162 2216 nobis
4196 2152 4357 2228 fieri,

2409 2234 2522 2315 qui
2559 2234 2630 2297 in
2672 2233 2979 2300 ecclesiae
3016 2253 3248 2315 corpus
3285 2233 3469 2299 asciti
3523 2240 3588 2297 et
3622 2235 3853 2299 inserti
3892 2258 4132 2301 sumus.
4193 2237 4360 2301 Nul-

2411 2318 2543 2382 lam
2591 2340 2744 2383 vero
2789 2327 3200 2402 peccatorum
3244 2319 3697 2384 remissionem
3742 2329 3856 2386 aut
3898 2321 4190 2399 aliunde,
4249 2331 4362 2386 aut

2412 2405 2549 2469 ulla
2593 2404 2720 2470 alia
2765 2406 3035 2483 ratione,
3080 2412 3195 2469 aut
3238 2405 3382 2469 aliis
3420 2404 3579 2469 dari.
3650 2404 3932 2486 Quando
3969 2416 4159 2472 extra
4194 2409 4362 2473 hanc

1875 2526 1885 2537 -
2197 2527 2303 2600 30]
2356 2531 2360 2592 3
2411 2491 2747 2557 ecclesiam
2771 2500 2838 2557 et
2859 2500 3231 2557 sanctorum
3267 2492 3794 2557 communionem
3829 2493 4010 2557 nulla
4034 2505 4134 2558 est
4168 2495 4360 2561 salus.

2356 2599 2361 2622 »

362 2548 436 2593 ac
473 2532 847 2606 societatem,
901 2549 1212 2610 unumque
1250 2528 1381 2592 Dei
1411 2528 1744 2611 populum,
1785 2547 1965 2592 cuius
2010 2530 2156 2604 [pag.

367 2612 663 2679 Christus
701 2614 997 2679 dominus
1043 2620 1248 2680 noster
1289 2614 1423 2678 dux
1461 2616 1545 2679 sit
1589 2619 1643 2678 et
1673 2614 2000 2695 princeps,
2060 2631 2152 2690 ac⁵
2174 2615 2309 2675 tan-

362 2719 555 2782 quam
594 2700 789 2764 unius
829 2702 1103 2781 corporis
1145 2705 1356 2782 caput:
1380 2705 1575 2782 prout
1611 2702 1678 2763 in
1713 2700 1868 2779 ipso,
1913 2702 2051 2762 ante
2083 2695 2307 2761 mundi

362 2785 852 2851 constitutionem
865 2835 880 2863 ,
936 2792 1079 2851 sunt
1122 2788 1319 2865 electi,
1374 2791 1444 2850 ut
1499 2788 1566 2850 in
1611 2786 1736 2850 Dei
1794 2803 2050 2868 regnum
2103 2802 2308 2847 omnes

362 2877 869 2955 ayqreyarentur.
956 2873 1132 2938 Haec
1183 2879 1388 2938 autem
1441 2873 1700 2938 societas
1752 2870 2052 2936 catholica
2094 2874 2198 2949 est,
2239 2868 2308 2932 id

364 2962 453 3022 est
495 2958 895 3038 universalis,
941 2961 1096 3041 quia
1130 2967 1270 3024 non*
1294 2960 1457 3025 duas
1485 2964 1596 3024 aut
1633 2963 1757 3022 tres
1792 2957 2066 3022 invenire
2104 2955 2308 3020 liceat.-

380 3044 612 3108 Verum
669 3044 835 3109 electi
887 3044 1012 3110 Dei
1065 3048 1156 3111 sic
1214 3067 1419 3111 omnes
1477 3048 1548 3112 iu
1597 3044 1841 3111 Christo
1896 3043 2204 3107 uniuntur
2255 3045 2309 3107 et

2521 2667 2796 2752 Credo
2860 2669 3130 2750 carnis
3193 2668 3936 2772 resurrectionem,
4002 2670 4263 2752 vitain

3156 2804 3607 2872 aeternam.

2582 2937 2712 3004 Ubi
2756 2939 3041 3021 primum
3079 2937 3157 3002 de
3193 2937 3450 3001 futurae
3487 2938 3979 3003 resurrect-ionis
4025 2951 4358 3023 exspecta-

2411 3025 2587 3090 tione
2645 3022 2981 3089 docemur:
3047 3023 3341 3089 futurum
3401 3023 3675 3103 scilicet,
3747 3033 3823 3089 ut
3877 3025 3986 3107 qui
4045 3036 4197 3091 ante
4243 3048 4357 3092 ex-

361 3130 812 3209 mdunantwr,
856 3137 925 3196 ut
956 3133 1468 3213 quemadmodum
1509 3133 1588 3197 ab
1628 3151 1751 3196 ,mo
1793 3131 1992 3210 capite
2022 3128 2309 3209 pendent,
2357 3126 2363 3193 ι
2413 3118 2699 3176 tremum
2742 3108 2962 3209 iudicii
3006 3109 3178 3174 diem
3214 3117 3425 3173 morte
3464 3109 3792 3209 absumpti
3829 3112 4088 3191 fuerint,
4134 3135 4357 3213 eorum

363 3218 457 3281 aa
499 3217 571 3280 in
615 3238 811 3279 mmm
855 3219 1013 3283 velut
1056 3239 1279 3301 corpus
1321 3220 1682 3295 coalescant,
1725 3238 1801 3282 ea
1842 3218 2005 3279 inge,-
2048 3235 2114 3278 33
2156 3233 2310 3279 com.
2357 3204 2363 3281 1,
2414 3218 2678 3262 carnem
2718 3197 3042 3263 Dominus
3100 3195 3357 3275 eadem,
3414 3217 3543 3280 qua
3586 3196 3796 3261 filium
3841 3219 3880 3261 a
3923 3210 4198 3264 mortuis
4243 3222 4357 3265 ex-

353 3301 666 3383 positione
717 3304 1125 3383 cohaerentes,
1180 3325 1306 3386 qua
1357 3304 1633 3369 eiusdem
1688 3303 1966 3384 corporis
2020 3301 2308 3377 membra,
2359 3294 2362 3381 ἶ
2461 3370 2473 3383 ,
3322 3368 3335 3381 .
3834 3370 3846 3382 .

2359 3394 2362 3405 ⁴
2417 3377 2622 3435 vitam
2666 3376 2944 3434 revocet.
3010 3368 3180 3433 Nam
3227 3389 3339 3451 qui
3383 3375 3522 3433 tum
3567 3377 3951 3450 superstites
3997 3369 4357 3453 deprehen-

2413 3454 2685 3531 dentur,
2747 3455 2964 3520 subita
3017 3455 3227 3539 magis
3270 3455 3753 3534 immutatione,
3813 3460 3961 3535 [pag.
4001 3462 4107 3536 32]
4166 3479 4361 3541 quam

2414 3540 2699 3605 naturali
2755 3541 2983 3606 mortis
3041 3541 3250 3605 forma
3306 3541 3375 3605 in
3432 3561 3673 3606 novam
3731 3543 3929 3606 vitain
3986 3544 4363 3610 transibunt

2415 3628 2476 3725 (l
2533 3624 2681 3691 Cor.
2744 3630 2834 3705 15,
2888 3624 3017 3710 51).
3107 3626 3315 3691 Porro
3371 3628 3678 3708 quoniam
3736 3629 3990 3712 piorum
4047 3630 4242 3695 simul
4298 3638 4363 3695 et

364 3408 502 3453 vere
547 3408 742 3452 unum
782 3391 968 3471 facti,
1012 3393 1125 3473 qui
1173 3412 1312 3455 una
1353 3391 1507 3470 side,
1569 3411 1705 3471 spe,
1764 3388 2046 3465 caritate,
2107 3387 2312 3452 eodem

365 3474 495 3539 Dei
548 3475 788 3553 spiritu
842 3478 1036 3542 simul
1088 3479 1329 3553 vivunt,
1384 3478 1454 3539 in
1509 3476 1766 3540 eandem
1821 3474 1983 3537 vitae
2028 3477 2310 3537 aeternae

363 3559 806 3626 haereditatem
848 3565 1061 3629 vocati.
1155 3562 1388 3627 Sancta
1429 3563 1616 3626 etiam
1657 3566 1775 3625 est.-
1831 3560 1986 3641 quia
2030 3561 2310 3640 quotquot

365 3651 621 3712 aeterna
671 3646 802 3711 Dei
847 3651 1244 3730 providentia
1279 3648 1466 3712 'electi
1533 3652 1708 3726 sunt,
1784 3651 1853 3710 ut
1909 3645 1977 3708 in
2031 3642 2312 3711 ecclesiae

364 3753 718 3797 numerum
773 3739 1217 3816 cooptarentur,
1268 3732 1595 3815 spirituali
1651 3731 2146 3816 regeneratione
2190 3751 2312 3795 om-

366 3841 474 3883 nes
508 3840 550 3883 a
571 3818 845 3885 Domino
879 3820 1365 3902 sanctificantur.
1425 3820 1761 3885 Posterior
1796 3815 2116 3900 particula
2151 3837 2311 3899 qua-

362 3904 445 3969 lis
481 3905 628 3987 ipsa
660 3906 764 3983 sit,
804 3906 1042 3971 clarius
1077 3905 1291 3972 adhuc
1326 3906 1814 3988 interpretatur.
1880 3902 2133 3986 Nempe
2167 3911 2311 3966 tan-

364 4000 510 4054 tum
567 3989 787 4055 valere
833 3991 1123 4057 fidelium
1178 3993 1733 4068 communionem,
1801 3999 1875 4054 ut
1928 3988 2235 4070 quidquid
2254 3987 2312 4071 ⁸)

364 4076 671 4141 donorum
714 4076 842 4142 Dei
891 4082 1007 4143 uni
1052 4078 1288 4161 obtigit,
1345 4078 1480 4142 eius
1535 4096 1741 4141 omnes
1791 4075 1949 4156 fiant
2001 4073 2313 4156 quodam-

368 4161 562 4226 modo
601 4164 974 4245 participes.-
1016 4165 1262 4231 tametsi
1305 4163 1432 4229 Dei
1475 4163 1935 4243 dispensatione
1978 4160 2047 4224 id
2083 4161 2196 4224 uni
2231 4160 2316 4223 sit

2415 3284 2658 3362 citavit,
2704 3284 3017 3366 potentia,
3066 3304 3105 3345 a
3146 3281 3416 3365 pulvere
3457 3290 3523 3347 et
3566 3284 3978 3367 corruptione
4015 3286 4084 3348 in
4120 3306 4354 3350 novam

2416 3712 2765 3796 impiorum
2800 3711 3165 3776 communis
3202 3712 3326 3775 erit
3360 3713 3767 3791 resurrectio,
3807 3714 3919 3779 sed
3946 3715 4188 3799 dispari
4211 3739 4363 3782 con-

2417 3798 2692 3863 ditione:
2743 3796 3006 3862 additur
3049 3796 3400 3880 particula,
3458 3819 3622 3881 quae
3665 3800 3839 3864 inter
3883 3810 4175 3866 nostram
4220 3802 4364 3867 illo-

2415 3905 2691 3965 rumque
2727 3891 2967 3949 sortem
2990 3880 3345 3948 discernat:
3393 3886 3627 3967 nempe
3672 3887 3764 3950 sic
3804 3885 4177 3951 habituram
4213 3909 4362 3954 nos-

2417 3977 2591 4034 tram
2632 3970 3204 4047 resurrectionem,
3253 3975 3330 4032 ut
3371 3976 3512 4033 tum
3560 3992 3678 4035 nos
3722 3971 4046 4035 Dominus
4094 3995 4175 4037 ex
4221 3994 4363 4040 cor-

2417 4056 2718 4139 ruptione
2762 4056 2833 4119 in
2875 4054 3461 4137 incorruptionem,
3524 4077 3603 4119 ex
3663 4056 4058 4122 mortalitate
4114 4060 4184 4123 in
4242 4062 4363 4125 im·

2419 4141 2882 4206 mortalitatem
2938 4140 3300 4218 suscitabit,
3360 4162 3752 4239 corporeque
3797 4150 3862 4207 et
3905 4144 4124 4210 anima
4168 4145 4365 4230 glori-

356 4247 773 4329 peculiariter
814 4251 1058 4329 datum,
1113 4271 1235 4315 mn
1289 4250 1458 4314 aliis·
1555 4245 2078 4330 Quemadmodum
2122 4247 2314 4309 uni-„3
2411 4229 2645 4293 ficatos
2702 4228 2769 4292 in
2814 4226 3287 4292 beatitudinem
3335 4228 3634 4310 recipiat,
3682 4228 3823 4291 sine
3867 4228 3997 4293 fine
4042 4240 4364 4313 perstatu-

369 4337 648 4414 corporis
701 4337 971 4401 membra
1015 4337 1294 4418 quadam
1335 4336 1768 4401 communitate
1809 4335 1971 4397 inter
2013 4351 2078 4396 se
2110 4332 2316 4413 parti-

372 4421 811 4573 Zspfflitaess‘ff
863 4420 1780 4574 kasffiimiviffff
1806 4417 2170 4571 ima
2212 4417 2317 4567 ⁶³25,

373 4557 572 4657 unum
605 4528 938 4660 collect‘iqac
973 4595 1271 4676 compacti
1303 4558 1447 4657 sunt
1479 4557 1717 4673 corpus.
1780 4591 1884 4657 Ea
1918 4600 2135 4656 autem
2173 4555 2316 4673 lege

376 4690 667 4745 sanctam
710 4701 853 4746 esse
898 4680 1256 4756 ecclesiam,
1303 4680 1569 4763 eiusque
1613 4679 2137 4745 communionem
2178 4697 2315 4742 cre-

378 4764 619 4843 dimus,
677 4777 750 4830 ut
803 4766 1008 4832 solida
1061 4766 1134 4830 in
1187 4763 1530 4831 Christum
1587 4763 1715 4829 fide
1769 4763 1945 4842 freti,
2003 4763 2142 4827 eius
2201 4783 2318 4827 nos

377 4871 628 4935 quoque
671 4851 1075 4917 confidamus
1120 4871 1262 4916 esse
1305 4851 1615 4917 membra.

399 5019 502 5026 -7
561 5022 570 5025 -
721 5021 754 5024 φ

467 5127 571 5250 14¹3
613 5128 795 5182 ima.
823 5145 878 5196 p.
921 5125 1033 5181 ias.
1260 5125 1320 5189 a)
1356 5126 1501 5180 isca.
1533 5143 1590 5193 ρ.
1628 5080 1727 5178 ιε’-ι
1764 5141 1868 5196 seq.
2075 5122 2134 5187 3)
2173 5121 2318 5177 md.

373 5211 430 5265 p.
570 5238 583 5251 .

2420 4334 2593 4390 ram,
2638 4322 2828 4380 extra
2869 4334 3132 4378 omnem
3171 4313 3553 4378 mutationis
3595 4320 3710 4376 aut
3752 4317 4187 4397 corruptionis
4229 4340 4366 4384 sor-

2420 4408 2573 4464 tem.
2666 4398 3066 4482 Quaevera
3129 4398 3256 4464 erit
3320 4397 3650 4482 solidaque
3706 4399 3775 4463 in
3831 4400 4062 4480 vitam,
4132 4403 4363 4483 lucem,

2420 4486 2739 4551 iustitiam
2760 4485 3085 4570 perfectio,
3136 4506 3338 4568 quum
3378 4484 3902 4566 inseparabiliter
3926 4485 4215 4554 Domino
4254 4490 4368 4554 ad-

2421 4573 2852 4652 haerebimus,
2897 4572 3007 4655 qui
3050 4592 3292 4648 eorum,
3339 4569 3522 4636 velut
3554 4572 3698 4637 fons
3734 4572 4185 4655 inexhaustus,
4231 4576 4367 4658 ple-

2419 4657 2788 4723 nitudinem
2832 4659 2901 4721 in
2945 4679 3014 4723 se
3060 4658 3359 4722 continet.
3436 4656 3576 4723 Illa
3596 4657 3650 4737 2)
3692 4680 3830 4724 vero
3874 4660 4195 4740 beatitudo,
4239 4683 4368 4745 rey-

2422 4766 2574 4809 num
2616 4746 2731 4809 erit
2774 4743 2917 4822 Dei,
2963 4743 3131 4808 onmi
3165 4743 3464 4821 clamitate,
3508 4744 3758 4827 qaudio,
3796 4747 4033 4826 virtute,
4076 4747 4369 4829 felicitate

2422 4831 2713 4913 refertum
2726 4856 2744 4894 .·
2786 4828 2966 4895 rebus
3010 4829 3087 4894 ab
3130 4828 3447 4895 hominum
3489 4849 3674 4893 sensu
3716 4852 3877 4895 nunc
3919 4834 4364 4912 remotissimi-3,

2424 4922 2478 4981 et
2518 4938 2676 4999 quas
2719 4935 2853 4980 non
2888 4915 3014 4980 nisi
3057 4936 3176 4998 per
3211 4914 3549 4998 speculum
3585 4922 3652 4980 et
3686 4915 3755 4979 in
3790 4917 4156 5001 aenigmate
4191 4943 4365 4986 nunc

2424 5004 2780 5067 intuemur:
2842 5000 3044 5067 donec
3103 4986 3362 5066 venerii
3399 5000 3538 5066 dies
3581 5000 3721 5079 ille,
3781 5022 3904 5084 quo
3948 5004 4133 5070 nobis
4177 5027 4367 5071 suam

2424 5088 2698 5173 gloriam
2735 5088 3062 5153 Dominus
3107 5088 3268 5153 facie
3303 5087 3386 5152 ad
3430 5087 3656 5152 faciem
3694 5088 4214 5169 conspiciendam
4249 5114 4368 5157 ex-

2562 5361 2620 5429 1)
2661 5361 2842 5417 lustit.
2870 5378 2929 5432 p.
2968 5361 3068 5415 149
3091 5378 3195 5434 seq.
3337 5360 3396 5426 2)
3437 5359 3581 5417 Ibid.
3610 5376 3666 5430 p.
3706 5358 3801 5414 151
3837 5375 3942 5430 seq.

3857 5446 3955 5501 22*
