5100 6061
715 426 885 497 LVI
1897 421 2443 491 TRAGTATUS
2486 418 3075 488 THEOLOGIOI
3117 419 3561 489 MINORES.

717 615 984 681 consilio
1037 619 1449 686 tractaretur.
1539 613 1679 696 Ipsi
1722 612 2022 677 Luthero
2079 632 2219 677 sese
2276 609 2681 694 adprobavit.
2771 610 3029 675 Bucero
3080 610 3257 675 enim
3311 610 3424 676 ille
3479 610 3882 694 respondens
3932 609 4035 676 die
4079 610 4326 676 Oalixti
4341 662 4356 686 ,
4409 634 4576 696 quae
4634 621 4736 680 est

724 733 820 791 14.
868 725 1011 792 Oct.
1068 716 1261 805 1539,
1306 727 1378 789 in
1421 727 1553 790 fine
1598 724 1907 807 epistolae
1964 724 2125 788 haec
2181 722 2444 787 adiecit:
2493 720 2730 786 Saluta
2770 720 2865 786 Io.
2913 719 3286 787 Sturmium
3342 732 3410 786 et
3452 723 3546 787 10.
3594 722 3949 787 Calvinum
4001 730 4400 800 reverenter,
4456 745 4735 807 quorum

685 823 969 903 'libellos
1024 859 1175 903 cum
1234 837 1555 921 singulari
1610 836 1947 916 voluptate
2006 834 2153 917 legi.
2244 834 2576 916 Loquitur
2633 833 2740 898 hic
2795 832 2875 897 de
2934 832 3197 898 Calvini
3250 834 3670 916 responsione
3740 832 3824 898 ad
3878 832 4271 900 Sadoletum
4324 844 4392 899 et
4445 835 4729 901 Sturmii

715 950 1007 1034 epistolis
1053 949 1133 1014 de
1180 948 1444 1013 dissidio
1488 947 1839 1030 religionis,
1930 944 2102 1010 Vide
2138 944 2244 1008 De
2287 944 2517 1009 Wctte
2562 946 2744 1010 [Pom.
2791 945 2874 1009 V.
2920 966 2980 1026 p.
3042 950 3199 1025 2113
3260 944 3656 1023 Sturmium,
3716 954 3945 1012 contra
3990 946 4205 1028 Pappi
4261 948 4620 1025 caritatem,
4664 970 4728 1032 p.

722 1065 862 1125 112.
952 1060 1062 1125 Ad
1115 1068 1516 1126 conventum
1565 1059 2046 1141 hagenoensem
2090 1079 2223 1121 non
2269 1055 2531 1137 publica
2574 1055 2837 1138 quidem
2880 1057 3228 1121 autoritate
3270 1058 3511 1122 missus
3554 1057 3668 1122 sed
3711 1058 3784 1121 in
3828 1057 4160 1122 nonnullis
4205 1066 4430 1122 tamen
4475 1058 4727 1124 adhibi-

714 1182 826 1238 tus
868 1173 1167 1257 negotiis,
1207 1171 1549 1253 aliquoties
1593 1172 1760 1235 istuc
1806 1190 1956 1233 cum
1994 1166 2293 1232 Sturmio
2339 1188 2695 1232 excurrens
2730 1167 3090 1251 Crucigero
3126 1167 3395 1249 aliisque
3440 1167 3833 1234 doctissimis
3871 1170 4027 1235 viris
4062 1169 4310 1232 mirum
4344 1171 4414 1233 in
4458 1170 4722 1236 modum

714 1285 980 1370 placuit.
1073 1280 1209 1347 Sed
1253 1282 1451 1346 etiam
1508 1289 1769 1346 exterae
1813 1279 2123 1346 ecclesiae
2166 1281 2299 1343 iam
2340 1279 2698 1345 Calvinum
2751 1299 2993 1362 magno
3046 1280 3114 1341 in
3160 1278 3301 1343 loco
3347 1277 3735 1344 habuerunt.
3826 1279 4078 1344 Eodem
4121 1282 4299 1345 enim
4353 1302 4523 1347 anno
4566 1283 4729 1347 Dux

716 1395 1261 1479 Luneburgensis
1306 1414 1457 1457 eum
1501 1415 1541 1457 a
1578 1393 1972 1475 magistratu
2016 1392 2540 1475 argentoratensi
2586 1413 2738 1456 cum
2779 1390 2873 1455 Io.
2899 1388 3195 1455 Sturmio
3237 1390 3598 1472 postulavit
3650 1400 3726 1456 ut
3768 1391 3967 1474 legati
4010 1391 4154 1455 eius
4199 1392 4518 1474 colloquio
4560 1416 4731 1459 wor-

714 1508 1021 1573 matiensi
1063 1506 1273 1588 primo
1315 1506 1730 1581 interessent,
1779 1512 1847 1567 et
1889 1523 2022 1567 una
2064 1523 2215 1568 cum
2256 1502 2490 1585 legatis
2535 1501 2753 1580 Urbis,
2799 1502 3036 1567 Iacobo
3080 1501 3388 1566 videlieet
3430 1499 3743 1581 SturmiO,
3790 1503 4078 1569 Matthia
4110 1503 4420 1568 Pfarrero
4462 1513 4530 1569 et
4571 1503 4729 1570 DD.

717 1593 1033 1703 Capitone
1077 1627 1146 1683 et
1202 1616 1493 1691 Bucer0,
1541 1614 1980 1678 Wormatiam
2034 1615 2302 1697 profecti
2361 1622 2516 1678 sunt
2563 1614 2669 1678 die
2714 1619 2811 1677 29.
2862 1611 3004 1679 Oct.
3059 1618 3240 1678 1540.
3331 1615 3497 1678 Erat
3549 1623 3692 1678 tum
3735 1616 3806 1679 in
3850 1612 4077 1680 eodem
4122 1615 4437 1680 comitatu
4495 1614 4729 1682 Simon

717 1731 1072 1815 Grynaeus
1114 1726 1533 1804 Basileensis,
1577 1724 1855 1790 Calvino
1900 1726 2486 1791 coniunctissimus.
2575 1726 2921 1790 Refutavit
2961 1725 3034 1788 in
3077 1746 3153 1789 eo
3192 1724 3512 1808 colloquio
3557 1727 3636 1791 F.
3682 1726 3762 1791 de
3806 1726 4154 1802 Mosheim,
4210 1726 4528 1792 decanum
4576 1750 4729 1812 pasÎ‡

716 1844 1117 1917 saviensem,
1172 1859 1365 1920 quem
1423 1839 1554 1900 iam
1599 1846 1793 1901 antea
1836 1837 2287 1941 Argentorati
2316 1847 2660 1920 praesente
2715 1845 2991 1920 utroque
3034 1835 3361 1915 sturmio,
3419 1837 3727 1903 Hedione
3786 1847 3852 1902 et
3893 1837 4023 1904 Iac.
4070 1837 4356 1903 Bedroto
4411 1841 4727 1906 acerrime

714 1953 1049 2020 refellerat
1092 1952 1163 2014 in
1205 1948 1510 2031 operibus
1554 1930 2081 2013 iustificationem
2135 1956 2506 2030 ponentem.
2598 1950 2886 2013 Tantum
2931 1969 3001 2013 se
3060 1949 3366 2031 praebuit
3416 1948 3489 2012 in
3533 1929 3661 2006 ista
3713 1946 4154 2031 disputatione
4198 1964 4274 2014 ut
4313 1950 4725 2031 Melanthon,

715 2069 789 2132 in
833 2065 1019 2129 cuius
1073 2061 1370 2125 notitiam
1419 2062 1549 2123 iam
1606 2080 1830 2124 mense
1880 2059 2243 2125 Februario
2287 2063 2445 2125 anni
2499 2060 2851 2142 superioris
2905 2059 3324 2126 Francofurti
3370 2072 3667 2137 venerat,
3726 2081 3809 2124 ex
3850 2059 3965 2124 illo
4009 2070 4301 2144 tempore
4346 2072 4730 2145 perpetuam

716 2198 869 2245 cum
911 2177 1054 2257 ipso
1098 2172 1340 2238 coleret
1392 2171 1745 2237 amicitiam
1800 2190 1995 2253 quam
2039 2191 2215 2235 mors
2273 2170 2540 2235 demum
2584 2170 3054 2236 interscindere
3099 2162 3325 2253 potuit.
3417 2172 3632 2235 Tanta
3674 2186 3817 2237 erat
3855 2174 3995 2237 eius
4037 2173 4110 2237 in
4153 2172 4376 2237 schola
4420 2184 4726 2258 argento-

717 2286 968 2353 ratensi
1010 2292 1077 2349 et
1117 2282 1291 2365 apud
1335 2290 1636 2347 senatum
1678 2282 2091 2360 existimatio,
2150 2290 2225 2346 ut
2265 2303 2419 2346 eum
2465 2282 2957 2347 Genevensium
2999 2283 3331 2364 precibus,
3379 2282 3847 2366 Tigurinorum
3888 2285 4382 2367 Bernatumque
4427 2294 4495 2350 et
4534 2287 4727 2352 Basi-

716 2398 1027 2464 liensium
1066 2395 1531 2460 intercessione
1575 2395 1834 2459 enixius
1869 2394 2271 2477 urgentibus,
2318 2414 2513 2477 aegre
2555 2392 2822 2459 tandem
2866 2403 2932 2459 et
2971 2403 3122 2478 post
3155 2393 3385 2478 longas
3429 2394 3773 2458 dilationes
3810 2402 4004 2478 atque
4039 2396 4120 2460 ad
4160 2406 4421 2479 tempus
4463 2403 4728 2463 tantum

718 2508 1170 2577 concederent.
1260 2505 1413 2588 Ipso
1456 2505 1632 2569 enim
1675 2504 1978 2588 colloquii
2017 2504 2526 2571 Wormatiensis
2571 2514 2866 2588 tempore
2910 2505 3406 2572 Genevensium
3445 2505 3679 2571 civitas
3728 2507 4196 2588 poenitentiam
4251 2529 4452 2592 agens
4497 2507 4581 2572 ad
4623 2530 4727 2575 se-

717 2630 950 2686 natum
992 2624 1595 2701 argentoratensem
1650 2617 1830 2681 misit
1874 2616 2284 2682 consularem
2329 2616 2576 2696 virum,
2625 2618 2737 2700 qui
2782 2617 3135 2683 Calvinum
3176 2617 3540 2699 postularet
3575 2616 3922 2683 Genevam
3964 2618 4451 2698 remittendum,
4495 2629 4572 2684 ut
4613 2620 4726 2687 de-

718 2752 852 2797 nuo
895 2730 1146 2814 patriae
1190 2728 1496 2794 ecelesiae
1540 2727 2098 2794 administrandae
2152 2748 2378 2792 curam
2432 2728 2718 2793 haberet.
2809 2726 3099 2794 Senatus
3140 2736 3496 2811 antequam
3543 2728 3836 2813 legatum
3892 2729 4071 2796 hunc
4099 2731 4497 2810 dimitteret,
4557 2733 4725 2799 cele-

717 2845 880 2909 riter
920 2863 1039 2924 per
1081 2841 1367 2923 equitem
1409 2839 1633 2905 literas
1678 2839 1761 2904 ad
1804 2860 1955 2905 suos
1997 2839 2441 2904 Wormatiam
2484 2840 2708 2918 mittit,
2754 2840 3060 2905 certiores
3102 2841 3259 2906 facit
3301 2839 3382 2903 de
3427 2840 3921 2905 Genevensium
3965 2843 4297 2924 petitione,
4340 2842 4610 2909 mandat
4652 2854 4734 2910 ut

718 2974 872 3021 cum
914 2952 1197 3018 Oalvino
1250 2962 1478 3036 agant,
1542 2952 1729 3034 eique
1772 2949 2206 3035 persuadeant
2239 2958 2318 3014 ut
2359 2952 2792 3035 Argentorati
2835 2973 2976 3016 esse
3019 2952 3208 3015 malit
3250 2973 3447 3036 quam
3493 2952 3837 3027 Gcnevae,
3884 2953 4131 3018 fatetur
4173 2953 4526 3019 Calvinum
4582 2956 4732 3021 urbi

717 3067 1165 3132 necessarium
1218 3086 1360 3130 esse
1395 3065 1607 3130 civem
1659 3076 1924 3148 propter
1966 3064 2260 3129 scholam
2319 3069 2387 3126 et
2429 3064 2742 3129 ecclesiae
2786 3063 3146 3147 gallicanae
3192 3065 3646 3148 frequentiam.
3735 3064 3988 3129 Verum
4045 3087 4246 3149 quum
4292 3066 4547 3151 legatus
4590 3068 4727 3134 Ge-

717 3177 1111 3244 nevensium
1153 3175 1595 3240 Wormatiam
1639 3175 1958 3254 venisset,
2014 3175 2535 3256 ostendissetque
2581 3175 2791 3257 qualis
2838 3182 3011 3241 esset
3054 3175 3339 3241 civitatis
3385 3183 3624 3255 status,
3682 3185 3749 3240 et
3790 3176 4013 3259 quales
4055 3185 4357 3259 paterent
4404 3179 4729 3263 evangelii

716 3292 791 3355 in
832 3288 1054 3354 Gallia
1091 3287 1497 3370 propagandi
1539 3287 1931 3362 occasiones,
1977 3286 2173 3351 efficit
2218 3296 2289 3351 ut
2332 3287 2416 3352 ad
2460 3307 2878 3354 communem
2917 3286 3251 3370 religionis
3293 3306 3560 3352 oausam
3606 3289 3931 3369 pertinere
3974 3289 4328 3371 videretur,
4377 3291 4498 3355 hae
4539 3293 4610 3355 in
4652 3312 4728 3357 re

721 3397 1222 3468 Genetensibus
1265 3398 1637 3482 gratificari.
1710 3397 1939 3480 Itaque
1974 3417 2094 3480 pro
2129 3407 2421 3482 tempore
2463 3400 2544 3463 iis
2588 3419 2967 3465 concessum
3010 3407 3111 3464 est
3145 3398 3325 3462 istud
3367 3399 3772 3479 beneficium,
3819 3410 3894 3464 ut
3935 3399 4121 3465 finito
4164 3410 4492 3467 conventu
4526 3403 4731 3468 Wor-

720 3510 1027 3576 matiensi
1076 3519 1144 3573 et
1186 3532 1260 3574 re
1315 3510 1555 3575 iterum
1596 3517 1662 3573 et
1718 3521 1976 3573 mature
2016 3518 2163 3593 post
2205 3510 2491 3575 reditum
2532 3532 2681 3576 cum
2727 3511 3028 3576 omnibus
3071 3510 3335 3594 collegis
3378 3531 3693 3594 expensa,
3751 3509 4094 3577 Genavam
4137 3512 4455 3579 Calvinus
4498 3516 4730 3581 subse-

720 3627 1048 3705 queretur.
1119 3621 1307 3686 Haec
1363 3620 1670 3686 discimus
1726 3642 1809 3685 ex
1864 3621 1992 3687 Iac.
2046 3620 2324 3686 Sturmii
2369 3622 2580 3687 literis
2633 3621 2716 3686 ad
2765 3622 3128 3687 XIIIviros
3185 3621 3356 3687 datis
3402 3621 3506 3687 die
3550 3628 3647 3687 11.
3684 3622 3853 3689 Nov.
3912 3624 4052 3688 eius
4112 3625 4299 3703 anni,
4371 3626 4559 3691 etin
4616 3649 4727 3692 ar-

719 3733 930 3800 chivis
972 3732 1217 3797 nostris
1261 3731 1346 3796 ad
1383 3731 1576 3797 aedes
1620 3732 1689 3797 S.
1739 3732 2031 3798 Thomas
2074 3734 2445 3799 asservatis.
2532 3735 2627 3798 At
2667 3741 2819 3817 post
2861 3733 3062 3816 legati
3116 3733 3473 3799 discessum
3514 3733 3774 3800 decreta
3814 3735 3995 3800 fuere
4030 3735 4293 3800 comitia
4336 3757 4509 3801 anno
4552 3738 4729 3802 inse-

719 3845 950 3928 quenti
999 3849 1150 3908 1541
1196 3844 1596 3926 Ratisponae
1632 3843 1949 3909 habenda.
2039 3843 2146 3909 De
2189 3845 2427 3928 quibus
2469 3865 2672 3927 quum
2716 3843 2801 3908 ad
2845 3852 3150 3909 senatum
3194 3851 3796 3929 argentoratensem
3831 3844 4112 3911 relatum
4154 3847 4404 3926 fuisset,
4446 3869 4520 3914 re
4564 3848 4730 3915 deli-

721 3956 948 4021 berata
990 3957 1070 4021 ab
1114 3957 1194 4021 iis
1239 3956 1476 4038 quibus
1519 3953 1831 4020 mandata
1873 3962 2044 4034 erat,
2102 3956 2390 4040 Greigero
2432 3955 2699 4021 consule
2739 3955 3380 4020 senatusconsultum
3420 3957 3664 4022 factum
3707 3967 3809 4022 est
3848 3967 3926 4022 ut
3966 3979 4116 4023 cum
4159 3959 4392 4026 Iacobo
4430 3958 4729 4027 Sturmio

721 4076 791 4131 et
822 4068 1033 4132 Beato
1068 4067 1599 4132 Duntzenhemio
1634 4067 1958 4133 XIIIviro
2001 4068 2300 4133 Bucerus
2345 4075 2411 4133 et
2445 4067 2761 4133 Calvinus
2795 4066 3231 4149 Ratisponam
3272 4068 3708 4132 mitterentur.
3780 4068 4302 4135 Praemonuerat
4345 4073 4542 4137 etiam
4585 4073 4727 4156 ipse

721 4178 1130 4257 Melanthon,
1176 4178 1559 4262 priusquam
1593 4178 1963 4244 Wormatia
2006 4180 2230 4258 abiret,
2278 4166 2752 4263 rogaveratque
2796 4177 3046 4261 legatos
3081 4186 3651 4261 argentoratenses
3694 4199 3776 4243 ne
3811 4179 3986 4244 inter
4028 4180 4246 4247 doctos
4288 4185 4468 4248 viros
4502 4182 4586 4247 ad
4625 4185 4729 4249 iu-

634 4369 639 4375 ,
720 4299 949 4356 turum
990 4288 1384 4372 colloquium
1432 4289 1787 4355 mittendos
1830 4290 2181 4357 Calvinum
2235 4292 2700 4376 praeterirent3
2746 4289 2964 4355 virum
3019 4290 3197 4353 enim
3241 4310 3382 4354 csse
3428 4309 3709 4373 magnae
3767 4292 4265 4359 existimationis
4310 4295 4730 4379 (Memoriale

721 4409 972 4485 argent.
1025 4406 1204 4465 1541.
1240 4401 1349 4466 fol.
1401 4403 1520 4484 19).
1581 4401 1716 4483 Qui
1737 4409 1975 4480 tamen,
2022 4423 2224 4485 quum
2264 4422 2468 4485 usque
2513 4401 2923 4483 aliquatenus
2968 4399 3332 4465 umbratilis
3375 4409 3563 4480 esset,
3610 4421 3806 4485 aegre
3850 4424 3920 4467 se
3962 4405 4334 4486 patiebatur
4377 4407 4620 4473 talibus
4654 4408 4731 4472 in

721 4513 940 4578 causis
981 4513 1053 4576 in
1095 4511 1428 4594 publicum
1472 4513 1760 4596 produci.
1848 4514 1934 4578 In
1975 4515 2118 4597 ipso
2164 4514 2364 4598 igitur
2404 4512 2722 4595 colloquio
2767 4533 2902 4576 non
2944 4519 3083 4576 tam
3122 4532 3340 4576 eoram
3382 4512 3810 4578 multitudine
3851 4535 4050 4596 quam
4093 4497 4499 4599 inâ¶privatis
4523 4540 4732 4583 evan-

724 4624 1084 4708 gelicorum
1127 4622 1696 4689 deliberationibus
1741 4625 2053 4691 disseruit
2094 4634 2160 4690 et
2203 4624 2564 4706 disputavit
2606 4633 2674 4687 et
2716 4622 2968 4688 duobus
3013 4624 3149 4688 suis
3202 4622 3463 4706 collegis
3506 4623 3920 4689 Melanthoni
3965 4635 4031 4689 ot
4070 4627 4353 4708 Bucer0,
4414 4651 4532 4712 pro
4576 4651 4736 4696 con-

723 4735 945 4802 cordia
1001 4735 1296 4799 ineunda
1339 4735 1484 4818 plus
1527 4738 1687 4802 satis
1741 4736 2124 4803 ardentibus
2180 4744 2249 4801 et
2290 4756 2766 4818 nonnunquam
2809 4734 3305 4816 flexiloquentia
3358 4734 3510 4814 usis,
3569 4734 3846 4801 subinde
3892 4738 4187 4803 animum
4241 4739 4493 4805 addidit
4548 4741 4736 4820 (vide

729 4846 990 4913 Calvini
1033 4867 1176 4929 epp.
1222 4846 1345 4910 Ed.
1392 4847 1642 4913 Genev.
1690 4871 1749 4931 p.
1792 4854 1872 4913 30
1885 4873 1901 4928 Í¾
1948 4849 2046 4913 ed.
2093 4850 2295 4914 Laus.
2340 4867 2403 4929 p.
2453 4850 2531 4910 63
2545 4869 2562 4926 Í¾
2608 4846 2708 4911 ed.
2751 4848 2964 4911 Amst.
3011 4867 3073 4929 p.
3111 4846 3236 4929 17).
3308 4845 3504 4911 Circa
3545 4846 3839 4911 medium
3881 4870 4175 4916 mensem
4217 4842 4481 4930 Iulium,
4526 4873 4738 4935 quum

725 4956 1092 5039 Imperator
1135 4958 1528 5040 colloquium
1572 4961 1799 5025 sistere
1845 4960 2255 5037 decrevisset,
2291 4970 2368 5025 ut
2399 4959 2596 5023 rebus
2640 4958 2907 5024 turcicis
2944 4977 3208 5040 operam
3244 4956 3448 5035 daret,
3492 4956 3889 5041 vidissetque
3925 4959 4244 5027 Calvinus
4289 4963 4736 5029 nullum'am-

724 5068 900 5151 plius
940 5070 1013 5133 in
1055 5080 1381 5136 conventu
1425 5071 1529 5135 sui
1572 5092 1768 5135 usum
1809 5072 1976 5152 foro,
2021 5082 2166 5136 tum
2218 5072 2418 5136 etiam
2474 5069 2669 5134 amici
2709 5089 3112 5154 genevenses
3154 5088 3304 5132 eum
3358 5068 3442 5132 ad
3483 5068 3768 5135 reditum
3818 5071 4246 5138 vehementer
4295 5076 4742 5158 hortarentur,

726 5180 1003 5245 extorsit
1042 5184 1254 5266 magis
1297 5204 1337 5247 a
1376 5181 1643 5266 collegis
1686 5203 1881 5265 quam
1924 5185 2303 5266 impetravit
2331 5181 2711 5247 missionem
2741 5180 3060 5263 rediitque
3103 5181 3639 5263 Argentoratum,
3682 5191 3761 5246 ut
3802 5183 4062 5248 scholae
4100 5186 4532 5269 ecclesiaeque
4575 5209 4742 5253 suae

725 5290 1105 5376 gallicanae,
1142 5303 1210 5358 et
1252 5294 1559 5377 Capitoni
1596 5315 1679 5359 ex
1715 5306 1896 5377 peste
1928 5294 2247 5360 laboranti
2284 5299 2693 5361 succurreret
2735 5292 2931 5375 (Epp.
2979 5291 3233 5357 Genev.
3269 5311 3332 5373 p.
3358 5296 3467 5372 313
3512 5293 3714 5359 Laus.
3758 5315 3820 5376 p.
3863 5297 3971 5373 683
4014 5296 4225 5362 Amst.
4272 5318 4332 5380 p.
4365 5298 4491 5382 18).
4547 5298 4741 5364 Iudi-
