5100 6061
757 453 869 512 111

934 635 1011 701 Ut
1053 636 1415 701 sententiam
1460 655 1643 698 snam
1689 635 1944 715 quisque
1988 630 2300 718 scriberet]
2363 632 2492 696 Hic
2536 632 2703 696 ritus

748 732 823 789 ut
877 722 1235 805 plurimum
1292 721 1359 783 in
1415 720 1669 783 iudiciis
1733 718 2003 801 publicis
2062 719 2568 795 observabatur,
2631 724 2703 782 ut

745 808 992 874 iudices
1038 807 1262 872 audita
1298 826 1509 881 eausa,
1558 806 1946 869 sententiam
1986 827 2171 867 suam
2209 805 2589 881 scriberent,
2637 813 2704 868 et

748 897 818 959 in
864 916 1101 958 urnam
1146 893 1567 969 coniicerent,
1626 893 1717 955 sic
1777 901 1850 952 ut
1910 890 2076 954 alter
2119 890 2391 957 alterius
2437 898 2702 963 senten-

749 983 910 1045 tiam
947 981 1298 1063 ig'noraret,
1338 986 1404 1041 et
1439 998 1665 1039 omnes
1704 976 2013 1039 omnium.
2085 977 2251 1039 'Pam
2292 988 2556 1057 praetor
2591 976 2700 1056 qui

749 1066 1111 1150 quaestioni
1157 1073 1471 1146 praeerat,
1518 1082 1597 1124 ex
1641 1083 1864 1124 eorum
1910 1063 2237 1125 sententia
2278 1063 2386 1143 qui
2427 1082 2702 1127 numero

752 1153 1127 1227 vincebant,
1190 1157 1333 1227 [pag.
1378 1152 1520 1224 103]
1577 1147 2066 1229 pronunciabat.
2157 1145 2235 1210 Id
2278 1159 2496 1210 tamen
2553 1168 2702 1228 per-

751 1250 1021 1321 petuum
1065 1258 1197 1299 non
1243 1242 1411 1297 erat:
1469 1232 1639 1314 quod
1685 1242 1937 1298 eertum
1982 1241 2081 1296 est
2125 1255 2205 1295 ex
2252 1233 2391 1298 1060
2439 1233 2700 1297 Oieero-

751 1324 855 1388 nis
899 1324 965 1386 in
1010 1322 1303 1385 oratione
1344 1339 1461 1401 pro
1511 1319 1836 1383 Cluentio,
1930 1318 2298 1398 Quaesivit,
2359 1320 2602 1400 inquit,
2664 1338 2702 1379 a

750 1431 859 1473 reo
906 1407 977 1471 C.
1028 1408 1259 1471 Iunius
1303 1406 1632 1487 quaesitor
1687 1427 1769 1469 ex
1824 1404 1968 1485 lege
2026 1404 2138 1468 illa
2184 1403 2492 1469 Cornelia
2535 1426 2699 1486 quae

751 1504 887 1558 tum
947 1505 1116 1567 erat,
1176 1492 1371 1568 clam,
1425 1512 1510 1554 an
1568 1489 1783 1572 palam
1841 1490 1918 1553 (16
1976 1512 2043 1553 se
2094 1492 2486 1555 sententiam
2544 1490 2698 1554 ferri

750 1579 964 1645 vellet.
1033 1578 1138 1641 Dc
1175 1577 1526 1660 Oppianici
1564 1578 1891 1641 sententia
1937 1597 2321 1658 responsum
2367 1588 2482 1653 est,
2531 1575 2701 1658 quod
2751 1614 2754 1629 ι

751 1667 807 1730 18
863 1665 1090 1729 Habiti
1120 1667 1167 1746 ¹)
1225 1663 1615 1726 familiarem
1675 1684 1816 1726 esse
1875 1662 2141 1726 Iunium
2196 1662 2476 1741 dicebat,
2533 1662 2700 1727 elam
2753 1724 2756 1735 ,

2402 444 2527 508 DE
2573 444 3114 517 CLEMENTIA

4640 446 4756 507 112

2807 633 2960 697 Mea
3007 632 3397 697 conscientia
3451 633 3656 715 pluris
3711 646 3837 709 est,
3886 653 4083 714 quam
4140 632 4480 697 hominum
4525 653 4755 699 serm0.

2806 718 2978 781 Item
3020 718 3187 782 libro
3234 718 3463 782 XIII.:
3521 720 3624 783 Dc
3679 719 3852 781 fama
3910 719 4072 782 nihil
4132 741 4289 783 sane
4343 719 4593 795 labore,
4637 721 4756 783 etsi

2807 805 3196 887 scripseram
3242 804 3326 868 ad
3379 816 3442 869 te
3499 812 3653 868 tunc
3711 804 3927 868 stulte.
4027 804 4212 868 Nihil
4281 805 4458 867 enim
4518 806 4748 869 melius

2806 889 3169 954 curandum
3213 900 3340 968 est,
3388 899 3581 972 atque
3627 890 3748 954 hoc
3791 890 3862 952 in
3908 893 4082 953 omni
4132 892 4272 955 vita
4329 912 4474 965 sua,
4532 912 4755 972 quem-

2808 998 2931 1057 que
2981 997 3020 1039 a
3078 985 3257 1039 reeta
3329 977 3725 1040 conscientia
3773 985 4222 1041 transversum
4283 997 4570 1057 unguem
4627 999 4756 1040 uon

2806 1069 3063 1143 oportet
3109 1061 3455 1125 discedere.
3536 1061 3720 1126 Haec
3780 1060 3951 1143 apud
4010 1062 4425 1144 philosophos
4472 1063 4754 1142 valeant,

2805 1148 2991 1210 nobis
3047 1168 3202 1211 vero
3259 1147 3455 1230 longe
3522 1147 3696 1211 aliud
3761 1149 4150 1229 praeseribit
4212 1156 4440 1212 nostra
4509 1149 4751 1231 religio.

2804 1232 3005 1310 Nam,
3065 1242 3138 1296 ut
3177 1235 3274 1296 ait
3309 1235 3722 1297 Auo-ustinus
3779 1232 3857 1296 de
3917 1234 4250 1297 'communi
4297 1235 4437 1296 vita
4490 1234 4755 1298 clerico-

2800 1338 2980 1401 rum:
3032 1326 3175 1396 [pag.
3209 1324 3350 1395 104]
3399 1289 3592 1382 fiuae
3629 1339 3734 1382 res
3780 1328 3935 1383 sunt
3979 1319 4403 1395 conscientia,
4450 1328 4516 1383 et
4551 1320 4751 1384 fama:

2806 1405 3202 1469 conscientia
3259 1406 3625 1469 necessaria
3680 1413 3780 1468 est
3835 1405 3983 1479 tibi,
4041 1406 4216 1469 fama·
4271 1405 4568 1487 proximo
4623 1413 4750 1470 tuo,

2807 1488 3317 1570 Qui‘coufidens
3373 1490 3804 1555 eonscientiae
3862 1490 4139 1574 negligit
4191 1491 4467 1570 famam,
4527 1491 4755 1556 erude-

2805 1576 2888 1639 lis
2934 1584 3048 1640 est.

2985 1661 3287 1743 Princeps
3330 1662 3734 1727 multastebet
3776 1664 3963 1726 etiam
4002 1661 4242 1747 famae]
4299 1662 4467 1726 Nam
4529 1672 4606 1725 ut
4661 1663 4755 1726 lo-

749 1753 903 1817 ferri
954 1750 1139 1816 velle.
1206 1749 1385 1812 Itum
1430 1760 1530 1813 est
1572 1749 1642 1811 in
1685 1749 2056 1812 eonsilium:
2101 1747 2401 1815 omnibus
2438 1761 2700 1813 senten·
2751 1742 2758 1837 l
2806 1749 3031 1829 quitur
3075 1746 3524 1828 Quintilianus
3570 1750 3638 1811 in
3683 1749 3893 1812 milite
3936 1748 4268 1813 Mariano:
4331 1747 4480 1829 Quo
4536 1748 4617 1812 ad
4664 1749 4758 1812 al-

751 1838 860 1902 tiis
906 1846 1167 1919 praeter
1213 1857 1437 1917 unam,
1497 1855 1693 1916 quam
1751 1856 1938 1898 suam
1985 1832 2296 1899 Stalenus
2342 1856 2483 1898 esse
2530 1834 2701 1898 dice-

749 1923 876 2000 bat,
916 1920 1323 2007 Scamander
1345 1921 1557 2003 prima
1589 1920 1843 1983 actione
1867 1917 2336 1984 condemnatus
2371 1928 2487 1985 est.
2541 1919 2702 1983 Fal-

749 2010 982 2074 luutur
1035 2028 1192 2089 ergo
1238 2007 1351 2087 qui
1403 2027 1660 2088 semper
1706 2006 2047 2070 tabellarcs
2102 2006 2298 2069 fuisse
2345 2007 2702 2070 sententias

726 2144 731 2150 ·
752 2095 1152 2159 existimant».

931 2179 1029 2242 Ne
1082 2200 1154 2240 ea
1210 2178 1487 2241 omnium
1536 2180 1737 2257 tieret,
1793 2200 1951 2257 (sacae
1999 2176 2317 2263 Caes-aris]
2382 2178 2526 2241 Hoc
2585 2185 2700 2253 est,

751 2288 837 2330 ne
895 2266 947 2329 si
1002 2264 1220 2347 palam
1267 2264 1644 2345 protulisset
1691 2266 2031 2346 Augustus
2090 2264 2511 2339 sententiam,
2566 2282 2703 2325 oin-

753 2373 871 2415 nes
917 2351 1055 2415 eius
1100 2350 1517 2412 autoritatem
1564 2350 1774 2413 instar
1819 2348 2199 2430 praeiudicii
2257 2359 2703 2432 sequerentur.

755 2438 863 2500 Ita
929 2443 1118 2500 erant
1183 2435 1515 2499 liberiores
1579 2457 1743 2516 quae
1810 2435 2261 2499 scribebantur
2322 2435 2701 2498 sententiae.

756 2521 977 2603 Quare
1014 2520 1241 2586 Cicero
1279 2521 1357 2583 de
1395 2520 1536 2603 lege
1577 2522 1851 2603 agraria,
1900 2520 2205 2585 tabellam
2243 2541 2369 2603 qua
2405 2520 2703 2583 sereban-

2752 1862 2758 1915 ,
2805 1836 3036 1897 tiorcm
3081 1834 3352 1915 quisque
3395 1833 3717 1897 honorum
3762 1833 4040 1917 gradum
4097 1832 4490 1911 extenditur,
4550 1836 4757 1917 magis

2807 1920 2875 1982 in
2922 1919 3295 2001 exemplum
3340 1921 3780 2001 spectantibus
3837 1928 4034 2003 patet.
4124 1921 4213 1983 Et
4258 1920 4415 1983 haec
4462 1934 4562 1984 est
4605 1942 4755 1985 con-

2808 2004 2967 2068 ditio
3012 2006 3438 2087 superiorum,
3486 2017 3561 2069 ut
3602 2004 3916 2089 quidquid
3951 2005 4216 2083 faciunt,
4261 2006 4637 2087 praecipere
4659 2007 4755 2069 vi-

2807 2091 3099 2155 deantur.
3153 2090 3412 2170 ‘Quare
3456 2090 3550 2154 nil
3596 2092 3864 2168 mirum,
3921 2094 3975 2156 si
4031 2090 4274 2154 habere
4334 2089 4612 2155 debeant
4664 2092 4757 2156 fa-

2809 2198 2954 2240 mae
3000 2178 3338 2240 rationem.

2981 2262 3234 2327 Iuravit
3275 2284 3339 2327 se
3381 2283 3501 2325 non
3546 2260 3895 2348 aditurum]
3957 2262 4102 2327 Hoc
4157 2263 4422 2327 schema
4478 2263 4757 2327 rhetori-

2808 2370 2986 2425 cum,
3048 2347 3216 2431 quod
3262 2349 3372 2412 alii
3418 2340 3663 2425 πλὸκην,
3721 2348 3833 2412 alii
3877 2346 4294 2411 ἀναδιπλωσιν
4336 2358 4608 2429 vocant,
4654 2370 4757 2413 re-

2808 2436 3054 2516 petit-io,
3102 2456 3220 2497 seu
3267 2432 3602 2516 replicatio
3646 2434 3847 2498 latine
3892 2433 4016 2498 dici
4058 2441 4289 2516 potest.

2985 2520 3345 2584 Gratuitam
3379 2540 3507 2585 esse
3541 2517 3952 2606 severitatem]
4000 2519 4063 2583 N
4064 2540 4151 2583 on
4198 2519 4634 2602 excogitatam
4672 2518 4756 2583 ad

756 2617 866 2672 tur
887 2607 1217 2690 suffragia,
1247 2616 1430 2670 vocat
1466 2606 1742 2671 indicem
1780 2608 2013 2685 tacitae
2053 2606 2402 2682 libertatis;
2450 2614 2516 2669 et
2549 2605 2704 2668 alibi
2754 2624 2758 2651 ¹
2807 2603 3290 2670 confiscandam
3337 2605 3829 2681 haereditatem,
3871 2616 3991 2670 etc.

756 2694 1032 2759 tabellae
1076 2692 1412 2757 latebram.

2982 2692 3126 2755 Non
3169 2692 3461 2769 culleum,
3523 2713 3643 2756 non
3686 2690 4023 2790 serpentes]
4087 2689 4437 2773 Significat
4482 2712 4760 2774 poenam

2755 2738 2758 2759 .

930 2778 1183 2843 Iuravit
1221 2799 1284 2843 se
1336 2778 1521 2842 Tarii
1561 2778 1877 2857 locupletis
1915 2777 2212 2864 hominis]
2262 2777 2400 2843 Cur
2443 2779 2703 2841 iurave-
2753 2764 2758 2825 l
2807 2777 3298 2857 parricidarum,
3343 2779 3453 2859 qui
3498 2779 3702 2861 virgis
3746 2778 4120 2860 sanguineis
4164 2778 4513 2853 verberati,
4562 2788 4757 2859 atque

753 2868 843 2930 rit
891 2868 1263 2949 Augustae,
1323 2871 1549 2947 postea
1594 2863 1802 2945 aperit
1847 2863 2125 2942 Seneca,
2183 2887 2266 2928 ne
2313 2863 2563 2929 scilicet
2607 2864 2702 2927 vi-

756 2951 1022 3016 deretur
1077 2950 1262 3033 spolii
1325 2951 1427 3021 (ut
1480 2948 1745 3030 dieitur)
1803 2950 2157 3033 cupiditate
2212 2952 2527 3014 conficere
2591 2949 2702 3013 be-

754 3038 963 3103 luam:
1008 3047 1075 3102 et
1109 3036 1254 3101 ideo
1279 3037 1487 3100 filium
1525 3037 1605 3121 ab
1645 3036 2042 3100 haereditate
2086 3046 2360 3120 paterna
2404 3036 2700 3113 deiicere,

753 3133 831 3188 ut
873 3126 1013 3207 ipsc
1057 3123 1286 3187 haeres
1321 3123 1665 3186 institutus
1700 3121 1767 3185 in
1804 3122 2020 3187 locum
2059 3123 2448 3188 succederet.
2508 3120 2702 3201 Quod

755 3210 862 3274 hic
917 3210 1186 3274 Tarium
1254 3208 1585 3272 hominem
1641 3208 2031 3291 locupletem
2088 3208 2373 3291 appellat
2430 3206 2701 3283 Seneca,

754 3296 950 3360 homo
994 3296 1131 3377 ipse
1176 3292 1538 3375 praedives,
1588 3314 1713 3357 non
1760 3295 1875 3358 abs
1921 3316 1990 3358 re
2024 3303 2139 3358 est.
2211 3292 2550 3376 Siquidem
2574 3294 2702 3357 Ta-

755 3383 912 3458 riuS,
959 3388 1035 3444 ut
1076 3380 1303 3444 scribit
1348 3378 1604 3443 Plinius
1659 3380 1729 3441 in
1786 3400 1860 3442 eo
1905 3401 2097 3462 quem
2142 3381 2486 3445 eit-avimus
2538 3379 2700 3456 1060,

755 3467 993 3530 [11111168
1016 3465 1390 3529 sestertium
1411 3463 1801 3529 liberalitate
1827 3466 2110 3548 Augusti
2123 3479 2504 3550 congestum
2528 3465 2704 3548 agris

756 3551 1133 3618 coemuudis
1177 3551 1512 3615 exhausit:
1562 3572 1738 3636 *quae
1784 3567 2039 3614 summa
2082 3552 2237 3615 facit
2280 3553 2450 3616 aeris
2496 3552 2703 3614 nostri

756 3637 958 3703 vicies
999 3637 1343 3720 quinquies
1388 3644 1660 3700 centena
1702 3636 1964 3714 millias
1997 3660 2112 3702 seu
2167 3637 2325 3702 duos
2380 3637 2703 3702 milliones

756 3729 824 3787 et
880 3724 1241 3806 quingenta
1297 3721 1507 3786 millia
1559 3729 2053 3787 coronatorum:
2109 3731 2183 3787 ut
2237 3723 2569 3807 colligitur
2621 3745 2705 3787 ex

754 3809 1219 3892 supputatione
1262 3807 1535 3872 Budaei.
1626 3808 1853 3890 Neque
1911 3811 2084 3873 enim
2138 3810 2303 3872 mihi
2356 3830 2550 3874 curae
2607 3818 2706 3872 cst

756 3894 910 3977 quid
972 3896 1222 3976 garriat
1275 3894 1553 3958 Porcius
1610 3895 1815 3958 Latro
1870 3896 2282 3960 Viccntinus.
2387 3894 2566 3976 Quid
2621 3897 2705 3959 sit

757 3981 934 4044 adire
982 3978 1481 4057 haereditatem,
1540 3978 1712 4062 quod
1766 3989 1832 4044 et
1886 4001 2154 4046 cernere
2211 3981 2476 4058 dieitur,
2537 3980 2707 4044 nulli

757 4067 960 4131 ferme
1024 4066 1488 4130 iurisconsulto
1555 4086 1685 4129 non
1749 4069 2084 4149 cognitum
2154 4077 2267 4132 est.
2359 4065 2709 4150 Significat

758 4154 935 4216 enim
977 4151 1326 4216 haeredem
1367 4151 1679 4234 profiteri,
1727 4160 1794 4214 et
1831 4175 1901 4216 86
1945 4173 2063 4235 pro
2118 4153 2398 4218 haerede
2457 4173 2703 4236 gerere.

754 4237 950 4304 Unde
1002 4245 1070 4302 et
1120 4238 1563 4320 metaphorice
1616 4257 1884 4302 cernere
1935 4239 2411 4304 haereditatem
2456 4239 2707 4303 alienae

757 4323 992 4402 laudis,
1040 4322 1342 4389 Ciceroni
1388 4323 1472 4388 ad
1511 4323 1939 4402 Dolabellam,
1986 4334 2053 4388 et
2095 4325 2259 4388 libro
2290 4325 2390 4386 VI
2395 4376 2407 4388 .
2456 4323 2537 4388 ad
2585 4325 2707 4387 Aa

757 4411 989 4474 ticum:
1035 4430 1301 4473 cernere
1344 4430 1651 4474 amorem.
1718 4410 1865 4474 Non
1904 4410 2416 4475 contemnendus
2461 4419 2562 4474 est
2604 4431 2707 4474 er-

755 4518 867 4560 ror
910 4495 1227 4572 Marcelli,
1273 4496 1457 4559 cuius
1484 4497 1681 4561 verba
1725 4504 1907 4560 sunt:
1953 4497 2258 4575 Cernere,
2304 4496 2533 4560 cedere
2578 4496 2709 4579 sig-

759 4582 986 4646 nificat
997 4605 1011 4659 ;
1071 4578 1243 4644 unde
1289 4588 1358 4644 et
1399 4603 1665 4645 cernere
1717 4581 2186 4648 haereditatem
2233 4582 2360 4646 filii‘
2394 4582 2706 4664 patribus,

759 4666 827 4731 id
873 4674 976 4731 est
1020 4664 1249 4730 cedere
1294 4665 1447 4730 dicti
1492 4677 1660 4731 sunt.
1726 4668 1872 4732 Imo
1898 4691 2050 4734 vero
2094 4668 2212 4733 filii
2254 4676 2520 4750 patrum
2554 4667 2710 4731 hae-

759 4753 1108 4818 reditatem
1154 4760 1448 4829 cernunt,
1498 4753 1563 4817 id
1609 4762 1710 4819 est
1752 4753 2012 4830 adeunt.

938 4836 1112 4903 Satis
1166 4837 1385 4902 habere
1444 4837 1716 4917 fiduciae
1779 4841 1849 4902 in
1892 4840 2050 4905 bona
2094 4837 2493 4923 conscientia]
2558 4838 2711 4902 Non

761 4925 938 4988 enim
986 4923 1302 5008 sapientis
1347 4931 1447 4989 est
1491 4946 1559 4988 se
1605 4933 1796 4989 extra
1839 4947 2171 5008 quaerere,
2217 4933 2283 4989 et
2339 4914 2626 5008 p'endere
2673 4945 2712 4987 a

760 5011 1153 5088 rumoribuS,
1194 5009 1309 5074 sed
1331 5010 1769 5075 conscientiae
1805 5033 1963 5076 suae
2000 5010 2238 5078 fiducia
2272 5009 2416 5086 niti,
2453 5017 2529 5074 ut
2564 5008 2711 5091 phi-

758 5094 1009 5177 losophi
1054 5095 1450 5178 praedicant.
1542 5095 1773 5162 Cicero
1820 5096 1902 5161 ad
1948 5097 2245 5164 Atticum
2287 5097 2455 5162 libro
2518 5095 2709 5160 XII.:

901 5368 956 5434 1)
998 5369 1183 5424 Hodie
1214 5372 1436 5440 leqitur:
1476 5372 1635 5426 Aviti.

2805 2864 3011 2928 insuti
3055 2863 3262 2927 culleo
3305 2883 3454 2927 cum
3499 2884 3676 2939 cane,
3724 2864 3941 2939 simia,
4000 2884 4218 2946 angue
4257 2870 4325 2927 et
4368 2862 4751 2947 gallinaceo,

2806 2951 2874 3011 in
2930 2950 3367 3033 profluentem
3423 2948 3928 3027 deiiciebantur,
3976 2962 4121 3026 aut,
4176 2949 4233 3013 si
4278 2970 4461 3014 mare
4495 2949 4760 3033 longius

2807 3036 3107 3101 dissitum
3145 3048 3335 3110 esset,
3380 3036 3537 3100 feris
3581 3035 4103 3101 subiiciebantur.
4194 3036 4407 3100 Autor
4440 3034 4762 3100 Modesti-

2809 3143 2931 3186 nus
2986 3122 3057 3184 in
3112 3122 3153 3185 1.
3202 3142 3410 3203 poena
3466 3121 3798 3204 parricidii
3843 3122 3908 3184 ff.
3967 3120 4049 3185 ad
4092 3121 4133 3185 1.
4183 3122 4412 3205 Pomp.
4473 3121 4554 3186 de
4608 3143 4761 3205 par-

2805 3207 2985 3273 ricid.
3089 3205 3169 3270 Id
3233 3208 3661 3273 constitutum
3726 3218 3870 3271 erat
3940 3207 4084 3290 lege
4151 3206 4485 3285 Cornelia,
4539 3228 4765 3291 quam

2809 3292 3107 3357 nonnulli
3178 3293 3381 3358 latam
3446 3315 3487 3357 a
3553 3292 3741 3378 Sylla
3807 3293 4206 3358 existimant.
4315 3294 4461 3376 Ego
4527 3301 4764 3358 contra

2807 3381 3034 3443 sentio,
3103 3379 3277 3443 Nam
3321 3379 3552 3445 Cicero
3596 3381 3665 3442 in
3707 3381 4002 3443 oratione
4044 3401 4161 3461 pro
4197 3379 4455 3455 Rosci0‚
4494 3378 4762 3460 Quanto

2806 3465 3048 3546 inquit,
3102 3467 3378 3530 maiores
3431 3466 3638 3529 nostri
3681 3465 4069 3547 sapientius,
4112 3465 4225 3547 qui
4268 3486 4472 3547 quum
4515 3465 4763 3530 intelli-

2808 3558 3037 3633 gerent
3081 3550 3244 3614 nihil
3289 3572 3433 3637 esse
3478 3563 3613 3615 tam
3658 3559 3975 3628 sanctum,
4022 3550 4193 3633 quod
4239 3571 4371 3615 non
4408 3551 4762 3634 aliquando

2809 3636 3088 3701 violaret
3140 3636 3438 3714 audacia,
3485 3637 3873 3720 supplicium
3917 3638 4004 3700 in*
4026 3636 4381 3718 parricidas
4422 3637 4763 3719 singulare

2809 3723 3374 3805 excogitaverunt:
3427 3732 3502 3786 ut
3545 3743 3708 3804 quos
3752 3723 3895 3804 ipsa
3936 3735 4177 3786 natura
4219 3723 4505 3786 retinere
4549 3724 4619 3786 in
4663 3723 4762 3786 of-

2811 3809 2952 3873 ficio
3008 3828 3141 3872 non
3197 3810 3546 3892 potuisset,
3614 3808 4074 3891 magnitudine
4135 3829 4384 3890 poenae
4438 3808 4763 3893 maleficio

2789 3895 3387 3970 'submoverentur,
3446 3896 3623 3959 insui
3683 3894 4032 3958 voluerunt
4087 3895 4159 3956 in
4213 3893 4497 3958 culleum
4555 3896 4761 3971 vivos,

2811 3991 3005 4062 atque
3046 3981 3141 4045 ita
3183 3980 3253 4044 in
3309 3983 3555 4045 flumen
3600 3980 3804 4044 deiiei.
3894 3980 4025 4043 Hic
4069 4001 4108 4044 a
4163 3979 4517 4045 maioribus
4554 3981 4764 4044 latam

2810 4066 3023 4149 legem
3080 4075 3388 4143 testatur,
3455 4087 3657 4149 quum
3720 4072 3943 4129 tamen
4009 4085 4271 4130 causam
4298 4068 4347 4148 ¹)
4413 4065 4605 4150 Sylla
4661 4067 4762 4130 vi-

2812 4160 3006 4216 vente
3073 4163 3324 4234 ageret,
3385 4165 3610 4217 autore
3672 4151 4047 4216 Plutarcho
4162 4150 4476 4235 Quisquis
4539 4161 4766 4216 tamen

2812 4237 2921 4301 ille
2957 4237 3152 4301 fuerit
3191 4237 3538 4303 Cornelius
3585 4237 3834 4319 primus
3879 4237 4239 4321 legislator,
4299 4237 4512 4320 legem
4552 4257 4768 4319 paene

2812 4323 3169 4387 obsoletam
3235 4325 3305 4386 in
3369 4346 3562 4388 usum
3627 4324 3960 4387 revocavit
4032 4324 4384 4410 Pompeius
4452 4324 4765 4406 Magnus,

2812 4409 2978 4473 nihil
3044 4408 3126 4472 ad
3181 4430 3459 4490 poenam
3514 4407 3851 4487 adiiciens,
3920 4408 4473 4491 quemadmodum
4536 4407 4770 4474 scribit

2812 4494 3167 4561 Marcellus
3219 4496 3555 4560 iuriscons.
3603 4496 3672 4559 in
3714 4495 3755 4558 l.
3795 4495 3847 4558 Ι.
3887 4494 3952 4557 ff.
3999 4493 4081 4557 ad
4125 4494 4165 4558 l.
4204 4495 4589 4577 Pompeiam
4634 4503 4764 4561 etc.

2813 4580 2884 4644 in
2939 4582 3124 4645 cuius
3183 4581 3404 4645 verbis
3461 4580 3589 4645 duo
3654 4580 3853 4646 verba
3919 4579 4355 4664 expungenda
4419 4581 4770 4647 scitissime

2815 4663 3034 4731 docuit
3077 4666 3309 4731 Zasius
3364 4666 3880 4732 iurisconsultus.
3972 4665 4178 4731 Adde‘
4201 4667 4398 4731 ctiam
4442 4667 4566 4731 hoc
4608 4688 4771 4750 sup-

2815 4751 3084 4833 plicium
3130 4774 3258 4816 non
3298 4754 3583 4834 primum
3622 4753 4065 4834 excogitatum
4101 4773 4247 4817 esse
4282 4753 4351 4816 in
4386 4751 4769 4835 parricidas,

2815 4838 2930 4902 sed
2973 4859 3176 4920 quum
3220 4838 3311 4902 M.
3352 4837 3608 4903 Tullius
3653 4838 3982 4915 duumvir,
4030 4839 4185 4919 quia
4228 4837 4469 4902 librum
4512 4849 4773 4904 secreta

2815 4922 3110 4988 civilium
3133 4944 3466 4989 sacrorum
3483 4924 3930 4989 continentem
3950 4924 4262 4988 Petronio
4274 4920 4522 4989 Sabino
4547 4931 4773 4991 trans-

2816 5008 3234 5074 scribendum
3288 5008 3583 5088 dederat,
3650 5011 3838 5074 iussu
3905 5010 4243 5092 Tarquinii
4308 5011 4484 5092 regis
4547 5009 4772 5076 culleo

2956 5300 3013 5365 1)
3054 5298 3164 5353 Ed.
3186 5298 3321 5352 1597
3347 5301 3476 5355 vitio
3510 5315 3800 5370 operarum
3836 5300 4027 5354 scribit
4060 5315 4241 5369 causa,
4278 5299 4408 5354 inde
4438 5300 4776 5368 posteriores

2817 5384 2885 5423 ex
2919 5369 3230 5436 conjectura
3266 5387 3475 5426 causas.
