5100 6061
764 406 847 468 39
2405 403 2533 467 DE
2581 400 3125 467 CLEMENTIA
4679 404 4761 465 40

973 592 1141 647 Fallit
1175 593 1315 647 enim
1348 593 1533 645 vitium
1569 593 1749 660 specie
1784 593 1995 646 virtutis
2031 599 2089 645 et
2122 592 2325 658 umbra,

978 660 1151 728 Quum
1188 663 1257 715 sit
1289 662 1442 715 triste
1477 661 1677 723 habitu,
1716 661 1862 714 vultu
1902 677 1969 714 ue
2005 668 2063 714 et
2095 669 2245 715 veste
2284 676 2544 715 severum.

976 730 1092 784 Nec
1127 730 1283 783 dubie
1320 738 1573 796 tanquam
1609 728 1747 797 frugi
1781 729 1868 782 lau
1898 736 2030 781 atur
2066 746 2278 795 avaruS,

979 798 1255 866 Tanquam
1293 814 1487 865 parcus
1522 798 1683 850 homo
1724 804 1780 849 ct
1813 813 1992 850 rerum
2028 797 2201 850 tutela
2239 812 2476 850 suarum.

771 900 1027 967 Seneca
1061 901 1243 984 epist.
1285 900 1433 964 Vl:
1470 900 1654 964 Vitia
1696 899 1878 964 nobis
1925 898 2046 964 sub
2092 900 2415 963 virtutum
2454 898 2718 962 nomine

772 987 1126 1070 obrepunt,
1216 986 1548 1050 temeritas
1613 986 1734 1051 sub
1802 986 1990 1050 titulo
2055 982 2457 1050 fortitudinis
2530 982 2712 1048 latet.

772 1072 968 1137 Hanc
992 1074 1382 1137 sententiam
1406 1072 1736 1154 eleganter
1761 1071 2152 1137 constrinxit
2168 1070 2522 1135 verborum
2541 1091 2716 1135 com-

775 1158 1008 1242 pendio
1062 1157 1336 1222 Publius
1388 1157 1916 1241 Mimographus:
1942 1186 1951 1195 .
1977 1155 2278 1221 Timidus
2337 1178 2405 1221 se
2450 1161 2734 1220 cautum'

777 1253 980 1321 vocat,
1019 1243 1317 1308 sordidus
1352 1265 1639 1326 parcum.
1674 1244 1721 1325 ¹)
1760 1242 1953 1323 Quod
1991 1243 2046 1306 si
2091 1263 2327 1306 verum
2363 1240 2716 1323 aliquando

776 1330 916 1407 fuit,
961 1351 1198 1413 magno
1241 1337 1463 1395 nostro
1521 1330 1693 1393 malo
1740 1328 1933 1393 hodie
1992 1328 2413 1393 verissimum
2460 1327 2715 1409 experi-

773 1438 938 1480 mur.

951 1502 1148 1585 Siqua
1181 1498 1597 1586 impresseris]
1646 1498 2113 1582 Significanter
2150 1499 2367 1582 posuit
2410 1498 2531 1563 hoc
2567 1519 2716 1562 ver-

777 1589 931 1653 bum
964 1588 1148 1670 quasi
1178 1587 1422 1651 diceret
1451 1608 1661 1668 neque
1697 1584 2215 1667 descriptionem,
2262 1605 2468 1666 neque
2503 1585 2716 1666 pictu-

776 1696 916 1738 ram
943 1674 1265 1738 sufficere:
1303 1672 1461 1736 adeo
1497 1670 1705 1735 facilis
1739 1676 1839 1733 est
1860 1671 2084 1753 lapsus
2107 1670 2177 1733 in
2201 1669 2557 1735 virtutibus
2582 1667 2715 1733 dis-

775 1759 1150 1835 cernendis,
1212 1766 1475 1840 propter
1527 1757 1739 1833 illam,
1796 1765 1870 1820 ut
1930 1754 2379 1836 Quintilianus
2435 1756 2713 1833 vocavit,

779 1846 1084 1909 vitiorum
1134 1844 1462 1908 viciniam.
1565 1840 1676 1907 Sic
1734 1840 1987 1907 Seneca
2040 1842 2227 1924 epist.
2266 1841 2413 1905 VL:
2472 1842 2555 1924 In
2613 1840 2714 1905 his

773 1952 1011 2015 magno
1055 1929 1342 2011 periculo
1403 1936 1676 2005 erratur,
1734 1928 1838 1993 his
1885 1936 2096 1993 certas
2151 1935 2339 1991 notas
2393 1926 2711 2008 imprime.

774 2016 1192 2081 Contrarium
1230 2021 1331 2077 est
1365 2015 1552 2097 signa
1587 2014 1971 2078 conturbare
2008 2012 2310 2079 Ciceroni
2353 2010 2519 2076 libro
2567 2033 2714 2095 sep-

775 2103 933 2165 timo
979 2101 1160 2183 epist.
1210 2098 1293 2164 ad
1338 2100 1648 2165 Atticum.

952 2203 1256 2284 Quomodo
1298 2202 1604 2283 confirmet
1648 2225 1800 2282 eam,
1845 2208 1897 2267 et
1940 2224 2066 2267 usu
2106 2222 2292 2266 suam
2322 2197 2547 2287 faciat]
2595 2200 2715 2265 Al-

775 2289 947 2353 ludit
1004 2288 1085 2352 ad
1143 2288 1601 2370 usucapiones,
1672 2300 1738 2353 et
1794 2289 2333 2371 praescriptiones
2395 2286 2715 2352 iuriscon-

775 2375 1112 2440 sultorum.
1203 2372 1541 2454 Quomodo
1578 2375 1773 2439 etiam
1808 2376 1992 2456 epist.
2033 2373 2182 2437 VL:
2232 2371 2454 2438 Semel
2495 2370 2717 2435 traditi

774 2461 926 2525 boni
986 2468 1301 2542 perpetua
1396 2461 1669 2525 ossessio
1709 2470 1836 2538 est,
1893 2461 2107 2524 virtus
2151 2479 2286 2522 non
2343 2457 2712 2522 dediscitur.

774 2546 920 2611 Hoc
975 2558 1076 2610 est
1117 2545 1289 2627 quod
1376 2547 1562 2611 icunt
1617 2546 2018 2628 philosophi,
2074 2546 2366 2610 animum
2409 2544 2714 2621 hominis,

774 2641 971 2716 prout
1008 2632 1360 2696 virtutibus
1396 2643 1510 2696 aut
1546 2632 1725 2698 vitiis
1769 2631 2100 2707 assuescit,
2147 2650 2374 2695 eorum
2418 2628 2718 2695 habitum

776 2719 1177 2783 contrahere.
1265 2718 1554 2783 Habitus
1590 2728 1807 2783 autem
1843 2723 2004 2781 sunt
2042 2716 2398 2798 acquisitae
2437 2715 2717 2797 qualita-

775 2814 900 2881 tes,
962 2804 1201 2885 quibus
1266 2803 1349 2868 ad
1404 2818 1659 2868 nostros
1705 2804 1978 2868 affectus
2020 2802 2184 2866 bene
2229 2801 2339 2865 vel
2380 2800 2552 2865 male
2597 2821 2718 2866 nos

775 2890 1105 2954 habemus.
1219 2888 1330 2954 Sic
1392 2890 1635 2971 accipio
1702 2889 1917 2954 locum
1979 2886 2357 2953 Aristotelis
2432 2887 2718 2952 secundo

774 2975 1180 3053 Ethicorum,
1219 2975 1534 3041 moralem
1557 2976 1872 3041 virtutem
1908 2995 1991 3040 ex
2036 2972 2507 3039 consuetudine
2544 2992 2717 3037 com-

771 3063 1005 3145 parari.
1096 3063 1362 3134 Abeunt
1404 3064 1577 3127 enim
1622 3061 1838 3126 studia
1879 3063 1949 3126 in
1989 3082 2232 3136 mores,
2279 3060 2372 3124 ait
2415 3057 2716 3137 Ovidius,

774 3157 840 3212 et
882 3148 1054 3231 apud
1092 3148 1399 3213 Curtium
1433 3148 1540 3212 lib.
1580 3147 1692 3210 V.:
1732 3145 2149 3212 Consuetudo
2195 3153 2434 3209 natura
2478 3144 2720 3210 dicitur

773 3235 1115 3316 potentior.
1202 3234 1461 3298 Marius
1506 3231 1680 3316 apud
1725 3231 2116 3297 Salustium:
2175 3230 2378 3309 Mihi,
2422 3231 2533 3313 qui
2580 3252 2717 3294 om-

694 3362 702 3371 ·
775 3341 927 3385 nem
962 3328 1244 3384 aetatem
1280 3322 1349 3384 in
1385 3319 1636 3384 artibus
1670 3319 1941 3400 optimis·
1971 3319 2093 3400 egi,
2142 3314 2305 3380 bene
2327 3317 2540 3380 facere
2585 3318 2718 3380 iam

776 3429 859 3471 ex
906 3404 1371 3471 consuetudine
1414 3407 1485 3468 in
1530 3413 1835 3469 naturam
1882 3403 2097 3467 vertit.
2190 3403 2281 3466 Et
2324 3403 2717 3468 Aristoteles

774 3491 1100 3557 Problcm.
1134 3492 1429 3556 'sectione
1465 3489 1659 3554 vm.
1685 3488 1865 3555 ‚dicit
1907 3487 2445 3554 consuetudinem
2493 3488 2561 3552 in
2600 3509 2716 3551 na-

773 3591 962 3642 turae
1006 3576 1304 3641 habitum
1338 3575 1805 3641 transformari.

950 3679 1212 3748 Nullam
1245 3699 1385 3743 vero
1420 3698 1495 3742 ex
1534 3673 1841 3763 omnibus]
1899 3676 2045 3740 Iam
2089 3675 2343 3741 Seneca
2387 3677 2467 3741 ab
2511 3676 2717 3758 ipsius

771 3767 1043 3832 virtutis
1097 3763 1653 3831 commendatione
1707 3762 2053 3827 artificiose
2101 3762 2332 3844 incipit
2348 3814 2361 3840 ,
2408 3782 2574 3844 quae
2633 3783 2717 3827 ex

773 3874 976 3935 aequo
1029 3851 1202 3933 apud
1257 3871 1480 3914 omnes
1537 3855 1681 3928 [pag.
1735 3853 1840 3927 28]
1905 3848 2203 3913 homines
2256 3846 2490 3912 valeat.
2582 3848 2719 3913 Vix

775 3940 950 4003 enim
994 3937 1204 4002 ullum
1248 3955 1480 4018 operae
1523 3937 1808 4018 pretium
1850 3935 2118 4008 faceret,
2165 3934 2217 3998 si
2265 3933 2405 3998 sola
2457 3933 2717 3999 honesti

774 4023 1333 4106 contemplatione,
1370 4021 1619 4086 Neroni
1656 4029 1720 4084 et
1756 4020 1900 4084 aliis
1941 4018 2344 4102 principibus
2389 4039 2715 4084 commen-

774 4110 959 4175 daret
1014 4109 1441 4174 clementiam.
1535 4105 1794 4172 Scimus
1846 4107 1938 4169 ita
1991 4126 2131 4170 esse
2174 4111 2413 4169 natura
2455 4127 2715 4188 compa-

775 4203 1011 4272 ratum,
1050 4204 1127 4259 ut
1161 4194 1375 4278 specie
1409 4193 1715 4257 utilitatis
1752 4200 1870 4256 aut
1912 4190 2271 4273 voluptatis
2315 4192 2526 4279 magis
2572 4192 2714 4256 affi-

775 4283 1054 4359 ciamur,
1106 4301 1302 4363 quam
1367 4279 1500 4343 illis
1568 4277 1943 4343 Stoicorum
1994 4276 2361 4359 paradoxis,
2421 4298 2461 4341 a
2515 4298 2716 4342 sensu

771 4367 1072 4451 populari
1113 4365 1627 4431 abhorrentibus.
1719 4362 1878 4429 Sive
1920 4363 2123 4446 igitur
2164 4384 2317 4428 cum
2360 4359 2599 4427 Stoicis
2642 4365 2715 4427 in

772 4452 951 4518 nuda
993 4452 1350 4516 honestatis
1370 4451 1845 4531 conspiratione
1867 4468 2227 4527 versamur,
2273 4449 2433 4513 satis
2477 4468 2552 4512 eo
2596 4470 2714 4514 no-

770 4541 950 4603 mine
992 4538 1248 4621 placere
1290 4544 1505 4618 potest
1547 4536 1918 4613 clementia,
1963 4554 2133 4616 quae
2176 4534 2552 4599 societatem
2590 4533 2713 4599 hu·

773 4645 1038 4692 manam
1074 4622 1538 4705 complectitur.
1629 4619 1764 4686 Seu
1800 4619 1882 4685 ad
1916 4620 2323 4702 voluptatem
2361 4619 2711 4699 tendimus,

775 4733 892 4776 seu
937 4730 1051 4792 spe
1104 4707 1423 4773 commodi
1467 4706 1798 4782 ducimur,
1844 4714 1911 4769 et
1964 4706 2072 4769 hic
2113 4705 2458 4770 clementia
2495 4704 2712 4769 locum

774 4818 966 4861 suum
1009 4794 1268 4872 retinet,
1310 4804 1377 4858 et
1420 4794 1825 4876 dignitatem.

950 4899 1156 4980 Quum
1202 4898 1378 4963 nulla
1422 4898 1755 4962 humanior
1788 4893 1897 4980 sit]
1947 4896 2434 4978 Argumentum
2477 4913 2518 4956 a
2562 4911 2713 4957 con-

774 4985 1031 5068 iugatis.
1091 4983 1270 5048 Sunt
1301 4985 1475 5049 enim
1516 4982 1812 5046 derivata
1846 4981 2039 5044 homo
2075 4987 2141 5043 et
2161 4980 2508 5044 humanus.
2578 4978 2712 5042 Lo·

777 5089 889 5134 cus
934 5081 1033 5134 est
1073 5072 1140 5134 in
1186 5071 1443 5152 Topicis
1488 5090 1528 5132 a
1571 5066 2028 5149 coniugatione
2086 5066 2438 5129 verborum
2454 5116 2468 5143 ,
2514 5085 2710 5147 quam

911 5326 972 5390 1)
1008 5326 1180 5395 che:
1214 5327 1449 5380 Timidus
1486 5333 1646 5380 vocat
1680 5339 1738 5378 se
1776 5331 2005 5389 cautum,
2041 5336 2263 5389 parcum
2300 5321 2562 5376 sordidus.

2819 587 3059 654 Graeci
3102 590 3377 669 συζυγίαν
3419 598 3675 669 vocant,
3723 596 3790 654 et
3832 589 4181 672 coniugata
4221 589 4364 670 ipsa
4404 578 4644 668 σύζυγα,
4686 595 4762 654 ut

2820 675 2876 738 si
2899 694 3322 756 compascuus
3345 676 3432 739 sit
3469 696 3643 758 ager,
3689 675 3842 739 licet
3877 694 4302 757 compascere.
4371 675 4624 738 Mirum
4662 683 4760 739 est

2821 760 2990 825 hanc
3028 761 3665 844 argumentationem
3700 760 4114 840 Quintiliano
4148 767 4286 823 tam
4320 759 4566 833 nullius
4602 778 4760 842 pon-

2822 845 2994 910 deris
3059 848 3270 911 visam
3325 867 3485 925 esse,
3543 857 3619 909 ut
3670 846 4020 910 ridiculum
4076 845 4353 911 adiicere
4409 848 4757 928 putaverit,

2820 932 2946 996 nisi
2992 931 3221 997 Cicero
3276 954 3436 997 usus
3480 944 3675 997 esset:
3719 953 3919 1014 quum
3963 931 4124 996 haec
4167 933 4312 1013 ipsa
4352 931 4442 996 sit
4480 933 4761 997 finitima

2823 1019 3071 1099 siquae
3111 1017 3191 1082 ab
3228 1018 3623 1101 etymologia
3657 1017 3934 1083 ducitur.
4002 1018 4182 1100 Ergo
4217 1017 4760 1099 quemadmodum

2821 1104 3258 1168 Terentianus
3299 1103 3636 1179 Chremes,
3683 1104 3835 1186 quia
3876 1104 4071 1167 homo
4116 1111 4231 1179 est,
4278 1102 4443 1167 nihil
4489 1103 4758 1168 humani

2821 1189 3108 1253 alienum
3152 1211 3192 1253 a
3235 1210 3306 1255 se
3349 1200 3553 1271 putat,
3599 1190 3693 1253 ita
3733 1189 3839 1252 hic
3864 1188 4116 1253 Seneca
4150 1191 4367 1273 arguit
4406 1210 4546 1253 esse
4591 1188 4758 1256 hanc

2822 1275 3072 1339 homini
3123 1275 3809 1340 convenientissimam
3864 1276 4176 1339 virtutem
4199 1326 4215 1353 ,
4261 1296 4427 1357 quae
4468 1276 4759 1339 omnium

2823 1361 3297 1426 humanissima
3318 1370 3432 1426 est.
3500 1360 3950 1425 Humanitatis
3996 1382 4233 1424 nomen
4259 1362 4442 1424 varie
4488 1382 4756 1443 usurpa-

2820 1455 2946 1510 tur.
3037 1446 3120 1511 In
3165 1447 3288 1511 hoc
3333 1447 3469 1510 loco
3527 1467 3605 1511 ea
3648 1454 3774 1524 est,
3820 1466 3986 1527 quae
4030 1468 4069 1510 a
4113 1446 4330 1511 Gellio
4375 1446 4758 1511 describitur

2821 1531 2927 1596 lib.
2963 1533 3162 1597 XIII.
3205 1532 3560 1597 dexteritas
3607 1532 3946 1614 quaedam,
3984 1533 4570 1615 benevolentiaque
4606 1555 4758 1617 erga

2820 1639 3044 1683 omnes
3087 1619 3385 1683 homines
3427 1620 3821 1700 promiscua,
3869 1617 4143 1683 Graecis
4187 1624 4639 1700 φιλανθρωπία.

2994 1704 3172 1768 Inter
3221 1725 3351 1779 nos,
3406 1706 3517 1785 qui
3573 1703 3878 1768 hominem
3930 1704 4152 1769 sociale
4194 1702 4465 1790 animal]
4508 1705 4758 1770 Eadem

2821 1789 3021 1854 verba
3065 1811 3147 1854 ex
3192 1788 3536 1871 disciplina
3580 1788 3951 1854 Stoicorum
4001 1811 4041 1854 a
4084 1788 4338 1854 Seneca
4375 1798 4759 1872 repetuntur

2820 1875 2987 1940 libro
3025 1877 3307 1957 septimo
3331 1874 3411 1939 de
3432 1876 3797 1951 Beneficiis,
3845 1895 3920 1939 ac
3963 1877 4020 1940 si
4063 1876 4308 1941 diceret
4349 1876 4520 1939 hanc
4563 1897 4759 1941 unam

2821 1962 3143 2026 rationem
3198 1962 3357 2026 satis
3415 1962 3744 2027 efficacem
3799 1962 3956 2038 fore,
4015 1963 4070 2025 si
4113 1983 4262 2026 cum
4307 1960 4547 2026 Stoicis
4593 1972 4759 2027 esset

2821 2046 3200 2130 disputatio,
3260 2047 3670 2111 clementiam
3719 2067 3859 2111 esse
3915 2046 4241 2128 quoddam
4295 2048 4479 2129 qnasi
4533 2050 4757 2113 vincu-

2821 2132 2957 2197 lum
2982 2133 3309 2198 humanae
3346 2134 3672 2197 societatis
3698 2144 3765 2198 et
3786 2133 4208 2216 cognationis,
4266 2133 4391 2198 Est
4421 2133 4600 2196 enim
4630 2147 4759 2198 sta-

2821 2232 2963 2282 tum
2995 2220 3169 2282 inter
3211 2239 3321 2283 eos
3353 2221 3629 2295 axioma,
3679 2219 3974 2283 homines
4014 2218 4354 2282 hominum
4390 2240 4589 2283 causa
4621 2240 4757 2284 esse

2821 2305 3096 2387 genitos,
3159 2313 3234 2368 ut
3275 2313 3536 2369 mutuas
3577 2305 3863 2370 vicissim
3909 2325 4138 2387 operas
4181 2313 4532 2387 praestent,
4577 2315 4651 2368 ut
4691 2307 4757 2369 in

2821 2411 3166 2455 commune
3220 2390 3596 2467 consulant,
3644 2400 3717 2454 ut
3760 2412 3829 2455 se
3872 2410 4114 2473 suaque
4157 2401 4483 2472 quatenus
4521 2390 4754 2473 publici

2821 2476 3143 2541 commodi
3210 2478 3440 2553 refert,
3510 2478 3579 2539 in
3649 2496 3991 2540 commune
4059 2478 4412 2540 conferant.
4511 2475 4759 2541 Verum

2822 2562 3045 2625 statim
3098 2563 3405 2645 Epicurei
3458 2561 3927 2645 Cyrenaicique
3991 2562 4466 2637 reclamabunt,
4533 2563 4645 2643 qui
4689 2570 4758 2627 ut

2822 2647 2992 2711 nihil
3041 2649 3178 2712 suis
3225 2647 3663 2730 voluptatibus
3709 2647 4022 2713 decedere
4058 2647 4318 2723 volunt,
4364 2646 4636 2711 minime
4678 2647 4755 2712 ad

2822 2754 2892 2798 se
2945 2735 3272 2816 pertinere
3329 2734 3750 2805 contendent.
3806 2745 3881 2797 ut
3931 2756 4048 2798 suo
4093 2733 4429 2815 dispendio
4473 2732 4753 2797 alienum

2821 2830 3176 2902 procurent
3229 2818 3649 2902 impendium.
3752 2819 3921 2884 Cum
3974 2821 4055 2883 iis
4108 2841 4192 2883 ne
4236 2820 4322 2884 sit
4361 2819 4459 2882 illi
4501 2820 4755 2884 conflic-

2823 2903 3124 2982 tandum,
3179 2906 3333 2970 facit
3385 2915 3463 2969 ut
3513 2906 3683 2970 hanc
3724 2906 4034 2969 virtutem
4084 2926 4240 2969 suae
4294 2904 4558 2969 utilitati
4610 2927 4755 2970 con-

2823 3002 3200 3056 sentaneam
3247 3012 3388 3057 esse
3430 2992 3818 3075 intelligant.
3911 2992 4013 3056 De
4057 2991 4180 3057 hac
4223 2997 4443 3055 autem
4486 2991 4754 3056 humani

2822 3080 3079 3159 generis
3134 3079 3442 3144 societate
3494 3079 3782 3159 loquitur
3834 3079 3991 3143 satis
4055 3079 4310 3160 copiose
4365 3076 4594 3143 Cicero
4645 3076 4750 3142 lib.

2742 3215 2754 3227 .
2823 3164 3010 3229 Offic.
3048 3163 3138 3228 H.
3185 3175 3254 3228 et
3286 3164 3374 3228 H.
3419 3163 3499 3228 de
3534 3163 3829 3228 Finibus.
3909 3165 4144 3246 Atque,
4182 3174 4255 3227 ut
4287 3162 4369 3227 ad
4395 3163 4754 3261 Archytam

2821 3250 3085 3331 scripsit
3127 3249 3336 3327 Plato,
3381 3271 3515 3313 non
3555 3250 3675 3314 sibi
3718 3271 3787 3315 se
3831 3250 3949 3313 soli
3994 3270 4135 3314 esse
4177 3255 4407 3312 natum
4449 3269 4754 3313 memme-

2822 3334 2926 3412 rit,
2974 3333 3090 3399 sed
3111 3335 3377 3417 patriae,
3422 3334 3537 3400 sed
3580 3335 3733 3411 suis,
3778 3345 3854 3399 ut
3898 3336 4253 3419 perexigua
4296 3355 4448 3416 pars
4488 3336 4614 3416 ipsi
4656 3357 4754 3399 re-

2820 3421 3177 3502 linquatur.
3214 3421 3423 3485 Paulo
3446 3431 3623 3503 post:
3649 3421 3901 3485 Eadem
3924 3423 4090 3485 ratio
4112 3422 4266 3485 facit
4288 3419 4619 3483 hominem
4643 3421 4752 3484 ho-

2819 3507 3076 3570 minum
3097 3514 3531 3589 appetentem,
3569 3527 3846 3589 cumque
3879 3508 3958 3571 iis
3993 3519 4232 3570 natura
4269 3517 4336 3569 et
4366 3527 4490 3570 usu
4525 3517 4592 3569 et
4624 3527 4752 3571 ser·

2821 3613 3012 3656 mone
3044 3603 3530 3675 congruentem,
3568 3603 3640 3656 ut
3670 3593 3994 3675 profectus
4017 3615 4057 3657 a
4078 3594 4347 3657 caritate
4380 3589 4751 3656 domestico-

2821 3700 2969 3742 rum
2988 3699 3063 3743 ac
3081 3699 3369 3754 suorum,
3393 3686 3617 3743 currat
3637 3679 3914 3762 longius,
3936 3686 4003 3742 et
4023 3698 4094 3742 se
4114 3677 4416 3761 implicet,
4442 3678 4650 3759 primo
4671 3679 4755 3743 oi-

2820 3763 3024 3842 vium,
3062 3762 3296 3828 deinde
3330 3765 3623 3829 omnium
3656 3763 4033 3828 mortalium
4066 3763 4375 3828 societati.
4466 3762 4756 3828 Platonis

2821 3847 3037 3927 verba,
3062 3871 3227 3931 quae
3251 3871 3290 3913 a
3311 3849 3624 3916 Cicerone
3644 3850 4029 3933 allegantur,
4067 3849 4258 3914 hodie
4295 3855 4441 3928 [pag.
4467 3852 4573 3927 29]
4607 3869 4755 3931 quo-

2820 3956 2947 4017 que
2998 3943 3262 3999 exstant
3311 3936 3380 4000 in
3431 3936 3613 4017 epist.
3668 3934 3750 4000 ad
3795 3936 4174 4020 Archytam.
4266 3934 4496 3999 Cicero
4539 3944 4753 3999 tamen

2820 4019 2981 4085 haec
3015 4020 3241 4085 eadem
3266 4019 3506 4086 Stoicis
3540 4020 3770 4085 tribuit
3808 4022 3876 4085 in
3913 4023 4123 4102 primo
4147 4019 4551 4087 Officiorum.
4609 4018 4752 4084 Ari-

2818 4106 3083 4192 stoteles
3136 4126 3394 4189 quoque
3433 4106 3624 4171 Polit.
3669 4106 3827 4171 111.:
3885 4107 4153 4172 Dictum
4198 4114 4298 4170 est
4339 4113 4581 4169 natura
4622 4124 4752 4170 esse

2820 4191 3150 4256 hominem
3174 4192 3369 4257 civile
3391 4192 3636 4256 animal
3657 4213 3733 4258 ac
3766 4193 4125 4278 sociale-ex
4159 4211 4288 4275 quo
4323 4193 4415 4269 fit,
4453 4199 4530 4255 ut
4564 4192 4752 4256 etiam

2819 4278 2873 4342 si
2918 4276 3089 4341 nihil
3131 4276 3474 4361 indigeant
3510 4286 3740 4343 mutuo
3784 4279 4052 4355 auxili0,
4094 4278 4523 4342 nihilominus
4567 4276 4751 4341 affoe-

2816 4370 2962 4427 tent
3008 4364 3181 4427 vitae
3238 4363 3631 4429 societatem.
3710 4363 3813 4427 Ne
3862 4364 3971 4429 hic
4021 4364 4144 4429 sim
4188 4361 4514 4446 impendio
4563 4361 4753 4445 proli-

2815 4449 2979 4526 xior,
3023 4447 3177 4513 vide
3221 4447 3542 4515 Senecam
3579 4449 3762 4531 epist.
3799 4450 3842 4507 V
3854 4450 3906 4513 Ι.
3954 4450 4138 4532 epist.
4163 4449 4490 4515 XLVIII.

2992 4532 3318 4599 Communi
3379 4535 3526 4600 bono
3575 4533 3876 4621 ρθηίΐωη]
3935 4536 4163 4600 Talem
4218 4534 4516 4601 Stoicum
4565 4534 4752 4601 Cato-

2817 4641 2968 4684 nem
3012 4619 3357 4704 descripsit
3398 4622 3586 4686 nobis
3628 4621 3940 4687 Lucanus
3985 4622 4092 4687 lib.
4132 4621 4251 4686 H.:

3008 4721 3124 4777 Nec
3159 4723 3275 4792 sibi,
3313 4723 3409 4777 sed
3446 4722 3548 4777 soli
3583 4725 3816 4791 genitum
3855 4740 3913 4777 se
3952 4723 4170 4778 credere
4205 4722 4421 4777 mundo.

2815 4807 3018 4872 Item:

3364 4910 3425 4964 In
3464 4927 3738 4966 commune
3776 4913 3964 4966 bonus·

2817 4992 3071 5062 Seneca
3120 4996 3226 5062 lib.
3263 4997 3315 5061 I.
3365 4996 3444 5060 de
3477 4997 3615 5062 Ira:
3653 4997 3870 5062 Homo
3905 4998 3973 5061 in
4018 4997 4413 5062 adiutorium
4456 5008 4753 5061 mutuum

2815 5088 3167 5164 generatus
3212 5091 3327 5147 est.
3416 5082 3752 5148 Iuvenalis
3798 5083 4043 5168 Satyra
4084 5083 4238 5149 IX.:

2987 5183 3254 5253 Principio
3289 5185 3508 5240 indulsit
3543 5187 3835 5241 communis
3871 5186 4117 5241 conditor
4150 5186 4256 5241 illis

2989 5252 3220 5307 Tantum
3254 5255 3498 5323 annnam,
3533 5258 3688 5310 nobis
3725 5257 3955 5309 animum
3991 5271 4222 5323 quoque.
4257 5261 4471 5309 mutuus
4507 5262 4569 5308 ut
4601 5270 4698 5307 nos

2989 5321 3251 5376 Adfectus
3287 5332 3475 5391 petere
3511 5325 3780 5393 auxilium,
3818 5332 3875 5378 et
3908 5331 4188 5392 praestare
4226 5324 4450 5377 iuberet.
