5100 6061
689 426 1014 496 xxxin
1873 407 2422 493 marmus
2465 421 3053 489 THEOLOGIOI
3094 419 3538 489 Mmoans,

701 617 923 683 minor
965 616 1162 682 etiam
1208 637 1359 700 spes
1404 623 1538 698 est,
1585 629 1788 700 quum
1828 613 2234 697 exemplaria
2273 614 2344 678 in
2368 611 2632 681 fnostris
2676 610 2968 677 maxime
3023 612 3218 677 terris
3264 610 3602 678 divendita
3646 609 3802 675 olim
3859 614 4134 675 naturae
4179 631 4399 675 rerum
4447 629 4720 676 consen-

699 737 972 794 taneum
1011 728 1330 795 videatur.
1419 728 1568 793 Iam
1611 750 1811 811 quum
1856 724 2197 790 ambarum
2241 725 2612 809 principum
2656 723 2842 808 copia
2884 722 3070 789 nobis
3115 746 3248 789 non
3291 724 3509 802 fuerit,
3558 722 3636 787 de
3680 743 3908 788 earum
3953 728 4162 802 textu,
4207 728 4530 806 quatenus
4570 743 4720 788 cum

698 861 775 906 eo
819 861 1016 925 quem
1050 839 1245 905 hodie
1289 841 1592 906 manibus
1627 846 1988 905 tractamus
2032 838 2382 920 conspiret,
2430 835 2644 901 dicere
2686 858 2820 901 non
2863 857 3227 920 possumus.
3303 836 3467 901 Post
3509 833 3936 899 basileensem
3974 833 4173 898 etiam
4207 833 4720 919 recognitionem

698 953 909 1019 multa
953 951 1035 1017 ab
1081 958 1306 1016 autore
1347 958 1600 1017 mutata
1645 972 1786 1017 esse
1829 970 1964 1015 non
2009 948 2367 1028 credimus3
2412 969 2644 1015 verum
2700 948 2876 1012 inter
2927 949 3211 1031 primam
3264 954 3333 1013 et
3398 947 3753 1012 secundam
3820 945 4174 1011 editionem
4230 946 4542 1011 maiorem
4598 945 4722 1009 ali-

706 1084 905 1148 quam
948 1062 1389 1131 differentiam
1439 1064 1887 1141 intercessisse
1930 1062 2204 1127 minime
2249 1059 2518 1126 dubium
2565 1066 2681 1124 est.
2772 1059 2855 1124 In
2897 1080 2977 1125 ea
3018 1059 3279 1143 quidem
3325 1059 3756 1143 praefatione,
3811 1078 4008 1140 quam
4054 1057 4375 1123 Calvinus
4416 1057 4722 1124 Basileae

695 1196 939 1240 novam
976 1173 1227 1240 addidit
1270 1174 1349 1239 de
1394 1180 1644 1239 mutato
1685 1175 1836 1239 stilo
1881 1173 2065 1252 nihil,
2111 1172 2322 1236 multa
2356 1192 2513 1237 vero
2558 1171 2889 1249 habentur
2930 1169 3163 1255 quibus
3208 1191 3304 1249 ea,
3349 1192 3515 1253 quae
3560 1170 3640 1235 de
3685 1169 4081 1235 adversariis
4122 1169 4320 1253 paulo
4355 1170 4574 1234 acrius
4618 1177 4721 1234 at-

698 1307 826 1370 que
861 1287 1158 1370 asperius
1193 1285 1368 1352 dicta
1407 1283 1620 1352 videri
1654 1292 1981 1368 poterant,
2023 1283 2411 1367 simpliciter
2452 1288 2678 1348 tuetur
2721 1290 2786 1347 et
2828 1282 3135 1362 vindicat,
3181 1304 3300 1370 nec
3342 1282 3701 1366 quidquam
3743 1282 4047 1366 mitigare
4082 1281 4351 1365 quaerit,
4398 1280 4472 1350 id.
4503 1282 4721 1348 8011118

697 1418 1005 1476 1808888,
1063 1419 1145 1463 88
1199 1398 1353 1463 boni
1396 1398 1555 1477 viri,
1608 1397 1666 1462 si
1709 1397 1854 1481 quis
1913 1397 2122 1460 nimia
2165 1393 2473 1461 credendi
2516 1395 2826 1461 facilitate
2879 1396 2952 1459 in
2996 1394 3271 1460 eandem
3313 1395 3543 1460 falsam
3591 1394 3967 1477 opinionem
4012 1392 4321 1479 abreptus
4365 1395 4590 1473 fuerit,
4646 1393 4721 1458 in

699 1530 889 1575 suam
934 1508 1397 1574 contumeliam
1430 1509 1703 1573 trahant
1736 1529 1903 1591 quae
1947 1529 2082 1573 non
2127 1507 2258 1572 nisi
2290 1508 2361 1571 in
2402 1508 2776 1590 pervicaces
2821 1508 3181 1573 haereticos
3216 1513 3282 1572 et
3323 1506 3682 1573 malitiosos
3719 1506 4017 1572 veritatis
4059 1513 4540 1590 oppugnatores
4584 1506 4722 1570 sint

698 1621 1046 1704 proposita.
1120 1622 1221 1686 Tu
1265 1640 1423 1686 vero
1465 1640 1622 1686 cave
1665 1619 1828 1685 11880
1870 1620 1966 1683 118
2010 1640 2249 1699 81111188,
2295 1619 2484 1701 quasi
2528 1618 2892 1684 basileense
2936 1618 3274 1702 exemplar
3306 1617 3686 1702 parisiensis
3730 1639 3971 1700 purum
4014 1626 4249 1702 putum
4292 1618 4721 1702 apographon

697 1732 914 1809 fuerit.
1004 1729 1365 1799 Incidimus
1411 1731 1589 1796 enim
1630 1731 1696 1796 N
1697 1732 1943 1796 eocomi
1985 1732 2056 1795 in
2101 1729 2444 1814 epistolam
2489 1729 2757 1796 Calvini
2799 1728 3136 1811 ineditam,
3180 1730 3264 1795 ad
3308 1729 3862 1814 Christophorum
3906 1729 4344 1808 Libertinum,
4392 1728 4554 1795 alias
4596 1730 4720 1794 Li-

698 1844 935 1910 berteti
979 1824 1089 1909 vel
1123 1843 1329 1909 Fabri
1371 1843 1637 1907 nomine
1682 1841 2115 1927 appellatum,
2162 1841 2349 1908 verbi
2395 1841 2602 1907 divini
2645 1836 3027 1908 ministrum
3066 1850 3212 1907 tum
3258 1842 3572 1924 temporis
3616 1841 3824 1907 Bolae
3866 1846 4096 1924 postea
4128 1842 4411 1906 Tononii
4466 1843 4538 1906 in
4591 1840 4720 1908 Sa-

588 1984 617 1993 ·-
694 1954 935 2022 baudia
978 1955 1359 2039 degentem,
1418 1974 1472 2018 a.
1522 1953 1581 2019 d.
1626 1954 1753 2019 111.
1813 1952 1976 2020 Idus
2021 1953 2430 2039 Septembris
2471 1954 2704 2019 incerti
2750 1955 2906 2018 anni
2952 1954 3095 2038 (qui
3137 1961 3386 2033 tamen,
3446 1954 3501 2018 si
3543 1953 3700 2036 quid
3736 1952 4068 2032 videmus,
4120 1957 4282 2016 1535
4327 1953 4483 2037 fuit)
4526 1954 4722 2018 Basi-

695 2067 840 2134 leae
882 2068 1210 2150 scriptam,
1257 2067 1327 2129 in
1372 2087 1502 2148 qua
1543 2067 1720 2131 inter
1759 2065 1892 2131 alia
1935 2066 2098 2131 11888
2140 2065 2482 2151 leguntur:
2540 2064 2690 2130 Iam
2742 2065 2902 2129 mihi
2948 2086 2990 2129 a
3032 2066 3231 2131 nescio
3275 2086 3395 2148 quo
3438 2085 3638 2131 sermo
3683 2070 3785 2130 tuo
3823 2065 4117 2130 mandato
4174 2065 4436 2129 iniectus
4488 2065 4719 2146 fuerat,

695 2180 770 2244 in
812 2177 1015 2244 libello
1056 2182 1277 2259 nostro,
1313 2178 1389 2243 de
1433 2178 1794 2243 animarum
1849 2177 2316 2243 immortalitate
2359 2197 2485 2242 non-
2526 2177 2688 2242 satis
2731 2175 2845 2241 tibi
2877 2176 3143 2260 probari
3185 2178 3515 2260 quaedam.
3606 2176 3744 2261 qu
3795 2198 3938 2241 vero
3994 2182 4235 2241 tantum
4289 2175 4461 2241 abest
4500 2182 4572 2240 ut
4614 2181 4721 2242 tuo

695 2289 935 2355 iudicio
977 2289 1250 2370 offensus
1287 2276 1551 2371 fuerim,
1595 2294 1666 2354 ut
1702 2289 1816 2355 hac
1859 2290 2132 2374 inqenua
2176 2289 2578 2372 simplicitate
2620 2289 2782 2353 mire
2822 2290 2949 2354 sim
2990 2267 3335 2354 delectatus.
3427 2289 3645 2371 Neque
3700 2289 3866 2353 enim
3922 2309 3998 2353 ea
4054 2293 4146 2354 est
4196 2307 4335 2353 mea
4386 2289 4724 2355 morositas

698 2405 786 2480 ut,
830 2420 1022 2482 quam
1061 2399 1223 2464 mihi
1253 2402 1547 2483 permitto
1589 2400 1816 2466 iudicii
1858 2401 2216 2480 libertam,
2256 2402 2610 2483 ademptam
2653 2400 2809 2466 aliis
2850 2401 3047 2466 velim.
3119 2401 3222 2466 Ne
3266 2408 3470 2466 tamen
3512 2421 3646 2465 rem
3690 2406 3894 2466 actam
3937 2400 4172 2485 aqendo
4210 2401 4461 2483 frustra
4499 2406 4555 2465 te
4597 2406 4723 2467 tor-

698 2532 921 2613 queaS,
978 2511 1206 2578 libmm
1250 2513 1463 2593 ipsum
1493 2532 1702 2594 paene
1747 2534 1826 2577 ex
1867 2513 2102 2596 inteqro
2145 2513 2294 2577 scito
2337 2534 2379 2576 a
2420 2532 2516 2576 me
2571 2517 2889 2577 retextum.
2982 2512 3132 2579 Non
3185 2514 3401 2579 multis
3454 2513 3704 2595 quidem
3760 2516 3871 2577 aut
3922 2512 4160 2577 additis
4213 2516 4325 2576 aut
4379 2514 4722 2596 expunctis,

699 2625 813 2690 sed
838 2643 1122 2706 prorsus
1163 2624 1410 2689 inverso
1449 2623 1685 2704 ordine,
1712 2620 2094 2707 ‘quanquam
2123 2644 2340 2706 pauca
2382 2624 2694 2706 quaedam
2736 2622 2983 2705 sustuli,
3027 2625 3163 2690 alia
3201 2625 3445 2705 addidi,
3489 2625 3731 2689 mutavi
3771 2625 3960 2689 etiam
4001 2624 4320 2697 nonnulla.
4408 2624 4515 2689 Ea
4554 2625 4725 2690 enim

666 2736 1120 2815 ,commentatio
1174 2755 1367 2816 quam
1417 2733 1738 2801 Olivetano
1792 2736 2114 2821 leyendam
2166 2735 2461 2801 dederam
2515 2736 2905 2820 coyitationes
2955 2755 3127 2801 meas
3179 2735 3523 2802 continebat
3572 2736 3778 2819 maqis
3829 2734 3902 2801 in
3956 2735 4333 2802 adversaria
4386 2743 4721 2821 conqestas,

699 2867 893 2930 quam
934 2852 1094 2912 certo
1136 2848 1539 2935 distincteque
1584 2848 1801 2912 ordine
1841 2848 2134 2931 diff-stas,
2178 2835 2433 2913 etiamsi
2468 2847 2678 2929 forma
2722 2848 3029 2935 quaedam
3071 2854 3228 2913 esset
3268 2848 3533 2913 ordinis.
3589 2847 3794 2913 *Eum
3834 2868 4060 2913 novum
4102 2847 4358 2930 librum,
4412 2850 4505 2915 sic
4555 2850 4725 2915 enim

698 2958 1025 3042 appellare
1082 2958 1249 3039 libet,
1304 2959 1392 3022 ad
1444 2963 1499 3023 te
1551 2960 1891 3040 misissem,
1947 2961 2009 3024 si
2062 2959 2323 3024 relectus
2376 2981 2419 3024 a
2472 2980 2571 3024 me
2625 2967 2794 3026 esset.
2888 2959 3013 3025 Sed
3064 2982 3142 3027 ex
3195 2980 3317 3043 quo
3372 2982 3414 3025 a
3473 2959 3768 3044 Gaspare
3823 2961 4203 3043 descriptus,
4221 2975 4226 2979 ’
4246 2981 4390 3025 mon
4448 2961 4719 3045 inspexi.

695 3074 898 3138 Patet
941 3093 1026 3137 ex
1067 3072 1172 3136 his
1190 3121 1206 3148 ,
1252 3071 1606 3137 Calvinum
1648 3072 1894 3138 librum
1939 3094 2131 3138 suum
2174 3074 2270 3136 ita
2312 3079 2636 3153 mutasse,
2683 3074 2786 3138 sin
2831 3073 3051 3138 minus
3103 3075 3174 3137 in
3228 3073 3391 3156 ipsis
3447 3074 3822 3153 sententiis,
3879 3080 3949 3138 at
4004 3081 4179 3139 certe
4232 3076 4441 3159 quoad
4493 3096 4721 3141 rerum

694 3183 1005 3250 ordinem
1049 3190 1117 3248 et
1160 3184 1361 3248 totius
1399 3182 1854 3267 disputationis
1898 3192 2213 3263 tenorem,
2259 3191 2336 3249 ut
2377 3206 2529 3251 eum
2563 3191 2777 3250 totum
2814 3185 3063 3250 calamo
3101 3184 3598 3251 describendum
3632 3206 3862 3251 curare
3898 3184 4211 3265 debuerit,
4255 3194 4324 3252 81
4362 3188 4722 3271 parisiense

701 3295 1068 3380 exemplar,
1125 3294 1298 3378 quod
1344 3316 1495 3360 cum
1537 3293 1889 3361 Olivetano
1935 3304 2003 3360 et
2047 3295 2521 3379 Ohristophoro
2563 3299 3192 3376 communicaverat,
3236 3318 3486 3362 meram
3528 3298 3600 3361 in
3645 3275 4023 3364 adversaria
4064 3299 4303 3364 factam
4348 3301 4723 3385 congeriem

698 3406 917 3475 dicere
960 3408 1265 3491 potuerit.
1354 3408 1482 3472 Est
1536 3407 1738 3492 igitur
1782 3406 1890 3472 hic
1945 3406 2116 3490 quod
2171 3429 2568 3492 magnopere
2620 3408 3062 3493 deploremus:
3117 3410 3407 3492 primum
3461 3409 3710 3476 88111881
3750 3408 4014 3476 Calvini
4063 3432 4227 3495 opus
4281 3410 4720 3497 theologicum

697 3518 914 3604 quoad
955 3519 1314 3603 genuinam
1359 3538 1548 3584 suam
1591 3525 1661 3583 et
1701 3519 2000 3584 nativam
2046 3519 2323 3584 formam
2367 3520 2554 3586 nobis
2599 3519 3014 3605 deperditum
3071 3542 3246 3602 esse,
3304 3523 3490 3588 cuius
3547 3542 3707 3587 88118
3758 3522 4011 3588 iactura
4051 3544 4189 3588 non
4230 3531 4365 3588 tam
4410 3524 4724 3590 scientiae

697 3632 906 3717 ipsius
947 3628 1057 3697 vel
1101 3629 1262 3695 adeo
1306 3629 1614 3696 888188188
1660 3630 2001 3697 commoda
2038 3633 2288 3716 tangit,
2348 3653 2544 3715 quam
2588 3633 2661 3698 in
2704 3635 2952 3698 autoris
2994 3634 3134 3700 vita
3189 3633 3568 3718 diligentius
3622 3632 3992 3700 enarranda
4045 3634 4350 3702 lacunam
4405 3636 4564 3702 facit
4601 3623 4724 3702 vix

692 3742 1073 3810 coniectura
1113 3741 1336 3825 aliqua
1356 3742 1786 3825 explendam.
3484 3725 3490 3736 ⁸

1004 3854 1114 3920 Ad
1158 3854 1432 3920 eandem
1488 3855 1920 3922 basileensem
1965 3855 2655 3942 Psychopannychiae
2707 3857 3220 3942 recognitionem
3272 3859 3604 3941 pertinere
3648 3858 3958 3926 videntur
4001 3879 4166 3941 quae
4221 3859 4504 3944 legimus
4557 3861 4727 3926 satis

620 4013 629 4024 ,
704 3968 979 4034 obscure
1025 3966 1219 4047 dicta,
1264 3966 1335 4030 in
1382 3967 1655 4050 epistola
1695 3967 1976 4051 quadam
2019 3967 2410 4052 Wolfgangi
2456 3967 2799 4052 Capitonis
2843 3969 2912 4033 in
2956 3967 3352 4035 bibliotheca
3394 3970 3753 4054 genevensi
3796 3976 4150 4037 asservata.
4234 3970 4423 4052 Quae
4457 3971 4726 4055 quidem

701 4080 844 4145 8188
887 4079 991 4143 die
1032 4086 1103 4144 et
1146 4070 1409 4144 consule
1455 4081 1893 4163 Argentorato
1938 4080 2021 4146 ad
2067 4059 2477 4146 Martianum‘
2516 4081 2894 4146 Lucaniam
2937 4079 3262 4164 quendam
3316 4081 3519 4146 missa
3573 4088 3701 4157 est,
3747 4103 3982 4146 verum
4039 4104 4169 4148 non
4225 4084 4552 4149 nescimus
4594 4085 4721 4151 sub

700 4190 824 4255 hoc
865 4191 1131 4256 nomine
1173 4191 1396 4273 ipsum
1440 4191 1797 4258 Calvinum
1839 4192 2140 4280 Basileae
2186 4191 2536 4271 delituisse,
2583 4199 2938 4276 antequam
2981 4193 3269 4259 italicum
3305 4195 3435 4257 iter
3469 4192 3957 4276 aggrederetur,
4003 4193 4357 4279 eademque
4391 4196 4724 4280 subscrip-

698 4302 879 4366 tione
923 4323 1112 4366 usum
1158 4303 1360 4369 fuisse
1404 4304 1473 4367 in
1516 4303 1631 4368 ina
1674 4303 1882 4368 altera
1926 4303 2202 4387 epistola
2245 4305 2430 4371 cuius
2472 4303 2665 4369 modo
2706 4305 3154 4389 fragmentum
3196 4304 3553 4371 attulimus.
3644 4306 3789 4370 Iam
3848 4304 3961 4370 ille
4016 4306 4179 4371 11888
4236 4305 4319 4370 ad
4362 4306 4683 4372 Nostrum
4701 4326 4724 4369 :

705 4412 951 4479 Gustus
988 4413 1137 4478 libri
1179 4416 1276 4478 tui
1313 4415 1644 4496 perplacet.
1736 4414 2031 4510 Penitius
2073 4436 2425 4500 coquoscere
2465 4416 2541 4481 de
2583 4421 2699 4492 toto
2741 4438 2864 4482 non
2921 4417 3101 4481 licuit
3138 4421 3397 4499 propter
3436 4419 3714 4483 minutos
3765 4422 3821 4482 et
3874 4417 4033 4481 mihi
4088 4416 4412 4502 illeqibiles
4465 4418 4724 4485 charae-

696 4530 869 4590 teres.
958 4522 1062 4589 De
1105 4525 1351 4605 edendo,
1390 4527 1451 4590 si
1491 4546 1604 4590 nos
1647 4527 1855 4606 audis,
1899 4527 2149 4592 omnino
2180 4528 2472 4610 proferes
2512 4528 2840 4594 consilium
2884 4529 2952 4591 in
2996 4533 3238 4610 tempus
3277 4530 3669 4594 commodius.
3761 4527 3910 4592 Iam
3961 4529 4144 4593 sectis
4197 4530 4409 4594 omnia
4439 4535 4725 4612 perstre-

684 4641 853 4718 punt
893 4641 949 4701 et
996 4636 1307 4701 Germani
1349 4658 1581 4721 maqna
1623 4639 1977 4704 calamitate
2017 4639 2348 4724 reliqionis
2390 4640 2632 4721 emperti
2671 4646 2834 4720 sunt,
2879 4659 3126 4704 errores
3160 4641 3570 4723 expuqnando
3608 4640 3756 4722 fieri
3796 4640 4206 4721 illustriores,
4236 4643 4538 4706 rationem
4569 4662 4728 4706 vero

698 4740 1115 4813 certissimam
1159 4768 1291 4813 esse
1316 4750 1705 4832 consulendi,
1731 4751 1986 4831 afflictis
2044 4751 2314 4817 eeclesiis
2366 4753 2840 4817 accuratissime
2892 4751 3272 4834 depinyendo
3329 4750 3666 4817 Christum.
3759 4751 3885 4816 Sed
3936 4756 3992 4815 et
4050 4758 4480 4836 aryumentum
4532 4752 4724 4836 illud,

699 4859 862 4940 quod
904 4865 1083 4925 extra
1131 4860 1488 4944 analoqiam
1527 4860 1677 4942 fidei
1719 4869 2029 4944 utcunque
2073 4867 2396 4943 tractatur,
2438 4862 2993 4946 foecundissimum
3036 4865 3154 4929 erit
3191 4860 3502 4930 rixarum.
3591 4863 3840 4929 Deinde
3893 4868 4038 4928 sunt
4086 4869 4338 4929 autores
4376 4865 4723 4949 splendidi,

696 4990 854 5051 quos
891 4971 1103 5037 deiecit
1150 4972 1468 5039 Dominus
1520 4995 1562 5038 a
1602 4976 1967 5057 pertinacia
2012 4975 2370 5040 istiusmodi
2413 4976 2648 5039 erroris
2690 4975 3083 5058 affirmandi,
3136 4996 3398 5057 quorum
3453 4976 3670 5041 studia
3722 4997 3935 5042 vereor
3975 4996 4051 5040 ne
4100 4977 4542 5058 incendantur,
4597 4984 4730 5042 aut

693 5086 853 5147 certe
893 5103 968 5147 ne
996 5105 1271 5166 prorsus
1310 5087 1497 5168 fidem
1539 5106 1728 5168 quam
1767 5085 2065 5150 hactenus
2107 5087 2420 5152 coluerunt
2458 5087 2894 5170 despondeant.
2959 5085 3223 5152 Mallem
3266 5089 3455 5152 etiam
3498 5088 3930 5169 auspicareris
3972 5088 4283 5154 scribendi
4325 5089 4726 5155 industriam

698 5195 767 5257 in
803 5203 1164 5278 arqumento
1196 5197 1660 5280 plausibiliora.
1746 5196 2005 5261 Deinde
2048 5200 2274 5281 paucis
2318 5197 2399 5263 de
2443 5220 2563 5263 sua
2606 5199 2811 5282 ipsius
2855 5196 3251 5289 α’γραμμασίᾳ
3292 5200 3653 5267 interiectis
3707 5200 3868 5266 haec
3927 5197 4136 5264 addit:
4196 5199 4420 5282 Putas·
4451 5201 4730 5267 sudores

682 5305 848 5371 ‚istos
889 5326 1015 5370 non
1052 5328 1207 5373 sane
1236 5312 1540 5408 periisse,
1589 5309 1701 5373 sed
1730 5313 1987 5392 postera
2032 5309 2168 5376 dies
2211 5311 2588 5377 occasione-m
2611 5310 2935 5392 praebebit
2967 5310 3097 5375 alio
3131 5311 3348 5377 habitu
3381 5312 3524 5378 illos
3556 5315 3726 5395 ipsos
3759 5312 4137 5378 venditandi.
4220 5314 4488 5397 Tempus
4520 5300 4734 5380 etiam'
