5100 6061
1475 1749 2206 1849 IOANNES
2292 1751 3133 1848 CALVINUS

1562 1901 1909 1967 1Acosso
1956 1902 2451 1969 sADoLEmo
2496 1902 3035 1980 OARDINALI,

2117 2040 2480 2094 SALUTEM.

365 2263 370 2268 ,
475 2202 588 2272 [fol.
630 2201 728 2270 171
759 2191 982 2273 Quum
1010 2194 1076 2255 in
1103 2213 1340 2276 magno
1367 2192 1703 2256 doctorum
1730 2191 2066 2256 hominum
2091 2214 2240 2273 pro-
2291 2199 2296 2256 ³
2346 2195 2698 2260 constituta
2731 2195 2862 2257 iam
2902 2192 3235 2276 religione,
3276 2214 3350 2258 ac
3387 2208 3676 2258 correcta
3714 2196 4025 2261 ecclesiae
4068 2198 4296 2278 forma,

299 2289 518 2359 ventu,
543 2300 701 2361 (11106
733 2279 887 2342 tulit
907 2287 1130 2342 nostra
1152 2278 1311 2342 11666
1336 2288 1531 2352 aetas,
1563 2277 1630 2341 id
1662 2279 1768 2354 sis,
1794 2299 1994 2359 quum
2027 2278 2240 2343 excel·
2291 2269 2296 2314 ⁶
2345 2279 2499 2344 illuc
2536 2288 2802 2345 vocatus
2846 2280 2965 2342 fui:
3013 2279 3166 2361 quia
3212 2289 3433 2342 tamen
3471 2300 3638 2361 quae
3681 2302 3720 2344 a
3758 2281 4021 2346 Farello
4067 2304 4141 2347 ac
4178 2285 4297 2347 Vi-

295 2366 496 2430 lentis
524 2363 857 2434 doctrinae
879 2373 1048 2442 tuac,
1074 2373 1213 2426 tum
1240 2383 1397 2427 vero
1421 2363 1695 2445 insignis
1729 2362 2067 2426 facundiae
2102 2384 2239 2427 me-
2291 2321 2295 2420 Ι
2345 2374 2483 2429 reto
2543 2372 2728 2448 gesta
2772 2371 2993 2440 erant,
3041 2385 3173 2428 non
3217 2363 3411 2427 modo
3456 2365 3774 2448 suffragio
3816 2388 3962 2431 meo
4006 2386 4299 2450 compro-

299 2452 422 2515 rito
446 2458 860 2532 assequutus,
895 2459 1056 2513 utte
1091 2451 1264 2515 inter
1286 2468 1522 2530 paucos
1546 2450 1859 2513 colantac
1883 2449 2239 2530 suspiciant
2291 2443 2294 2496 ῑ
2345 2450 2530 2526 bavi,
2588 2448 2701 2515 sed
2757 2451 2983 2526 ctiam,
3043 2457 3362 2532 quantum
3413 2451 3484 2512 in
3538 2472 3643 2515 mc
3698 2452 3852 2528 fuit,
3915 2474 4303 2534 conservare

299 2538 666 2619 quicunque
723 2536 929 2599 videri
985 2534 1218 2599 volunt
1271 2535 1590 2598 bonarum
1646 2535 1888 2598 artium
1946 2533 2236 2611 studiosi,
2291 2513 2296 2590 f
2345 2534 2568 2600 studui
2613 2556 2688 2599 ac
2724 2537 3125 2614 confirmare,
3173 2543 3543 2617 separatam
3579 2536 3660 2600 ab
3697 2535 3828 2600 illis
3873 2559 4138 2602 causam
4182 2540 4301 2604 ha-

299 2623 547 2685 invitus
592 2619 893 2702 equidem
928 2620 1211 2696 facient
1253 2641 1490 2683 nomen
1536 2629 1724 2683 tuum
1768 2619 2024 2701 publice
2066 2619 2240 2684 inter
2289 2595 2294 2716 1
2344 2621 2496 2684 bere
2553 2642 2815 2704 neque0.
2886 2619 3083 2701 Quod
3139 2623 3192 2685 si
3253 2630 3472 2684 tamen
3528 2622 3840 2702 privatim
3896 2625 4011 2687 abs
4055 2636 4118 2688 te
4164 2625 4299 2690 lae·

299 2706 585 2771 eruditos
622 2708 767 2780 ista,
806 2728 1003 2788 quam
1037 2727 1076 2769 a
1110 2726 1215 2769 me
1250 2704 1491 2782 audies,
1531 2705 2048 2787 expostulatione
2093 2726 2239 2787 per·
2289 2751 2294 2780 1
2345 2728 2455 2771 sus
2516 2727 2754 2782 essem,
2812 2705 3000 2770 facile
3054 2707 3341 2788 profecto
3398 2705 3464 2769 id
3522 2706 3959 2771 condonarem
4017 2713 4135 2785 [fol.
4192 2716 4296 2789 18]

299 2795 635 2876 stringam.
703 2793 931 2874 Neque
954 2811 1110 2856 vero
1146 2811 1325 2854 eram
1358 2789 1423 2853 id
1459 2790 1766 2868 facturus,
1809 2791 1937 2854 nisi
1972 2791 2239 2854 fuissem
2291 2805 2294 2876 Ἰ
2347 2801 2495 2856 tuae
2573 2791 2903 2856 doctrinae
2971 2810 3046 2854 ac
3114 2791 3456 2855 literarum
3535 2792 3788 2856 honori.
3892 2792 4025 2857 Sed
4091 2814 4295 2875 quum

298 2881 366 2942 in
412 2878 584 2942 hanc
623 2898 891 2941 arenam
935 2887 1298 2959 pertractus
1343 2896 1583 2959 magna
1628 2877 2030 2940 necessitate.
2089 2876 2239 2940 Non
2289 2883 2295 2972 Ι
2345 2878 2783 2942 ministerium
2834 2896 3086 2953 meum,
3145 2875 3315 2958 quod
3375 2876 3501 2956 Dei
3564 2879 3901 2943 vocatione
3949 2878 4295 2943 fundatum

2346 2982 2420 3026 ac
2454 2963 2777 3028 sancitum
2809 2963 3008 3026 fuisse
3045 2983 3179 3026 non
3217 2961 3462 3040 dubito,
3507 2984 3625 3045 per
3661 2963 3835 3026 latus
3881 2985 4099 3027 meum
4146 2984 4296 3029 sau-

2301 3117 2307 3123 ,
2345 3050 2505 3113 ciari
2547 3049 2834 3126 videam,
2880 3048 3152 3130 perfidia
3197 3049 3338 3127 erit,
3387 3069 3517 3112 non
3562 3050 3897 3131 patientia,
3942 3051 3997 3113 si
4042 3058 4295 3117 taceam

2347 3135 2452 3199 hic
2490 3142 2685 3217 atque
2734 3134 3154 3199 dissimulem.
3226 3135 3530 3199 Doctoris
3567 3135 3869 3216 primum,
3909 3135 4139 3200 deinde
4175 3158 4292 3220 pa-

2348 3222 2541 3285 storis
2601 3241 2872 3285 munere
2928 3221 2996 3282 in
3052 3221 3323 3285 ecclesia
3372 3219 3486 3283 illa
3544 3221 3806 3284 functus
3863 3243 4026 3285 sum.
4098 3219 4293 3302 Quod

299 2967 472 3030 enim
508 2966 753 3048 ignor0,
792 2962 900 3028 vel
945 2971 1223 3046 quantae
1266 2962 1699 3044 improbitatis
1739 2963 1908 3026 foret
1950 2961 2084 3026 ulla
2127 2983 2239 3026 cu-

298 3050 571 3134 piditate
611 3050 874 3114 incitari
916 3048 998 3113 ad
1044 3070 1194 3113 eum
1235 3050 1454 3115 virum
1497 3048 1964 3127 lacessendum,
2011 3048 2118 3130 qui
2162 3048 2242 3113 de

299 3137 485 3202 bonis
544 3134 907 3217 disciplinis
957 3134 1043 3199 sit
1100 3136 1340 3216 optime
1395 3135 1692 3199 meritus:
1760 3135 1866 3198 vel
1924 3154 2119 3216 quam
2174 3134 2241 3198 id

299 3243 547 3304 quoque
592 3223 679 3285 sit
722 3222 1016 3284 futurum
1070 3219 1367 3285 odiosum
1420 3219 1594 3303 apud
1640 3240 1866 3284 omnes
1923 3220 2236 3298 literatos,

300 3308 352 3370 si
409 3307 547 3371 sola
605 3307 1097 3388 importunitate
1155 3308 1505 3387 percitum,
1560 3306 1743 3370 nulla
1798 3314 2019 3370 autem
2070 3307 2241 3370 iusta

301 3413 493 3458 causa
545 3393 903 3475 impulsum
958 3392 1159 3455 fuisse
1213 3391 1680 3473 intelligerent,
1739 3402 1816 3454 ut
1867 3391 2115 3475 stylum
2169 3393 2239 3454 in

302 3498 448 3543 eum
507 3480 930 3561 stringerem,
986 3497 1180 3559 quem
1245 3496 1467 3539 amore
1536 3476 1806 3559 dignum
1873 3484 1939 3539 et
1994 3477 2241 3540 honore

300 3573 564 3647 propter
603 3564 875 3628 eximias
917 3562 1096 3626 dotes
1141 3583 1275 3625 non
1321 3562 1458 3625 sine
1502 3583 1697 3626 causa
1732 3561 2038 3625 iudicant.
2106 3561 2241 3625 Ve-

302 3672 444 3714 rum
481 3650 596 3714 ubi
640 3648 896 3714 consilii
932 3648 1063 3712 mei
1098 3649 1419 3711 rationem
1455 3667 1829 3728 exposuerO,
1875 3669 2009 3712 non
2052 3646 2241 3712 modo

2346 3328 2492 3371 eam
2537 3306 2941 3389 provinciam
2986 3307 3273 3388 suscepi,
3317 3305 3651 3389 legitimae
3692 3307 3891 3371 fuisse
3934 3309 4295 3373 vocationis

2346 3392 2489 3455 iure
2531 3413 2679 3456 meo
2724 3390 3061 3457 contendo,
3128 3390 3396 3472 Quanta
3432 3399 3649 3455 autem
3697 3391 3823 3456 fide
3861 3414 3935 3457 66
3977 3392 4294 3479 religione

2301 3532 2314 3544 .
2348 3477 2971 3553 administraverim,
3032 3499 3163 3541 non
3219 3484 3320 3542 est
3373 3497 3489 3540 cur
3538 3477 3759 3541 multis
3828 3499 4005 3542 nunc
4070 3480 4293 3545 verbis

2292 3548 2298 3569 ¹
2347 3562 2701 3626 ostendam.
2759 3563 3255 3644 Perspicaciam,
3296 3563 3744 3642 eruditionem,
3781 3564 4295 3646 prudentiamac

2347 3647 2801 3712 dexteritatem
2855 3648 3018 3711 mihi
3074 3648 3329 3713 nullam
3366 3651 3712 3732 {irroga-bc,
3769 3670 3843 3715 ac
3887 3672 3970 3715 ne
4016 3650 4295 3735 diligen-

304 3758 403 3800 me
458 3756 684 3799 omnes
740 3757 778 3798 a
833 3733 1025 3815 culpa
1073 3732 1470 3809 liberabunt,
1540 3731 1653 3796 sed
1710 3753 1901 3797 nemo
1957 3734 2107 3812 erit,
2167 3740 2243 3798 ut
2346 3735 2504 3797 tiam
2550 3732 2827 3816 quidem.
2900 3733 2992 3797 At
3028 3743 3203 3798 certe
3248 3757 3326 3799 ea
3371 3735 3771 3814 sinceritate,
3820 3757 3947 3817 qua
3991 3737 4057 3798 in
4097 3757 4291 3817 opere

305 3842 523 3904 spem,
568 3822 678 3903 qui
723 3842 853 3883 non
898 3819 1064 3882 mihi
1122 3818 1461 3895 concedat,
1521 3837 1785 3881 causam
1830 3818 2027 3897 hanc,
2075 3841 2240 3900 quae
2346 3820 2612 3883 Domini
2657 3818 2887 3894 decuit,
2910 3840 3039 3882 .me
3074 3820 3208 3885 illic
3253 3826 3588 3885 versatum
3632 3842 3790 3897 esse,
3829 3821 4030 3901 probe
4072 3843 4286 3885 coram

305 3928 341 3970 a
369 3906 485 3971 'me
509 3907 876 3988 suscipitur,
920 3904 1101 3969 nullo
1138 3904 1327 3967 modo
1363 3904 1562 3968 fuisse
1597 3903 1761 3966 mihi
1796 3903 2236 3983 deserendam,
2346 3903 2610 3969 Christo
2646 3902 2855 3968 iudice
2898 3924 3063 3981 mec,
3110 3914 3175 3968 et
3218 3906 3517 3970 omnibus
3560 3908 3765 3990 ipsius
3810 3906 4079 3988 angelis,
4123 3906 4287 3971 mihi

303 3993 427 4057 nisi
475 3993 687 4056 officio
728 4012 871 4055 meo
907 3991 1188 4073 turpiter
1225 3990 1447 4054 deesse
1492 3988 1744 4054 vellem.
1814 3990 2073 4054 Literas
2110 4013 2237 4054 non
2344 3992 2641 4055 conscius
2675 4011 2837 4066 sum,
2874 3997 2940 4052 et
2960 3990 3113 4054 boni
3151 4012 3377 4056 omnes
3411 3993 3550 4055 eius
3581 3992 3676 4056 rei
3701 3991 4102 4055 luculentum
4124 3992 4291 4056 mihi

295 4077 393 4142 'ita
433 4076 689 4159 pridem
726 4076 1042 4159 scripsisti
1084 4076 1165 4138 ad
1211 4085 1511 4161 senatum
1557 4074 1997 4157 populumque
2041 4097 2239 4158 gene-
2341 4076 2789 4140 testimonium
2844 4074 3145 4139 reddunt.
3213 4077 3359 4141 Hoc
3405 4098 3558 4159 ergo
3611 4077 4050 4141 ministerium
4094 4076 4206 4140 ubi
4251 4100 4292 4141 a

304 4184 585 4238 vensem,
627 4163 858 4244 quibus
895 4162 1159 4226 tentasti
1205 4181 1430 4224 eorum
1477 4160 1745 4235 animos,
1791 4182 1873 4223 an
1921 4160 2041 4223 sub
2077 4182 2239 4243 pon·
2341 4161 2627 4225 Domino
2696 4183 2836 4226 esse
2893 4162 3257 4225 constiterit
3323 4161 3900 4245 (quemadmodum
3967 4171 4140 4226 certe
4207 4163 4288 4226 li-

301 4250 489 4313 tificis
524 4248 780 4312 romani
813 4242 886 4312 iu‘
929 4269 1058 4321 um,
1098 4245 1267 4329 quod
1301 4246 1499 4311 semel
1536 4254 1979 4322 excusserunt,
2016 4247 2236 4312 reduci
2339 4247 2533 4331 quido
2592 4246 2940 4324 constabit,
2988 4247 3099 4311 ubi
3153 4246 3375 4311 audita
3427 4247 3623 4311 fuerit
3676 4247 3899 4329 causa)
3948 4248 4001 4311 si
4060 4247 4175 4311 abs
4223 4256 4288 4311 te

301 4355 369 4399 66
413 4335 833 4399 sustinerent.
1025 4335 1104 4397 iis
1140 4332 1365 4408 literis,
1410 4332 1714 4413 quoniam
1755 4353 1888 4395 non
1933 4333 2237 4416 expedie-
2338 4333 2666 4415 proscindi
2712 4354 2786 4397 ac
2833 4333 3132 4398 infamari
3180 4334 3415 4397 tacitus
3466 4334 3688 4410 feram,
3734 4333 3882 4414 quis
3940 4354 4068 4398 non
4114 4334 4286 4399 eius-

300 4421 412 4484 bat
453 4441 565 4485 eos
610 4420 875 4502 gravius
920 4419 1287 4495 vulnerare,
1334 4439 1608 4500 quorum
1652 4418 1871 4484 favore
1915 4418 2033 4482 tibi
2076 4440 2237 4501 opus
2338 4417 2512 4483 modi
2546 4419 2880 4483 silentium
2917 4420 3487 4502 praevaricationis
3524 4418 3835 4482 damnet?
3897 4420 4104 4483 Nemo
4128 4440 4285 4501 ergo

2339 4506 2468 4568 iam
2525 4525 2658 4569 non
2715 4504 2927 4583 videt,
2992 4525 3098 4568 me
3153 4525 3407 4569 summa
3470 4504 3660 4568 officii
3718 4506 3847 4568 mei
3903 4506 4283 4570 necessitate

2338 4592 2728 4674 constringi,
2787 4612 2995 4673 neque
3050 4611 3240 4673 posse
3282 4590 3586 4668 evadere,
3630 4592 3787 4671 quin
3827 4612 3932 4654 me
3977 4592 4284 4655 crimina-

2338 4677 2623 4741 tionibus
2679 4678 2808 4741 tuis
2878 4696 3226 4757 opponam,
3295 4676 3422 4739 nisi
3477 4696 3671 4757 quam
3734 4677 3897 4740 mihi
3964 4676 4279 4740 actionem

300 4514 441 4570 erat
485 4506 570 4570 ad
626 4525 887 4572 causam
945 4503 1391 4580 obtinendam,
1435 4505 1640 4567 fecisti
1685 4503 1857 4585 quod
1903 4513 2044 4568 erat
2085 4504 2236 4569 boni

299 4592 600 4657 rhetoris.
670 4591 905 4655 Multis
962 4592 1136 4654 enim
1192 4589 1524 4654 blanditiis
1562 4610 1671 4653 eos
1717 4589 2082 4656 demulcere
2128 4612 2234 4656 co·

301 4685 495 4742 natus
537 4698 626 4754 es,
671 4698 798 4759 quo
834 4678 904 4739 in
947 4684 1132 4740 tuam
1175 4676 1563 4740 sententiam
1608 4676 1960 4756 pellicereS.
2026 4674 2235 4756 Quid-

301 4763 454 4845 quid
509 4771 651 4826 erat
706 4762 993 4825 invidiae
1050 4770 1117 4825 et
1169 4760 1566 4837 acerbitatis,
1624 4761 1695 4824 in
1753 4783 1860 4825 eos
1906 4760 2232 4838 derivasti‚

302 4869 576 4930 quorum
633 4868 828 4930 opera
869 4847 934 4910 id
979 4847 1223 4911 factum
1269 4854 1438 4923 erat,
1481 4852 1557 4909 ut
1602 4846 1682 4910 ab
1728 4847 1841 4910 illa
1884 4846 2234 4930 tyrannide

303 4933 702 4999 defecissent.
769 4934 986 5014 Atque
1030 4932 1162 5009 hic,
1217 4933 1269 4996 si
1328 4933 1472 4995 Deo
1528 4931 1770 5014 placet,
1816 4931 2024 5014 plenis
2066 4933 2233 4998 velis

301 5018 633 5083 inveheris
655 5020 727 5082 in
753 5040 877 5095 eos,
900 5019 1008 5100 qui
1048 5018 1277 5080 urbem
1311 5017 1493 5080 illam
1531 5016 1651 5081 sub
1686 5017 2008 5101 evangelii
2046 5039 2232 5100 prae-

302 5113 515 5183 textu,
563 5105 644 5168 ad
689 5107 908 5180 istam,
946 5123 1139 5185 quam
1186 5101 1499 5184 deploras,
1545 5102 1879 5186 religionis
1922 5111 1989 5167 et
2032 5103 2234 5169 66616-

301 5192 432 5255 siae
468 5190 1032 5255 conturbationem
1067 5187 1256 5251 malis
1293 5189 1540 5252 artibus
1575 5190 2020 5271 perpulerunt.
2088 5190 2233 5274 Ego

2337 4761 2663 4827 Dominus
2718 4760 3165 4838 demandavit,
3236 4762 3581 4825 manifesta
3645 4760 3918 4843 perfidia
3984 4761 4281 4827 deserere

2337 4868 2410 4913 ac
2455 4847 2730 4930 prodere
2764 4847 2979 4912 velim.
3050 4845 3243 4927 Quod
3279 4854 3497 4911 autem
3542 4848 3926 4931 genevensis
3971 4847 4278 4927 ecclesiae

2335 4935 2788 5016 procuratione
2844 4954 2989 4997 sum
3044 4933 3114 4995 in
3168 4934 3539 5015 praesentia
3583 4934 3968 5016 explicatuS,
4040 4953 4115 4996 66
4172 4954 4280 4998 res

2338 5020 2595 5084 efficere
2638 5040 2769 5082 non
2815 5017 3021 5097 debet,
3058 5019 3219 5100 quin
3254 5027 3524 5101 paterna
3560 5020 3828 5082 caritate
3872 5019 4056 5083 illam
4102 5040 4278 5083 com-

2335 5105 2613 5187 plectar:
2653 5105 2759 5167 cui
2795 5103 2951 5167 dum
2986 5104 3188 5168 semel
3231 5127 3335 5169 me
3371 5105 3681 5187 praefecit
3714 5104 3917 5180 Deus,
3963 5112 4276 5186 perpet-uo

2335 5190 2530 5254 fidem
2586 5191 2681 5253 illi
2733 5211 2949 5255 meam
3007 5189 3334 5273 obligavit.
3404 5192 3577 5273 Age,
3637 5189 3747 5253 ubi
3800 5189 3895 5252 illi
3950 5189 4274 5271 ecclesiae,

303 5286 537 5353 autem,
577 5274 902 5351 Sadolete,
948 5297 1031 5340 ex
1069 5274 1188 5349 his,
1226 5293 1385 5355 quos
1430 5282 1563 5336 tam
1603 5273 1924 5339 hostiliter
1965 5275 2232 5340 incessis
2335 5278 2521 5342 cuius
2574 5276 2853 5341 salutem
2894 5276 3059 5340 mihi
3103 5297 3397 5341 summae
3441 5296 3633 5339 curae
3677 5296 3819 5340 esse
3861 5275 4006 5339 vult
4045 5277 4275 5340 Domi-

304 5382 375 5427 ac
418 5362 696 5436 laceras,
742 5383 948 5425 unum
1003 5382 1109 5425 me
1152 5382 1292 5425 esse
1335 5360 1654 5441 profiteor.
1723 5361 2014 5426 Tametsi
2057 5362 2229 5425 enim
2334 5384 2489 5438 nus,
2535 5372 2861 5427 extremas
2904 5362 3172 5427 insidias
3214 5362 3524 5426 intentari
3571 5382 3762 5426 cerno
3807 5371 3874 5423 et
3918 5382 4115 5445 grave
4160 5384 4273 5445 pe-

509 5462 729 5517 C'alvt'ni
754 5479 936 5531 opera.
1017 5463 1128 5517 Vol.
1178 5463 1238 5516 V.
1301 5454 1310 5461 ⁰
3798 5461 3869 5516 25
