5100 6061
343 425 457 487 361

345 611 562 693 ipsum
621 609 992 675 auscultare
1049 615 1368 691 oporteat:
1427 609 1799 692 horumque
1852 608 2295 675 ministerium

345 705 409 761 et
448 695 582 760 Dei
635 693 943 759 mandato
998 694 1428 777 adprobatum
1445 747 1461 774 ,
1526 701 1595 759 et
1641 695 1953 760 ecclesiae
1997 716 2294 761 necessae

344 782 514 847 rium
559 802 701 847 esse
753 779 1107 846 credimus:
1179 782 1271 845 ita
1310 803 1347 845 e
1387 801 1700 853 converso
1760 783 2292 862 pronunciamus,

344 874 488 947 [pag.
528 872 637 947 61]
679 868 1082 949 impostores,
1130 887 1482 950 omnesque
1517 866 2138 951 pseudoprophetas,
2183 867 2297 950 qui

344 954 573 1019 relicta
628 952 953 1036 evangelii
1005 953 1320 1034 puritate,
1377 954 1459 1016 ad
1513 974 1633 1017 sua
1688 961 2056 1018 commenta
2100 953 2297 1018 decli-

346 1047 538 1117 nant,
596 1059 1012 1121 nequaquam
1053 1059 1194 1103 esse
1237 1038 1570 1117 ferendos,
1628 1039 2106 1122 qualescunque
2151 1061 2299 1122 pas-

346 1133 563 1190 torum
606 1125 831 1190 titulos
876 1124 1281 1207 praeferant:
1331 1126 1489 1206 quin
1524 1125 1759 1207 potine,
1808 1146 1924 1190 ceu
1960 1125 2149 1208 lupos
2195 1147 2299 1189 ra-

345 1232 534 1297 paces
580 1233 615 1276 e
660 1210 876 1276 medio
922 1210 1232 1276 ecclesiae
1277 1210 1708 1275 eliminandos
1753 1219 1820 1274 et
1862 1211 2235 1295 abigendos.

910 1415 1038 1482 DE
1085 1414 1715 1482 MAGISTRATU.

518 1553 1059 1618 Dominationem
1112 1575 1186 1618 ac
1252 1560 1674 1652 potestatem,
1746 1560 1885 1617 tam
1940 1573 2172 1637 regum
2229 1576 2302 1620 ac

346 1640 738 1725 principum,
774 1661 968 1722 quam
993 1639 1394 1722 reliquorum
1428 1640 1958 1722 magistratuum,
1985 1642 2158 1703 inter
2198 1662 2304 1705 res

348 1734 609 1792 sanctas
667 1745 741 1791 ac
800 1725 1129 1810 legitimas
1187 1726 1316 1789 Dei
1370 1723 1813 1788 ordinationes
1858 1746 2300 1791 numeramus.

348 1814 569 1896 Atque
616 1819 689 1876 ut
733 1811 859 1888 illi,
910 1810 1067 1880 dum
1110 1831 1384 1876 munere
1427 1832 1546 1875 suo
1591 1812 2109 1894 perfunguntur,
2157 1811 2304 1877 Deo

347 1901 646 1964 serviunt
691 1907 756 1962 et
797 1864 1226 1963 christianam
1272 1904 1637 1979 sequuntur
1680 1898 2114 1976 vocationem,
2161 1900 2302 1962 sive

344 1983 798 2051 innocentibus
842 1983 1272 2065 opitulentur,
1325 2003 1488 2065 quos
1537 1983 1759 2066 inique
1799 1983 2076 2082 opprimi
2122 1983 2301 2048 vide-

348 2079 491 2136 ant:
540 2071 680 2136 sive
719 2069 1168 2152 imploborum
1204 2067 1570 2145 audaciam,
1617 2090 1843 2134 severe
1887 2070 1958 2132 in
2003 2091 2110 2134 eos
2155 2071 2301 2135 vin-

349 2156 643 2235 dicandO,
684 2162 1053 2221 coerceant:
1101 2156 1193 2219 sic
1235 2175 1359 2219 nos
1394 2155 1681 2219 vicissim
1719 2175 1829 2219 eos
1870 2157 2156 2220 revereri
2192 2155 2302 2220 de-

323 2242 579 2328 ·bemus
637 2263 712 2306 80
768 2241 1099 2324 suscipere
1117 2292 1160 2318 ,,,
1137 2241 1662 2306 subiectionem
1729 2262 1820 2326 ac
1869 2240 2304 2306 obedientiam

348 2328 477 2393 illis
524 2327 855 2407 exhibere,
904 2348 1130 2393 eorum
1172 2327 1350 2392 iussa
1391 2327 1662 2409 exsequi
1679 2379 1695 2406 ,
1741 2346 1944 2391 onera
1983 2334 2050 2392 et
2082 2329 2307 2392 munia

1998 415 2679 487 CATEOHISMUS.

4228 424 4350 485 362

2398 609 2478 674 ab
2522 608 2654 674 illis
2698 607 3005 690 imposita
3043 609 3371 692 proferre,
3422 616 3744 693 quatenus
3788 610 3954 675 citra
3988 610 4117 675 Dei
4151 611 4356 676 offen-

2398 696 2649 760 sionem
2691 694 2861 758 licet.
2952 694 3257 776 Denique
3304 716 3438 759 non
3482 717 3668 761 secus
3718 702 3911 778 atque
3954 695 4085 761 Dei
4128 697 4359 762 vicarii

2400 779 2791 845 aestimandi
2836 787 3009 858 sunt,
3057 780 3294 862 quibus
3331 801 3700 865 repugnare
3744 803 3937 847 nemo
3971 783 4197 866 possit,
4242 782 4358 865 qui

2401 887 2550 932 cum
2594 867 2734 947 ipso
2779 866 2924 930 Deo
2968 866 3220 931 bellum
3266 875 3467 950 gerat.
3535 867 3812 931 Illorum
3854 869 4052 932 etiam
4092 889 4354 948 munus,

2400 973 2518 1035 pro
2564 959 2790 1016 sancta
2823 951 3385 1017 administratione
3419 975 3461 1041 a
3498 954 3642 1018 Deo
3679 952 4070 1018 demandata
4103 962 4203 1019 est
4236 954 4358 1019 ha·

2401 1037 2721 1115 bendum,
2779 1037 2859 1100 ad
2904 1037 3075 1120 quod
3120 1047 3276 1101 sunt
3319 1029 3668 1121 assumpti,
3714 1046 3793 1102 ut
3834 1041 4021 1105 nobis
4063 1040 4360 1122 praesint

2403 1145 2478 1189 ac
2538 1059 2978 1187 dominentur.
3070 1121 3287 1203 Quam
3343 1125 3424 1190 ob
3480 1147 3620 1189 rem
3678 1125 4018 1190 christiani
4070 1125 4359 1192 hominis

2403 1221 2627 1295 partes
2678 1230 2820 1273 0880
2874 1209 3267 1288 111(1108111118,
3332 1212 3873 1294 magistratuum,
3944 1210 4066 1275 sub
4124 1212 4361 1294 quibus

2405 1298 2572 1380 agit,
2628 1295 3125 1379 prosperitatem
3179 1296 3503 1376 precibus
3524 1297 3668 1361 Deo
3714 1296 4197 1362 00111111011(1810.
4267 1296 4360 1361 10-

2404 1384 2597 1465 gibus
2652 1388 2850 1463 atque
2907 1380 3162 1457 edictis,
3224 1402 3389 1463 quae
3434 1404 3585 1447 cum
3627 1382 3757 1446 Dei
3816 1383 4182 1467 praeceptis
4225 1403 4361 1448 non

2404 1475 2729 1552 pugnant,
2787 1465 3162 1530 obedienter
3216 1487 3475 1549 parere:
3535 1467 3861 1550 publicam
3921 1475 4066 1532 tum
4111 1468 4358 1533 utilita-

2403 1562 2558 1632 tem,
2597 1562 2743 1617 tum
2778 1551 3338 1634 tranquillitatem,
3376 1574 3785 1636 promovere:
3834 1554 4206 1636 principum
4242 1554 4359 1619 ho-

2404 1641 2546 1705 nori
2588 1661 2662 1704 80
2706 1639 3034 1722 communi
3081 1639 3286 1703 totius
3338 1640 3559 1722 populi
3616 1641 3783 1704 bono
3826 1662 3907 1705 ex
3954 1643 4172 1705 animo
4218 1648 4358 1704 8111-

2405 1725 2578 1802 (1010,
2627 1727 2707 1791 ab
2746 1723 3051 1788 omnibus
3098 1729 3245 1802 [pag.
3285 1731 3393 1804 62]
3440 1726 3827 1791 factionibus
3870 1726 4174 1825 religiose
4211 1727 4360 1791 abs-

2402 1813 2639 1890 1111010,
2728 1810 2905 1875 1111ἀο
2972 1809 3205 1874 turbae
3299 1832 3373 1876 ae
3455 1811 3777 1877 tumultus
3849 1813 4032 1878 118801
4089 1819 4355 1895 queant.

2407 1897 2656 1963 Contra
2700 1917 2855 1963 vero
2901 1916 3009 1961 eos
3055 1917 3297 1975 omnes,
3345 1898 3457 1979 qui
3493 1898 3787 1962 infideles
3824 1919 3893 1963 se
3930 1903 4166 1981 gerunt
4200 1917 4359 1981 erga

2404 1985 2897 2067 magistratum,
2983 2003 3104 2047 nec
3177 1981 3260 2046 ad
3337 1982 3665 2064 publicam
3734 1984 4017 2067 regionis
4082 1983 4152 2047 in
4229 2004 4359 2066 qua

2405 2077 2760 2135 versantur
2811 2068 3166 2132 utilitatem
3231 2068 3590 2133 curandam
3656 2070 3948 2133 animum
4010 2089 4135 2169 app
4136 2068 4354 2148 licant,

2406 2156 2918 2238 pronunciamus
2954 2175 3030 2218 ea
3063 2155 3495 2235 perversitate
3529 2155 3804 2237 prodere
3826 2175 4013 2220 suam
4046 2157 4118 2219 in
4137 2154 4357 2220 Deum

2353 2261 2360 2390 1
2405 2241 2765 2326 perfidiam.

2211 2717 2486 2773 FINIS.
