5100 6061
1341 1343 2040 1519 EPINI'oloN
2096 1418 2674 1517 cHRISTO
2735 1419 3472 1518 CANTATUM

2352 1589 2448 1644 AB

1894 1723 2329 1809 IOANNE
2392 1726 2890 1809 CALVINO

1742 1879 2103 1934 oALENms
2135 1878 2466 1935 IANUARn
2501 1878 2701 1935 ANNo
2737 1879 2811 1934 M.
2828 1879 2895 1934 D.
2913 1879 3062 1935 xm.

1841 2119 1959 2185 IO.
2009 2117 2424 2186 OALVINU
2429 2119 2469 2183 S
2512 2119 2941 2186 LECTORI„

701 2291 924 2374 Quum
970 2285 1185 2375 nuper
1231 2313 1315 2355 ex
1359 2293 1674 2358 nundinis
1721 2291 2275 2375 Lugdunensibus
2334 2294 2584 2357 reversi
2638 2294 2845 2358 nostri
2900 2301 3294 2359 mercatores
3340 2291 3628 2358 edictum
3687 2295 4065 2360 attulissent
4104 2298 4413 2363 monaehi

383 2404 734 2471 cuiusdam
775 2404 1203 2486 inquisitoris,
1250 2404 1610 2469 Tolosanae
1656 2405 1874 2469 curiae
1920 2404 2178 2470 decreto
2223 2406 2713 2468 confirmatum:
2754 2406 2824 2467 in
2869 2426 2996 2487 quo
3040 2405 3464 2488 phreneticus
3507 2405 3636 2484 ille,
3683 2427 3803 2488 pro
3848 2407 4101 2472 solenni
4147 2429 4417 2473 suorum

382 2537 570 2580 more
614 2517 757 2599 pios
801 2537 1027 2580 omnes
1072 2516 1274 2581 libros
1320 2515 1702 2582 damnabat:
1753 2518 2030 2580 miratus
2076 2538 2257 2594 sum,
2307 2537 2507 2597 quum
2554 2538 2786 2582 versus
2833 2539 3086 2600 quoque
3128 2537 3312 2583 meos
3359 2517 3483 2595 (sic
3518 2518 3693 2581 enim
3738 2518 4145 2602 nominabat)
4191 2540 4417 2584 recen-

382 2628 520 2693 seri
565 2628 637 2691 in
682 2648 758 2692 eo
804 2628 1098 2710 catalogo
1144 2627 1296 2691 vidi.
1389 2629 1736 2704 Lusci-am,
1780 2629 1978 2692 animi
2026 2628 2254 2710 gratia,
2293 2635 2447 2690 ante
2493 2648 2697 2691 annos
2744 2631 3040 2710 quatuor,
3088 2651 3292 2710 quum
3336 2649 3549 2693 essem
3583 2628 3985 2707 Vormatiae,
4031 2630 4230 2695 breve
4276 2651 4419 2697 car-

379 2761 568 2805 men:
615 2738 788 2822 quod
822 2761 1026 2822 quum
1059 2740 1288 2823 paucis
1328 2740 1554 2804 amicis
1589 2739 1942 2823 legendum
1987 2738 2401 2803 familiariter
2438 2738 2779 2816 dedissem,
2828 2741 2957 2803 tria
2992 2742 3274 2819 omniun,
3312 2740 3485 2823 quod
3531 2740 3750 2820 sciam,
3803 2747 3918 2803 aut
3961 2739 4043 2803 ad
4090 2763 4421 2807 summum

381 2857 672 2934 quatuor
716 2851 1118 2934 exemplaria
1147 2851 1475 2934 exscripta
1511 2858 1670 2916 tune
1707 2852 1994 2914 fuerant:
2042 2871 2209 2932 quae
2253 2863 2480 2931 postea
2515 2858 2835 2932 quantum
2877 2872 2959 2916 ex
3002 2851 3213 2915 edicto
3241 2853 3530 2931 comicie,
3568 2851 3767 2916 latius
3810 2861 4186 2916 manarunt.
4246 2853 4423 2936 Nam

382 2962 631 3046 alioqui
675 2962 1005 3047 sepultum
1052 2969 1405 3046 putassem,
1457 2962 1630 3058 quod
1666 2964 1840 3027 inter
1896 2983 2078 3027 meas
2135 2961 2397 3026 chartas
2455 2962 2830 3046 neglectum
2882 2962 3162 3027 iacebat:
3210 2971 3287 3026 ut
3328 2963 3656 3028 affirmare
3703 2965 3933 3043 ausim,
3982 2985 4114 3028 non
4161 2985 4302 3028 esse
4345 2966 4419 3030 in

382 3076 519 3141 hac
562 3077 728 3141 urbe
775 3075 953 3154 duos,
1000 3077 1112 3157 qui
1156 3076 1434 3141 antehac
1473 3072 1779 3159 legerint,
1817 3096 1923 3140 me
1969 3077 2240 3141 conscie.
2306 3075 2445 3139 Nec
2482 3082 2659 3139 certe
2696 3075 2872 3139 aliud
2908 3074 3232 3141 habebam
3279 3075 3552 3156 consilii,
3597 3076 3727 3140 nisi
3777 3084 3852 3140 ut
3894 3077 4421 3160 supprimeretur

381 3188 669 3271 penitus.
764 3184 901 3253 Sed
939 3187 1094 3269 quia
1137 3188 1419 3253 furiosus
1463 3188 1572 3254 hic
1616 3189 1991 3266 monachus,
2041 3196 2107 3252 et
2149 3187 2355 3251 nihilo
2402 3189 2620 3251 sanior
2664 3189 2846 3253 curia
2881 3187 3219 3267 Tolosana,
3262 3187 3418 3252 dum
3462 3188 3599 3254 eius
3634 3188 3984 3253 lectionem
4028 3186 4420 3253 interdicere

382 3298 658 3377 volunt,
705 3299 961 3363 faciunt
1004 3307 1080 3363 ut
1119 3301 1320 3383 vulgo
1365 3302 1756 3379 innoteseat,
1804 3322 1910 3365 me
1955 3299 2216 3382 aliquod
2253 3299 2591 3382 scripsisse
2636 3320 2920 3378 carmen,
2968 3298 3049 3363 de
3093 3319 3236 3381 quo,
3284 3299 3614 3382 quodnam
3659 3307 3725 3363 ct
3768 3299 3957 3382 quale
4003 3300 4116 3379 sit,
4164 3299 4275 3365 alii
4320 3306 4421 3362 at-

385 3432 521 3494 que
566 3411 678 3475 ahi
724 3410 1001 3475 subinde
1041 3435 1080 3475 a
1115 3433 1221 3476 me
1267 3421 1611 3493 quaerant:
1661 3411 1854 3475 edere
1891 3413 2111 3479 statim
2147 3411 2366 3487 malui,
2409 3431 2537 3492 quo
2579 3419 2645 3473 et
2687 3412 2890 3477 bonos
2932 3413 3106 3477 viros
3142 3412 3499 3494 quaerendi
3545 3411 3875 3489 molestia,
3914 3419 3981 3474 et
4012 3433 4119 3476 me
4155 3431 4425 3494 respon-

384 3521 611 3601 dendi,
651 3522 1083 3588 sublevarem.
1175 3522 1393 3589 Simul
1438 3523 1751 3587 stolidum
1797 3524 1974 3588 hunc
2019 3524 2446 3599 monachum,
2494 3523 2763 3604 eiusque
2810 3523 3059 3589 similes
3106 3525 3662 3591 commonefacere
3707 3523 3905 3602 volui,
3953 3523 4128 3606 quid,
4175 3524 4269 3589 ita
4308 3521 4424 3586 ad-

385 3655 662 3700 versum
721 3655 843 3700 nos
894 3634 1312 3714 insaniendO,
1356 3636 1723 3717 proficiant.
1812 3636 2066 3718 Nempe
2115 3635 2239 3700 hoc
2285 3642 2776 3716 consequuntur
2818 3656 2939 3699 sua
2981 3636 3507 3718 importunitate,
3563 3642 3641 3700 ut
3686 3635 3844 3719 ipsis
3889 3636 4121 3701 invitis
4164 3655 4238 3699 ae
4283 3655 4424 3699 cre-

385 3745 720 3829 pantibus,
767 3747 834 3809 in
881 3745 1100 3811 lucem
1144 3745 1418 3810 veniant
1459 3747 1672 3812 multa
1709 3767 1875 3830 quae
1920 3747 2161 3829 alioqui
2203 3746 2424 3811 forsan
2470 3745 2768 3810 laterent.

2007 4248 2735 4256 ,--—-.—.—.-—--‚-.—---—q
2792 4252 2821 4255 ,γ

3910 5309 4009 5363 27*
