5100 6061
667 392 741 459 X
1851 390 2399 462 TRAOTATUS
2443 389 3029 459 THEOLOGIGI
3072 391 3514 461 MINORES.

989 585 1263 671 Insigne
1320 583 1715 672 typographi
1776 583 2045 649 exhibet
2099 582 2393 665 palmam
2445 580 2632 646 illam
2684 603 2835 648 cum
2887 601 3091 667 puero
3135 603 3337 647 manu
3381 602 3694 666 suspenso
3738 602 3933 666 quam
3973 580 4047 645 in
4091 580 4371 646 editione
4413 579 4692 646 Institu-

677 694 879 761 tionis
924 696 1162 781 gallica
1206 696 1380 783 apud
1423 696 1555 762 Iac.
1601 696 1968 779 Bourgeois
2012 714 2185 760 anno
2237 698 2396 758 1561
2446 694 2765 776 impressa
2807 692 3089 760 vidimus
3145 692 3438 778 (Calvini
3482 693 3652 778 Opp.
3698 693 3771 759 Τ.
3816 693 3945 759 ΠΙ.
3989 712 4138 776 pag.
4184 691 4535 777 XXXIX)
4580 693 4696 760 sed
4745 770 4752 779 ς

676 805 924 891 absque
966 808 1219 894 adagio.
1307 810 1392 874 In
1432 810 1567 873 fine
1611 814 1831 873 autem
1875 806 2232 872 voluminis
2274 811 2494 870 exstat
2537 805 2960 871 notissimum
3001 805 3166 871 illud
3224 806 3547 871 emblema
3588 806 3682 871 10.
3731 803 4042 883 Gerardi,
4102 803 4359 888 gladius
4403 805 4692 872 flammis

676 910 1153 1000 circumdatus,
1196 942 1389 1004 quem
1435 918 1603 983 duae
1647 925 1879 983 tenent
1920 938 2158 982 manus
2172 968 2188 995 ,
2243 938 2394 983 cum
2437 917 2863 1000 inscriptione
2906 918 3046 983 eius
3088 917 3336 982 formae
3375 938 3574 1001 quam
3618 915 3969 983 habuim'us
4010 917 4081 981 in
4126 915 4417 981 eiusdem
4460 917 4693 984 biblio-

676 1030 865 1114 polae
909 1031 1193 1097 editione
1239 1032 1475 1117 gallica
1515 1029 1961 1095 Institutionis
2006 1028 2162 1093 armi
2212 1032 2372 1092 1551
2423 1029 2635 1113 (Tom.
2682 1029 2809 1093 ΠΙ.
2857 1050 3004 1113 pag.
3053 1028 3419 1113 XXXIV).
3490 1030 3730 1094 Totum
3772 1029 4083 1095 volumen
4127 1035 4387 1094 constat
4428 1036 4691 1111 septua-

675 1143 864 1226 ginta
918 1164 1157 1208 novem
1212 1143 1616 1209 ternionibus
1667 1144 1915 1207 formae
1971 1139 2237 1205 maioris
2297 1141 2524 1225 (quam
2568 1139 2764 1206 hodie
2809 1141 3007 1226 vulgo
3051 1142 3122 1206 in
3163 1140 3319 1206 folio
3363 1142 3615 1207 minore
3659 1139 3914 1224 dicunt)
3967 1148 4035 1205 et
4089 1160 4222 1204 uno
4266 1142 4692 1224 quaternione

679 1255 794 1338 qui
835 1255 1274 1337 penultimum
1318 1255 1533 1321 locum
1592 1259 1865 1336 occupat
1911 1252 2006 1336 (a.
2048 1252 2302 1333 B—Z;
2345 1272 2638 1327 aa--zz;
2685 1253 3062 1332 AA—ZZ;
3108 1252 3548 1317 Aaa—Kkk.
3597 1254 3684 1336 a).
3776 1253 4016 1317 Ternio
4069 1253 4324 1335 primus
4379 1254 4690 1333 continet,

673 1373 936 1449 praeter
978 1366 1262 1445 titulum,
1308 1366 1743 1449 praefationes
1787 1371 1942 1443 tres,
1989 1385 2191 1429 unam
2237 1363 2517 1430 Gallasii
2565 1362 2861 1442 editoris,
2918 1364 3078 1428 item
3134 1362 3295 1433 duas
3338 1362 3598 1430 Calvini
3641 1363 3723 1429 ad
3762 1360 4047 1447 primum
4092 1371 4474 1444 tractatum,
4533 1364 4690 1429 ridi-

673 1476 823 1542 culo
878 1480 1327 1561 operariorum
1384 1497 1604 1542 errore
1664 1498 1703 1540 a
1758 1496 1876 1540 suo
1934 1482 2120 1541 textu
2177 1475 2506 1541 seiunctas
2523 1528 2539 1553 ,
2597 1474 2880 1542 indicem
2936 1474 3218 1559 denique
3275 1475 3736 1558 opusculorum
3785 1476 3858 1539 in
3911 1474 4037 1541 hoc
4080 1476 4415 1541 volumine
4475 1475 4690 1541 denuo

674 1588 1157 1671 evulgatorum.
1248 1587 1556 1669 Quorum
1601 1595 1828 1652 textus
1874 1586 2455 1670 comprehenditur
2508 1587 2768 1671 paginis
2814 1591 2937 1651 946
2985 1588 3042 1652 si
3084 1586 3576 1673 typographum
3631 1586 3858 1652 audias
3875 1638 3890 1663 ,
3949 1588 4136 1653 cuius
4187 1594 4410 1651 tamen
4468 1588 4687 1671 signa-

672 1704 862 1765 turae
921 1700 1285 1765 innumeris
1343 1699 1521 1765 vitiis
1580 1707 1859 1777 scatent,
1916 1701 2011 1765 ita
2064 1706 2143 1764 ut
2191 1700 2264 1765 in
2314 1697 2660 1764 laudandis
2714 1698 2999 1782 singulis
3048 1698 3206 1765 locis
3249 1700 3363 1764 vix
3421 1720 3496 1764 ac
3552 1720 3636 1763 ne
3682 1700 3795 1765 vix
3851 1698 4117 1781 quidem
4168 1699 4250 1764 iis
4305 1700 4401 1764 uti
4458 1700 4684 1780 possis.

670 1810 935 1877 Revera
978 1819 1134 1877 sunt
1179 1813 1325 1876 938.
1414 1811 1702 1876 'sextum
1755 1812 2050 1895 sequitur
2094 1812 2337 1895 pagina
2391 1831 2527 1875 una
2585 1817 2970 1876 erratorum.
3059 1811 3456 1876 Ternionem
3512 1810 3820 1876 ultimum
3864 1810 4115 1875 obtinet
4155 1809 4356 1875 index
4397 1810 4688 1876 locorum

670 1919 1075 2008 Scripturae.
1165 1921 1243 1988 Si
1282 1922 1457 1987 hunc
1499 1922 1785 1988 indicem
1830 1922 2165 2004 exceperis
2209 1929 2277 1987 et
2320 1928 2687 1986 erratorum
2741 1922 3058 2001 tabulam,
3113 1923 3333 1987 omnia
3385 1943 3461 1987 eo
3515 1930 3824 2005 typorum
3880 1942 4122 2006 genere
4165 1924 4492 2005 exscripta
4534 1929 4692 1987 sunt

670 2053 831 2116 quos
875 2032 1069 2099 hodie
1114 2034 1407 2099 cursivos
1452 2033 1745 2100 dicimus.

981 2144 1329 2210 Tractatus
1372 2146 1549 2241 ipsos
1595 2167 1634 2210 a
1677 2168 1747 2211 se
1791 2145 2097 2212 collectos
2141 2144 2352 2209 editor
2395 2145 2521 2211 hac
2565 2145 2968 2230 praefatione
3013 2166 3051 2210 a
3094 2144 3281 2211 nobis
3321 2145 3593 2210 minime
3634 2143 4031 2231 negligenda
4075 2145 4512 2210 commendat:

2011 2417 2320 2485 Nicolaus
2367 2419 2702 2485 Galla-sius
2732 2419 2876 2501 piis
2916 2418 3242 2486 lectoribus
3288 2419 3352 2485 S.

986 2590 1191 2671 Quum
1232 2588 1527 2656 haetenus
1570 2611 1763 2673 quam
1793 2591 2088 2673 plurima
2134 2597 2191 2656 et
2233 2596 2602 2656 veterumet
2643 2593 3051 2657 recentiorum
3092 2596 3385 2656 autorum
3431 2590 3672 2672 scripta
3716 2590 4035 2655 hominum
4075 2590 4331 2655 incuria
4363 2592 4688 2673 perierint,

667 2719 828 2781 quae
868 2702 1222 2766 maximum
1262 2701 1440 2767 nobis
1477 2703 1755 2785 fructum
1800 2703 2053 2785 adferre
2085 2704 2457 2785 potuissent,
2503 2722 2618 2768 nos
2653 2702 2943 2787 profecto,
2988 2704 3282 2768 eoetremis
3323 2702 3490 2769 bisce
3533 2702 3932 2784 temporibus,
3976 2701 4201 2783 quibus
4241 2723 4504 2785 maynac
4541 2722 4692 2787 qra-

668 2830 893 2895 vcsque
944 2812 1329 2879 calamitates
1378 2816 1731 2895 unminent,
1791 2814 2213 2899 diligentiores
2269 2835 2403 2881 esse
2453 2820 2686 2898 oportet
2738 2817 2810 2879 in
2861 2813 3304 2880 conservandis
3355 2814 3668 2880 thesauris
3722 2813 3948 2895 quibus
3999 2814 4318 2881 Dominus
4371 2815 4689 2882 ecclesiam

667 2943 855 2988 suam
897 2923 1308 3007 locupletavit,
1362 2926 1492 2991 nisi
1534 2927 1872 2992 admodum
1928 2927 2167 3011 inyrati
2225 2947 2356 2992 esse
2411 2928 2695 2994 velimus.
2786 2926 2884 2992 Ac
2935 2926 3148 2992 sedulo
3202 2925 3650 2994 occwrrendmn
3704 2931 3794 2991 est
3844 2925 4184 3007 fraudibus
4246 2925 4521 2992 Satanae
4576 2928 4689 3010 qui

668 3036 819 3102 haec
873 3038 1050 3103 nobis
1099 3039 1336 3121 eripere
1391 3044 1575 3121 atque
1618 3059 1650 3104 e
1687 3040 1892 3105 medio
1949 3039 2154 3106 tollere
2208 3041 2411 3106 modis
2465 3041 2752 3106 onmibus
2803 3046 3080 3119 conatur,
3144 3045 3215 3104 ut
3267 3040 3496 3105 iterum
3546 3039 3799 3105 iactatis
3850 3058 4132 3104 errorum
4183 3039 4525 3104 seminibus
4572 3059 4690 3105 nos

661 3148 941 3214 inermes
1004 3154 1187 3231 atquc
1251 3151 1534 3216 incautos
1584 3151 1850 3233 facilius
1906 3152 2236 3235 opprimat.
2326 3151 2590 3218 Nemini
2646 3154 2812 3217 enim
2868 3153 3000 3217 nisi
3052 3171 3227 3218 caeco
3269 3151 3681 3234 perspicuum
3733 3170 3857 3215 non
3910 3155 4003 3214 est
4056 3150 4211 3232 quid
4259 3149 4710 3235 superioribus,

665 3260 937 3326 saeculis
978 3262 1269 3326 acciderit
1301 3267 1357 3329 et
1389 3283 1579 3345 quam
1614 3261 1737 3328 late
1773 3268 2075 3348 ⁸quassata
2115 3264 2201 3329 sit
2240 3265 2602 3347 superstitio
2645 3271 2701 3330 et
2740 3264 3049 3347 impietas,
3090 3283 3284 3345 quum
3324 3261 3592 3329 sublatis
3626 3261 3976 3328 doctorzbus
4009 3267 4068 3327 et
4098 3261 4379 3327 doctrina
4411 3262 4690 3345 sparsis-

668 3391 790 3453 que
832 3371 1096 3437 tenebris
1143 3372 1343 3440 Satan
1385 3375 1591 3441 oculos
1623 3396 1826 3457 paene
1869 3376 2149 3442 omnium
2190 3377 2547 3442 incredibili
2589 3379 2828 3443 astutia
2860 3376 3255 3460 perstrinxit.
3347 3374 3574 3440 Nullis
3615 3374 3867 3457 quidem
3916 3372 4160 3438 artibus
4211 3372 4451 3455 efficere
4482 3375 4692 3456 potuit

669 3488 742 3547 ut
783 3503 1003 3549 sacrae
1056 3485 1274 3550 literae
1327 3486 1676 3552 interirent.-
1726 3489 1835 3553 sed
1890 3489 1984 3552 ita
2033 3488 2113 3552 ab
2173 3507 2394 3553 earum
2446 3489 2695 3554 lectione
2747 3494 2804 3553 et
2854 3509 3004 3553 vera
3054 3488 3554 3570 interpretatione
3605 3490 3909 3550 averterat
3961 3486 4242 3552 omnium
4296 3485 4565 3564 animos,
4617 3489 4692 3548 ut

670 3594 923 3677 fabulis.
951 3601 1009 3661 et
1048 3597 1391 3662 mendaciis
1428 3600 1641 3680 potius
1681 3620 1870 3681 quam
1912 3600 2164 3665 veritati
2219 3600 2388 3667 locus
2442 3606 2625 3681 esset,
2680 3602 2983 3683 vanisque
3036 3603 3092 3664 et
3140 3599 3393 3681 frivolis
3442 3597 3905 3682 quaestionibus
3946 3597 4166 3681 potius
4216 3617 4405 3680 quam
4455 3595 4690 3662 solidae

658 3707 1006 3789 scripturae
1047 3710 1402 3775 tractationi
1440 3711 1537 3776 vel
1579 3712 1712 3794 ipsi
1752 3711 2086 3797 theoloqiac
2127 3713 2448 3778 candidati
2496 3714 2924 3778 incumberent.
3013 3710 3123 3778 Ita
3159 3712 3440 3794 perierat
3480 3711 3794 3794 leqitionus
3834 3709 4006 3776 verbi
4046 3729 4220 3791 usus,
4262 3709 4355 3773 ita
4397 3707 4683 3772 ecclesiae

660 3819 1131 3886 administratio
1173 3826 1231 3887 et
1271 3822 1613 3904 disciplina
1654 3844 1885 3904 eversa,
1928 3826 2023 3890 ita
2066 3826 2375 3909 sacrilcqa
2417 3830 2474 3890 et
2511 3825 2902 3892 detestabilia
2941 3829 3275 3889 commenta
3305 3843 3428 3906 pro
3469 3824 3642 3888 veris
3682 3823 3990 3888 institutis
4030 3821 4162 3885 Dei
4201 3823 4443 3901 recepta
4482 3823 4678 3883 erant.

666 3930 856 3996 Nunc
909 3951 1102 4012 quum
1153 3934 1391 4017 insiqni
1445 3934 1575 4000 Dei
1627 3935 1910 4016 beneficio
1966 3956 2188 4003 sacrae
2232 3937 2450 4003 literae
2505 3937 2584 4002 ab
2642 3938 2863 4020 impiis
2916 3936 3222 4002 eiusmodi
3275 3935 3628 4001 commentis
3676 3935 4028 3999 vindicatae
4080 3950 4350 4012 suaeque
4399 3930 4678 4011 puritati

658 4043 975 4108 restitutae
1018 4044 1152 4109 sint
1192 4045 1270 4110 ab
1314 4046 1403 4110 iis
1443 4067 1596 4127 quos
1633 4047 1952 4113 Dominus
2007 4050 2240 4114 nostris
2296 4050 2674 4131 temporibus
2723 4050 3031 4114 adversus
3069 4046 3452 4113 Antichristi
3506 4045 3899 4129 tyrannidem
3954 4045 4271 4123 excitavit,
4325 4041 4539 4109 danda
4592 4044 4681 4107 est

661 4174 852 4236 opera
896 4160 965 4218 ut
1007 4176 1221 4220 eorum
1258 4158 1476 4222 studia
1489 4209 1504 4239 ,
1536 4160 1916 4242 praeclaras
1962 4163 2232 4226 actiones
2276 4162 2678 4244 insiqnesque
2719 4160 2980 4225 virtutes
3023 4160 3390 4228 imitemur..
3448 4157 3548 4222 Ac
3592 4153 3991 4239 potissimum
4041 4157 4113 4220 in
4167 4156 4237 4220 id
4291 4159 4410 4219 toto
4464 4154 4681 4219 animo

665 4266 1133 4332 incumbendum
1185 4274 1303 4348 est,
1356 4275 1425 4334 ut
1468 4265 1817 4353 puritatem
1872 4272 2186 4338 doctrinae
2242 4278 2547 4351 tueamur,
2599 4293 2727 4354 qua
2780 4271 2918 4337 sola
2969 4271 3170 4337 cultus
3211 4269 3340 4335 Dei
3395 4274 3453 4333 et
3500 4270 3722 4353 reliqio
3775 4269 4131 4334 conservari
4160 4271 4444 4348 possunt.
4540 4266 4678 4346 Qua

656 4377 855 4462 iyitur
893 4378 1020 4459 fide
1062 4383 1114 4442 et
1158 4380 1509 4464 diliqentia,
1553 4403 1681 4465 qua
1722 4385 2068 4460 reverentia
2112 4389 2167 4448 et
2207 4384 2509 4449 modestia
2540 4388 2937 4465 praestantes
2979 4383 3047 4447 hi
3089 4383 3220 4447 viri
3262 4382 3423 4447 locos
3463 4401 3682 4446 sacrae
3736 4381 4087 4462 scripturae
4137 4377 4498 4457 tractarint,
4554 4395 4680 4457 qua

645 4489 993 4571 maderttia
1035 4495 1089 4554 et
1131 4492 1491 4558 datter-itate
1534 4500 1712 4560 actus
1749 4500 1808 4559 et
1846 4496 2112 4577 fraudes
2157 4497 2668 4562 adversariorum
2710 4496 3050 4561 detexerint
3091 4515 3418 4575 eorumque
3460 4494 3740 4559 insidias
3780 4492 4058 4571 vitarint,
4098 4509 4289 4571 quam
4328 4490 4476 4556 scite
4508 4508 4677 4552 mon-

655 4602 925 4666 strarint
962 4601 1141 4683 fucos
1196 4609 1251 4668 et
1299 4604 1597 4686 fallacias
1650 4607 2056 4689 impostorum
2069 4656 2084 4686 ,
2142 4613 2370 4687 quanto
2416 4609 2683 4690 pietatis
2737 4608 2942 4673 studio
2995 4607 3235 4673 accensi
3287 4625 3566 4670 errorum
3617 4609 3895 4669 monstra
3941 4603 4389 4688 oppuynarint,
4444 4603 4680 4682 quanta

656 4711 1031 4779 vehementia
1075 4716 1147 4779 in
1191 4716 1651 4782 Antichristum
1694 4720 1949 4799 eiusque
1992 4720 2320 4800 mancipia
2364 4721 2589 4785 invecti
2635 4722 2786 4798 sint,
2841 4718 3171 4802 diliqenter
3210 4717 3387 4783 nobis
3431 4716 4052 4782 animadvertendum
4095 4720 4198 4781 cst.
4288 4713 4378 4779 Et
4416 4729 4536 4793 quo
4576 4730 4683 4775 ra-

655 4824 859 4889 riores
902 4830 1051 4891 sunt
1093 4826 1210 4892 hae
1254 4828 1439 4910 dotes,
1485 4851 1551 4895 eo
1593 4832 1831 4895 maiore
1872 4832 2081 4898 studio
2124 4833 2296 4897 viros
2339 4833 2452 4914 qui
2494 4832 2583 4897 iis
2615 4831 2901 4912 praediti
2941 4836 3116 4910 sunt,
3162 4835 3218 4894 et
3257 4849 3418 4912 quae
3458 4829 3535 4894 ab
3582 4829 3670 4893 iis
3704 4827 4205 4911 proficiscuntur,
4249 4821 4534 4902 amplecti
4577 4821 4678 4885 de-

658 4935 897 5001 bemus:
946 4944 1016 5002 ut
1057 4943 1280 5006 attente
1330 4942 1778 5025 diliqenterque
1833 4943 2309 5026 contemplemur
2362 4943 2882 5024 quemadmodum
2933 4943 3039 5007 usi
3095 4943 3223 5007 sint
3273 4941 3490 5024 qladio
3544 4939 3716 5005 verbi
3731 4990 3746 5019 ‚
3799 4959 3875 5005 ne
3928 4940 4114 5005 inani
4166 4936 4300 5001 eius
4352 4932 4679 5015 splendore

656 5053 770 5114 aut
822 5050 1032 5114 sonitu
1080 5054 1341 5117 contenti
1393 5054 1610 5117 sims.
1704 5052 1905 5119 Porro
1968 5057 2131 5120 inter
2185 5056 2469 5122 veritatis
2520 5059 3022 5138 propuynatores
3073 5054 3185 5135 qui
3247 5052 3477 5117 nostris
3541 5051 3915 5134 temporibus
3981 5046 4421 5123 excelluerunt,
4486 5064 4678 5125 quam

516 5153 519 5156 ¹
650 5160 914 5242 fidelem,
961 5168 1302 5244 strenuum,
1344 5165 1565 5246 fortem
1609 5170 1665 5229 et
1707 5166 2008 5230 invictum
2050 5187 2115 5232 se
2151 5167 2514 5250 praebuerit
2555 5165 2642 5231 D.
2694 5164 3025 5245 Calvinus,
3069 5166 3161 5230 sic
3203 5168 3512 5229 testantur
3551 5165 3790 5230 eximia
3844 5164 3982 5228 eius
4031 5159 4299 5240 scripta,
4353 5161 4425 5222 ut
4467 5156 4678 5222 alieno

644 5273 980 5356 praeconio
1023 5294 1145 5339 non
1187 5276 1523 5360 indiqeant.
1614 5276 1761 5342 Iam
1806 5278 1882 5343 ab
1925 5278 2177 5344 ineunte
2219 5281 2668 5361 adolescentia,
2712 5278 2904 5344 simul
2944 5282 3128 5360 atque
3168 5296 3212 5340 a
3254 5277 3390 5343 Deo
3432 5282 3682 5344 vocatus
3724 5279 3839 5354 est,
3883 5277 4061 5336 tanta
4106 5270 4452 5336 constantia
4487 5267 4676 5350 fidem
