5100 6061
2006 437 2742 507 PROLEGOMENA.
4156 446 4400 513 XLIX

1363 628 1644 707 Nausea,
1690 649 1751 694 ce
1794 629 2049 705 bavard,
2095 630 2207 709 qui
2250 649 2293 693 a
2333 629 2564 708 rempli
2607 631 2663 694 le
2699 631 2919 696 monde

1360 739 1461 804 De
1504 741 1692 805 lii-res
1736 761 2079 824 emmymx,
2124 761 2275 803 sans
2320 740 2568 820 scavoir
2610 763 2687 805 ne
2726 743 3003 824 faconde,

1366 852 1532 916 Plus
1573 858 1741 917 muet
1777 856 1971 935 qu'un
2003 854 2263 932 poisson
2308 853 2479 917 viene
2517 854 2739 919 bailler
2781 855 2837 918 le
2884 854 2972 918 col

1365 961 1607 1029 Comme
1651 965 1884 1029 esclave
1924 969 1982 1027 et
2022 965 2267 1043 vaincu,
2301 984 2474 1044 pour
2503 969 2721 1046 porter
2758 966 2813 1029 le
2856 965 3012 1031 licol.

1360 1074 1449 1138 Et
1486 1097 1547 1139 ce
1589 1075 1775 1140 hibou
1802 1081 2028 1157 paam,
2075 1096 2219 1140 avec
2262 1095 2341 1140 sa
2384 1076 2554 1141 laide
2597 1082 2868 1160 tronyne,

1371 1186 1494 1267 Qui
1535 1190 1677 1252 s'est
1718 1186 1861 1269 lony
1904 1193 2097 1268 temps
2139 1186 2319 1251 cache
2361 1208 2509 1254 sous
2548 1188 2606 1253 le
2648 1209 2790 1253 nom
2831 1190 2909 1254 de
2957 1187 3269 1273 Oiconyne,

1368 1297 1432 1362 δ”
1438 1298 1729 1381 appelant
1774 1286 2098 1382 Pelas-qus,
2143 1299 2316 1363 viene
2357 1320 2510 1364 sans
2545 1302 2701 1381 plus
2742 1302 3019 1366 aoeendre

1370 1410 1577 1475 Ouvre
1619 1430 1732 1474 son
1773 1411 1874 1475 bec
1916 1410 2139 1475 croclm
2171 1432 2339 1491 powr
2380 1411 2434 1474 le
2476 1411 2635 1476 rude
2678 1432 2844 1477 mors
2876 1412 3170 1493 prendre.

1367 1522 1514 1586 Non
1553 1543 1669 1603 que
1712 1542 1807 1587 ces
1849 1523 2147 1603 quatre-ci
2190 1530 2560 1602 surpassent
2601 1544 2674 1587 en
2718 1525 2981 1603 scavoir,

1369 1634 1466 1698 Οτι
1509 1655 1625 1715 que
1657 1634 2011 1715 pardessus
2054 1638 2190 1699 tous
2233 1635 2319 1698 ils
2364 1640 2545 1716 ayent
2587 1635 2676 1699 du
2708 1637 3008 1715 pouvoir:

1361 1747 1532 1810 Ains
1572 1751 1716 1812 c'est
1744 1764 1979 1825 pource
2020 1744 2222 1828 qu'yci
2264 1751 2417 1810 ceste
2459 1746 2697 1828 infame
2728 1747 3092 1829 prestraille

1362 1858 1485 1923 Les
1528 1880 1569 1922 a
1614 1857 1862 1922 establis
1904 1857 2055 1921 dues
2089 1861 2143 1921 et
2182 1857 2348 1939 chefs
2389 1858 2463 1921 de
2503 1858 2573 1922 la
2615 1858 2898 1924 bataille.

1366 1970 1665 2053 Parquoy
1707 1989 1861 2033 vous
1904 1973 2041 2034 tous
2080 1989 2278 2048 rasez,
2323 1969 2436 2050 qui
2479 1991 2707 2052 suyvee
2749 1972 2813 2035 la
2856 1970 3086 2036 cohorte

1360 2081 1463 2147 De
1507 2100 1570 2146 ce
1611 2087 1879 2145 monstre
1920 2080 2200 2161 infernal
2241 2082 2353 2162 qui
2395 2083 2552 2146 trois
2593 2103 2926 2148 couronnes
2957 2086 3154 2164 porte,

1378 2193 1577 2257 Vehee
1618 2198 1755 2257 tous
1797 2198 1993 2274 quant
2033 2197 2089 2256 et
2132 2193 2257 2274 luy,
2304 2194 2472 2258 voire
2515 2199 2674 2259 toute
2719 2196 2787 2260 la
2827 2194 3042 2274 bande,

1366 2304 1609 2370 (2'omme
1652 2304 1916 2370 esclaves
1954 2304 2030 2367 de
2077 2302 2302 2382 Christ,
2349 2310 2407 2367 et
2447 2304 2869 2389 qu’hommaye
2911 2327 2989 2370 on
3032 2307 3140 2389 luy
3180 2309 3384 2375 rende.

1378 2417 1546 2495 Vous
1586 2436 1809 2480 renars
1851 2415 2187 2493 cauteleux,
2231 2436 2384 2481 vous
2428 2416 2592 2481 lions
2634 2418 2940 2501 d’oryueil
2969 2419 3199 2500 pleins,

1369 2530 1493 2611 Qui
1537 2528 1622 2593 les
1661 2528 1900 2611 yosiers
1941 2548 2089 2590 avez
2130 2529 2206 2592 de
2249 2548 2406 2610 sanq
2450 2529 2733 2594 innocent
2774 2532 2972 2594 teints.

1379 2641 1545 2705 Vous
1588 2640 1768 2705 aussi
1808 2637 2017 2703 chiens
2057 2639 2324 2703 mastins
2366 2640 2478 2721 qui
2519 2660 2598 2703 ne
2640 2660 2839 2706 cessez
2878 2642 2956 2706 de
2997 2642 3263 2723 mordre,

1378 2752 1574 2817 Venez
1603 2751 1774 2832 petis
1816 2755 1874 2815 et
1904 2769 2105 2832 yrans
2141 2770 2232 2814 un
2272 2751 2509 2815 chacun
2550 2772 2627 2816 en
2668 2772 2783 2817 son
2824 2753 3036 2818 ordre.-

1364 2865 1696 2946 Apprenez
1737 2863 2080 2927 desormais
2120 2863 2163 2926 ἀ
2193 2868 2410 2944 porter
2453 2863 2508 2927 le
2550 2863 2855 2929 chordeau

1363 2976 1647 3042 Dessous
1697 2972 1921 3053 Christ,
1964 2978 2170 3040 nostae
2215 2974 2371 3058 Roy,
2417 2981 2474 3041 et
2512 2976 2605 3041 du
2645 2977 2790 3061 iouy
2832 2976 2888 3042 le
2923 2976 3212 3058 fardeau.

1365 3088 1545 3154 Mais
1588 3107 1737 3152 vous
1774 3085 1998 3171 yentils
2038 3087 2280 3167 esprits,
2314 3092 2523 3168 poetes
2566 3089 2928 3168 venerables,

1369 3203 1492 3283 Qui
1534 3220 1754 3283 scavee
1791 3200 1961 3281 faire
2002 3219 2140 3264 vers
2175 3199 2374 3265 docies
2417 3206 2473 3264 et
2516 3200 2885 3280 delectables,
2958 3195 2971 3209 ⁰

1366 3314 1639 3379 Chantee
1683 3313 1738 3375 le
1779 3312 1889 3389 los,
1933 3310 2202 3389 charites,
2248 3311 2334 3373 du
2376 3293 2680 3393 triomphe
2720 3314 2798 3378 de
2843 3311 3069 3393 Christ,

1361 3426 1451 3490 Et
1493 3446 1591 3490 ses
1634 3423 1936 3490 excellens
1974 3422 2133 3503 faits
2174 3423 2421 3505 rediyez
2449 3443 2586 3502 par
2630 3426 2846 3490 escrit.-

1362 3538 1488 3603 Gar
1530 3557 1642 3602 son
1676 3536 1836 3618 petit
1876 3540 2178 3613 troupeau
2221 3532 2295 3598 de
2336 3533 2596 3599 celebrer
2637 3537 2906 3618 s’efforce

1357 3650 1466 3714 En
1507 3649 1764 3730 hymnes
1806 3651 1860 3710 et
1902 3645 2205 3711 chansons
2251 3645 2316 3710 la
2352 3646 2675 3728 yrandewr
2718 3648 2794 3711 de
2836 3668 2913 3711 sa
2949 3647 3132 3728 force.

691 3874 971 3958 Legitur
1026 3875 1149 3942 hoc
1193 3873 1544 3957 Epinicion
1602 3868 1777 3952 apud
1822 3867 2192 3934 Grallasium
2246 3889 2307 3951 p.
2363 3874 2728 3948 148—151;
2783 3869 2959 3954 apud
3001 3870 3246 3934 Bezam
3299 3875 3462 3934 1576
3508 3892 3655 3955 pag.
3709 3876 3986 3953 15—17;
4042 3873 4165 3939 Ed.
4219 3878 4383 3938 1597

353 4006 528 4072 pag.
585 3988 677 4048 13.
729 3991 835 4065 14;
879 3986 1002 4052 Ed.
1056 3989 1214 4051 1611
1263 4006 1410 4068 pag.
1467 3989 1559 4048 11.
1616 3986 1719 4060 12;
1764 3982 1834 4045 in
1877 3979 2162 4045 editione
2207 3978 2485 4062 denique
2530 3980 3099 4046 amstelodamensi
3143 4002 3291 4065 pag.
3343 3986 3402 4046 9.
3453 3986 3549 4046 10.
3617 3983 3850 4048 Versio
3894 3984 4088 4050 Badii
4129 3985 4200 4050 in
4247 3986 4389 4051 edi-

352 4098 564 4163 tione
606 4095 822 4178 priorc
866 4099 1100 4182 gallica
1145 4096 1605 4182 opusculorum
1661 4098 1818 4159 1566
1864 4115 2011 4178 pag.
2066 4094 2433 4171 195—2oo;
2479 4093 2549 4155 in
2593 4093 2950 4174 posteriore
3001 4099 3158 4157 1611
3207 4114 3355 4177 pag.
3407 4096 3765 4157 221—226.

2073 4490 2482 4576 CAPUT
2540 4492 2701 4573 IX.

1236 4642 1726 4769 TRAITE
1778 4669 1964 4767 DE
2015 4669 2193 4766 LA
2247 4669 2721 4767 SAINTE
2777 4645 3146 4767 CENE.
3204 4661 3495 4761 1541.

700 4875 1011 4942 Pluribus
1052 4878 1185 4942 iam
1232 4875 1481 4942 vicibus
1528 4875 1845 4942 Calvinus
1889 4873 2143 4958 publice
2186 4873 2265 4939 de
2310 4873 2533 4940 Coena
2577 4873 2846 4938 Domini
2902 4873 3295 4938 sententiam
3350 4896 3537 4940 suam
3594 4873 4068 4951 declaraverat,
4125 4883 4265 4939 tam
4313 4877 4388 4941 in

360 4997 667 5070 utraque
708 4988 1148 5054 Institutionis
1202 4987 1487 5053 editione
1542 4988 1739 5072 (1536
1787 4999 1854 5051 et
1908 4988 2115 5069 1539),
2172 5007 2367 5068 quam
2411 4987 2481 5049 in
2524 4985 2954 5052 Catechismo.
3042 4984 3550 5070 Ingravescente
3604 4993 3826 5052 tamen
3873 4984 3952 5049 de
4004 4985 4127 5050 hoc
4171 5008 4387 5054 sacra-

361 5106 613 5170 mento
655 5100 1097 5166 controversia
1137 5100 1313 5164 inter
1355 5098 1779 5164 Lutheranos
1825 5109 1893 5163 et
1935 5098 2398 5182 ZwinglianOS,
2446 5105 2512 5163 et
2552 5098 2835 5181 plebeios
2879 5097 3076 5162 etiam
3122 5099 3373 5165 animos
3432 5100 3502 5164 in
3553 5099 3692 5163 dies
3735 5095 3948 5179 magis
3987 5099 4386 5182 exagitante,

362 5233 529 5280 non
574 5212 687 5278 abs
728 5233 800 5277 re
843 5212 980 5276 fore
1024 5211 1427 5277 existimavit
1469 5209 1525 5274 si
1570 5209 1787 5275 libello
1832 5211 2153 5294 singulari
2200 5210 2414 5276 Gallis
2461 5211 2614 5287 suis,
2659 5209 3007 5275 vernaculo
3049 5210 3344 5293 ipsorum
3401 5230 3699 5276 sermone
3754 5229 3942 5287 neue,
3999 5209 4251 5290 placide
4296 5214 4385 5279 si-

360 5323 537 5392 ,mul
582 5330 649 5387 et
687 5324 897 5390 lucide
938 5323 1224 5389 mediam
1264 5322 1447 5387 illam
1491 5320 1667 5386 viam
1710 5320 2108 5401 ostenderet,
2168 5343 2364 5404 quam
2411 5319 2659 5386 dudum
2711 5320 3106 5404 sequendam
3149 5320 3606 5389 commendare
3649 5320 3926 5400 solebat,
3983 5341 4240 5406 quaque
4281 5325 4389 5390 in-

611 5423 829 5481 Calvini
859 5442 1041 5495 opera.
1106 5426 1219 5482 Vol.
1269 5426 1326 5480 V.
1584 5447 1593 5452 ’
3073 5465 3078 5472 .
3928 5422 3976 5478 G
