5100 6061
791 414 872 477 4⁷

792 604 1039 685 equites
1094 610 1416 666 trecentos
1467 600 1728 664 habuit:
1784 601 1966 681 isque
2020 618 2336 663 numerus
2382 598 2735 663 vocabatur

790 689 976 772 legio.
1081 687 1315 752 Livius
1378 686 1488 751 lib.
1545 685 1737 750 VIII.
1803 685 2127 769 legionem
2192 685 2387 750 scribi
2451 693 2736 748 testatur

835 771 1430 924 {ffltzzfffllssf
1481 770 1958 922 AEssdssffi-{aiss
2002 769 2734 922 ἅθθῖἲῖἰῃὲἓῖἑῗίδῗέζ

789 947 1054 1029 gionem
1119 965 1201 1008 ex
1268 945 1612 1026 sexaginta
1674 942 2014 1019 centuriis,
2080 962 2242 1023 quae
2304 942 2554 1006 faciunt
2617 960 2735 1004 sex

789 1030 1010 1095 millia.
1101 1028 1175 1094 Si
1229 1050 1458 1095 verum
1524 1037 1625 1093 est
1681 1028 1849 1110 quod
1915 1027 2156 1110 legitur
2209 1028 2282 1089 in
2346 1026 2565 1091 libello
2621 1026 2733 1107 qui

791 1116 912 1181 sub
963 1117 1226 1181 nomine
1281 1114 1613 1179 Ciceronis
1671 1113 2124 1177 circumfertur
2178 1112 2260 1176 de
2314 1133 2386 1175 re
2442 1110 2732 1185 militari,

790 1212 857 1267 et
921 1202 1319 1285 exemplaria
1388 1200 1624 1264 mendo
1685 1210 1949 1273 vacant,
2018 1198 2186 1281 legio
2252 1198 2595 1262 conficitur
2649 1218 2733 1260 ex

789 1288 1036 1353 duobus
1059 1286 1350 1368 peditum
1386 1285 1692 1361 millibus,
1729 1285 2101 1367 quingentis
2125 1284 2512 1365 quindecim,
2549 1284 2732 1365 equi-

786 1373 967 1438 tibus
1001 1373 1391 1455 octingentis
1435 1371 2097 1454 nonagintaquinque.
2145 1370 2398 1433 Verum
2436 1389 2557 1452 ego
2593 1387 2732 1430 ma-

788 1460 889 1544 gis
932 1446 1337 1534 crediderim,
1384 1466 1711 1538 utcunque
1746 1476 1862 1537 pro
1899 1457 2151 1519 ratione
2185 1461 2560 1536 temporum
2601 1452 2733 1517 dis-

786 1545 1027 1628 ciplina
1068 1544 1371 1608 militaris
1414 1545 1761 1606 immutata
1800 1541 2014 1617 fuerit,
2056 1561 2131 1604 eo
2172 1540 2440 1605 demum
2476 1559 2733 1624 proces-

787 1633 965 1707 sisse,
1002 1638 1079 1695 ut
1115 1629 1339 1695 decem
1366 1626 1741 1693 cohortibus
1763 1627 2167 1690 firmaretur:
2207 1647 2483 1708 quarum
2517 1626 2734 1707 prima

785 1723 958 1782 esset
990 1716 1380 1792 millenaria,
1417 1713 1704 1794 reliquae
1725 1712 2249 1794 quingentariae:
2289 1720 2363 1774 ut
2399 1719 2501 1776 est
2533 1712 2732 1775 etiam

786 1801 960 1885 apud
1005 1802 1375 1884 Vegetium,
1421 1819 1553 1862 non
1597 1797 1768 1880 quod
1813 1819 1888 1862 eo
1932 1818 2205 1861 numero
2249 1798 2539 1880 praecise
2583 1797 2732 1860 fini-

783 1898 1047 1963 rentur,
1107 1886 1221 1951 sed
1265 1885 1477 1948 valuit
1531 1883 1902 1966 appellandi
1958 1883 2444 1965 compendium,
2503 1880 2733 1946 eadem

783 1975 996 2039 forma
1049 1993 1178 2053 qua
1232 1970 1626 2035 centumviri
1680 1990 1799 2052 pro
1848 1978 2113 2034 centum
2169 1978 2236 2033 et
2291 1970 2610 2052 quinque,
2669 1975 2735 2031 et

785 2058 1206 2142 septuaginta
1248 2057 1639 2137 interpretes
1684 2076 1803 2137 pro
1848 2055 2264 2138 septuaginta
2309 2053 2577 2119 duobus.

965 2144 1170 2224 Quum
1224 2143 1291 2204 in
1338 2143 1559 2221 prima
1609 2142 1808 2221 fronte
1847 2137 2261 2226 procurrunt]
2324 2141 2539 2204 Frons
2587 2160 2733 2205 ver-

784 2230 945 2295 bum
996 2240 1098 2293 est
1152 2227 1450 2291 militare.
1539 2226 1714 2290 Nam
1777 2234 1853 2290 ut
1895 2228 1990 2290 ait
2030 2227 2353 2310 Vegetius
2414 2227 2522 2290 lib.
2569 2225 2731 2289 III.:

786 2315 982 2379 Acies
1025 2313 1262 2378 dicitur
1304 2313 1629 2377 exercitus
1673 2314 2051 2378 instructus.
2139 2312 2372 2387 Frons,
2419 2332 2585 2393 quae
2620 2310 2734 2374 ad-

786 2420 1052 2467 versum
1097 2400 1351 2463 hostem
1397 2407 1664 2480 spectat.
1736 2396 2186 2478 Quintilianus
2230 2397 2337 2462 lib.
2385 2397 2506 2461 H.:
2556 2395 2733 2476 Quid

787 2485 963 2550 enim
1000 2486 1055 2549 si
1087 2485 1460 2567 praecipias·
1481 2483 1878 2566 imperatori,
1915 2484 2169 2566 quoties
2203 2484 2409 2549 aciem
2445 2483 2731 2560 instruit,

787 2570 1029 2654 dirigat
1068 2570 1367 2647 frontem,
1413 2590 1659 2635 cornua
1700 2570 2012 2651 utrinque
2047 2577 2441 2652 promoveat.
2484 2570 2736 2650 equites

785 2677 907 2739 pro
949 2656 1251 2722 cornibus
1295 2656 1503 2720 locet?
1572 2654 1843 2720 Curtius
1886 2655 2173 2737 appellat
2213 2655 2461 2721 faciem.
2529 2654 2733 2731 Haec,

785 2742 1015 2824 inquit,
1061 2741 1313 2806 dexteri
1357 2761 1562 2805 cornu
1606 2742 1803 2805 facies
1848 2749 2005 2805 erat.
2097 2739 2352 2806 Deinde
2406 2742 2730 2823 sequitur:

785 2828 1000 2892 Frons
1044 2828 1217 2892 laevi
1260 2848 1463 2892 cornu
1520 2827 1680 2891 haec
1737 2838 1892 2891 erat.
1984 2829 2281 2910 Apparet
2332 2849 2451 2909 pro
2506 2825 2734 2890 eodem

785 2914 1077 2996 posuisse
1119 2914 1404 2977 frontem
1448 2926 1513 2976 et
1554 2912 1804 2977 faciem.
1872 2911 2126 2976 Ibidem
2165 2912 2450 2995 appellat
2492 2913 2730 2995 prima:

785 2999 1019 3082 Itaque
1074 3010 1211 3087 non·
1260 2999 1474 3082 prima
1530 3018 1724 3081 quam
1779 2998 2012 3076 latera,
2070 3020 2201 3063 non
2250 2997 2461 3064 latera
2516 2998 2732 3063 muni-

786 3087 953 3150 tiora
995 3086 1178 3150 fuere
1222 3106 1415 3167 quam
1459 3096 1664 3168 terga.

962 3171 1063 3235 Ne
1106 3171 1502 3252 imperatoris
1557 3172 1664 3235 sui
1714 3172 1902 3252 siqua
1967 3169 2312 3257 vertantur]
2381 3170 2490 3235 Ex
2549 3190 2733 3234 more

784 3259 1270 3330 Romanorum,
1326 3256 1437 3337 qui
1495 3256 1743 3336 primae
1787 3256 2042 3320 cohorti
2085 3256 2372 3337 aquilam
2415 3264 2483 3320 et
2524 3257 2730 3338 impe·

785 3344 1022 3407 ratoris
1064 3342 1385 3425 imagines
1438 3340 1928 3418 adtribuebant,
1986 3351 2213 3423 utpote
2267 3362 2433 3425 quae
2488 3351 2556 3406 et
2608 3364 2731 3407 nu-

785 3449 966 3492 mero
1012 3427 1301 3575 ffilitum
1352 3437 1419 3490 et
1474 3425 1794 3510 dignitate
1850 3429 2374 3510 praestantiaque
2429 3433 2576 3507 [pag.
2627 3432 2734 3507 36]

787 3525 1013 3578 antece
1066 3522 1222 3576 eret.

959 3598 1251 3662 Adversa
1306 3597 1676 3663 vulneribus
1717 3596 1999 3684 pectora]
2074 3597 2282 3680 Quasi
2349 3600 2472 3664 hoc
2539 3600 2733 3665 dede-

787 3705 904 3750 cus
945 3705 1078 3748 non
1122 3684 1287 3749 bene
1332 3684 1859 3765 vitaxpensetur,
1917 3685 1973 3749 si
2016 3687 2161 3767 quis
2204 3706 2274 3749 se
2319 3687 2471 3750 vivo
2517 3708 2593 3752 ac
2637 3689 2734 3751 vi·

787 3769 983 3835 dente
1036 3788 1265 3851 passus
1320 3769 1519 3833 fuerit
1574 3781 1687 3834 aut
1726 3771 1897 3834 verti
1951 3772 2168 3853 signa,
2226 3782 2342 3835 aut
2401 3770 2622 3848 deiici,
2679 3775 2734 3838 si

786 3856 991 3939 signis
1037 3854 1311 3920 desertis
1357 3864 1541 3938 terga
1583 3854 1851 3931 dederit,
1899 3865 1966 3920 et
2005 3857 2331 3938 pudenda,
2379 3868 2455 3921 ut
2497 3858 2736 3941 Vergi-

786 3940 915 4006 lius
959 3941 1078 4016 ait,
1136 3941 1408 4006 vulnera
1451 3950 1636 4021 tergo
1694 3944 2030 4024 acceperit.
2120 3941 2368 4007 Contra
2413 3963 2578 4026 quae
2621 3944 2736 4007 ad-

787 4047 977 4092 verso
1020 4036 1281 4109 pectore
1324 4026 1506 4090 illata
1559 4033 1743 4103 sunt,
1800 4026 2151 4092 laudantur
2192 4037 2503 4111 tanquam
2563 4029 2735 4094 mili-

788 4113 921 4177 tiae
964 4112 1213 4178 decora.
1274 4111 1447 4176 Vide
1490 4111 1924 4177 Plutarchum
1969 4115 2037 4177 in
2082 4114 2423 4196 problem.:
2471 4113 2738 4200 Dicitur

790 4211 857 4263 et
898 4198 1277 4279 simpliciter
1321 4197 1669 4263 adversum
1710 4198 1965 4263 vulnus.
2057 4197 2387 4265 Salustius
2439 4201 2509 4263 in
2556 4199 2736 4265 Cati-

788 4284 951 4434 liina:
1008 4282 1142 4348 Sed
1187 4305 1411 4348 omnes
1467 4296 1685 4347 tamen
1744 4284 2039 4349 adversis
2083 4285 2465 4350 vulneribus
2519 4288 2737 4352 conci-

836 4378 1039 4434 erant.

966 4454 1088 4519 Ille
1143 4455 1307 4518 enim
1364 4460 1455 4518 est
1507 4453 1848 4555 vinculum]
1915 4455 2251 4521 Honestae
2308 4467 2467 4520 sunt
2525 4467 2737 4530 trans·
2839 4535 2846 4544 .

789 4541 1084 4605 lationes.
1176 4539 1253 4605 Si
1311 4542 1487 4604 enim
1542 4540 1886 4606 concordia
1941 4543 2183 4607 civium
2237 4540 2438 4605 alitur
2480 4542 2738 4624 imperii

791 4627 1092 4710 dignitas,
1137 4646 1403 4691 necesse
1447 4643 1547 4691 est
1587 4635 1661 4690 ut
1705 4627 1924 4708 aliqua
1961 4628 2137 4691 inter
2172 4647 2244 4691 se
2264 4626 2469 4693 veluti
2505 4636 2740 4693 catena

790 4712 1198 4778 cohaereant.
1265 4711 1632 4794 Imperator
1672 4713 1876 4795 igitur
1916 4722 2019 4776 est
2061 4712 2415 4789 vinculum,
2462 4734 2591 4795 quo
2632 4714 2736 4778 in-

791 4807 893 4863 ter
947 4819 1017 4863 se
1073 4796 1491 4881 colligantur,
1561 4819 1645 4863 ne
1712 4796 2054 4862 dissiliant.
2158 4799 2349 4864 Desit
2399 4807 2617 4863 rector
2672 4809 2740 4864 et

790 4883 1174 4961 moderator,
1222 4884 1453 4965 quibus
1497 4883 1741 4948 catenis
1778 4883 2129 4948 multitudo
2166 4883 2410 4950 discors
2454 4893 2523 4948 et
2566 4884 2736 4948 sedi-

791 4969 959 5034 tiosa
1003 4968 1537 5053 constringetur?
1585 4988 1712 5051 quo
1756 4969 2115 5033 ferrumine
2160 4969 2647 5034 committetur?

969 5054 1246 5136 Spiritus
1310 5052 1551 5139 vitalis]
1634 5053 1865 5118 Altera
1940 5063 2040 5119 est
2116 5057 2524 5138 metaphora,
2609 5075 2740 5138 qua

792 5140 1197 5223 significatur
1238 5140 1310 5203 in
1353 5141 1491 5205 suis
1534 5138 1805 5205 ducibus
1848 5141 2073 5205 vivere
2116 5161 2191 5205 ac
2233 5142 2483 5225 spirare
2531 5161 2738 5225 popu—

790 5226 921 5291 los:
970 5225 1050 5290 ab
1093 5228 1290 5291 unius
1334 5228 1471 5292 vita
1514 5226 1699 5307 quasi
1739 5225 1819 5290 de
1859 5225 1969 5290 filo
2025 5227 2337 5307 pendere:
2398 5228 2570 5295 sicut
2623 5227 2739 5291 illa

791 5312 1049 5386 Lucani
1092 5312 1483 5395 apostrophe
1523 5310 1607 5375 ad
1648 5310 1995 5377 Caesarem
2037 5310 2206 5378 libro
2250 5313 2503 5396 quinto:

2434 409 2564 475 DE
2607 408 3152 500 emmaum

4709 409 4791 471 48

3010 598 3183 665 Quum
3218 605 3304 653 tot
3337 599 3391 652 in
3424 599 3528 653 hac
3564 600 3740 652 anima
3774 598 4099 666 populorum
4136 598 4248 651 vita
4269 596 4536 665 *salusque

3009 667 3268 734 Pendeat,
3304 674 3361 720 et
3396 674 3578 721 tantus
3617 674 3780 735 caput
3814 667 3920 720 hoc
3956 667 4057 721 sibi
4092 666 4283 721 fecerit
4318 666 4479 720 orbis.

2838 752 3111 818 Curtius
3153 752 3261 817 lib.
3299 752 3423 816 IX.
3471 752 3553 816 de
3587 752 3966 817 Alexandro
4001 751 4300 834 loquens:
4346 751 4512 816 'Poto
4548 773 4623 816 eo
4659 750 4781 830 die,

2838 847 2906 903 et
2944 847 3137 903 nocte
3170 858 3337 920 quae
3378 847 3651 921 sequuta
3685 846 3804 916 est,
3849 848 4138 904 armatus
4173 837 4499 903 exercitus
4535 835 4784 920 regiam

2836 922 3105 1001 obsedit,
3143 924 3477 988 confessus
3496 944 3725 989 omnes
3761 927 3953 989 unius
3987 923 4223 1005 spiritu
4245 923 4485 988 vivere.
4531 922 4785 989 Verum

2838 1007 3126 1075 Senecae
3191 1009 3642 1091 metaphoram
3708 1010 3916 1093 magis
3981 1009 4064 1073 ad
4120 1008 4394 1075 verbum
4461 1010 4785 1091 expressit

2838 1093 3106 1160 Curtius
3149 1095 3220 1158 in
3265 1115 3542 1176 persona
3577 1094 3870 1177 Philippi
3906 1093 4139 1160 medici
4181 1095 4264 1159 ad
4303 1094 4783 1161 Alexandrum:

2837 1180 3004 1258 Rex,
3050 1201 3310 1263 semper
3352 1179 3611 1263 quidem
3657 1181 3924 1263 spiritus
3980 1202 4164 1245 meus
4209 1202 4292 1246 ex
4336 1190 4401 1243 te
4446 1180 4783 1262 pependit:

2837 1266 2953 1330 sed
2995 1287 3175 1347 nunc
3219 1287 3392 1344 vero,
3437 1265 3735 1343 arbitror,
3783 1287 3965 1331 sacro
4011 1275 4076 1331 et
4111 1266 4477 1331 »venerabili
4521 1287 4632 1331 ore
4678 1273 4787 1332 tuo

2837 1352 3142 1416 trahitur.
3233 1353 3325 1416 Et
3378 1353 3670 1416 imitatus
3738 1364 3837 1418 est
3892 1353 4209 1417 Erasmus
4262 1354 4337 1416 in
4392 1352 4786 1435 panegyrico

2835 1437 3147 1523 Philippi.
3250 1438 3461 1502 Porro
3528 1437 3648 1503 hoc
3704 1460 3744 1503 a
3797 1438 4202 1520 philosophis
4269 1449 4604 1519 sumptum
4668 1448 4785 1517 est,

2837 1525 2948 1605 qui
2991 1524 3198 1588 vitam
3242 1522 3528 1589 hominis
3577 1524 3648 1587 in
3694 1546 3768 1588 eo
3813 1524 4156 1606 praecipue
4213 1523 4565 1588 consistere
4611 1524 4786 1588 affir-

2837 1618 3048 1687 mant,
3106 1607 3276 1692 quod
3331 1630 3547 1674 aerem
3605 1609 3865 1674 hauriat
3909 1618 3975 1674 et
4020 1611 4287 1692 recipiat
4333 1630 4448 1691 per
4490 1630 4787 1691 asperam

2836 1695 3176 1770 arteriam,
3236 1716 3435 1776 quam
3478 1694 3710 1760 Celsus
3757 1718 4055 1778 asperam
4111 1695 4400 1759 fistulam
4444 1704 4667 1772 vocat,
4724 1703 4788 1761 et

2836 1780 3226 1845 Lactantius
3269 1780 3752 1864 gurgulionem:
3800 1793 3866 1846 et
3908 1801 4071 1863 quae
4112 1781 4368 1845 animae
4403 1781 4786 1860 aestuantis,

2837 1873 2913 1929 ut
2957 1866 3050 1930 ait
3092 1865 3381 1943 Gellius,
3437 1866 3563 1931 iter
3607 1875 3735 1932 est:
3789 1867 3870 1931 de
3913 1888 4040 1949 qua
4083 1867 4242 1931 satis
4298 1866 4510 1930 multa
4554 1865 4787 1932 Cicero

2840 1951 2948 2016 lib.
2995 1951 3086 2015 II.
3113 1951 3210 2016 de
3254 1952 3507 2016 Natura
3548 1953 3832 2017 deorum.
3903 1951 4189 2018 Causam
4235 1961 4453 2016 autem
4500 1974 4620 2017 cur
4656 1954 4788 2035 spi-

2837 2058 2984 2101 rare
3028 2059 3289 2103 necesse
3333 2038 3708 2116 habeamus,
3749 2038 3897 2102 vide
3943 2037 4114 2120 apud
4155 2037 4590 2113 Aristotelem,
4638 2060 4786 2121 pro·

2836 2121 3190 2188 blematum
3221 2124 3506 2188 sectione
3537 2118 3867 2189 XXXIV.
3906 2123 4284 2206 problemat.
4309 2123 4501 2187 XII:
4542 2122 4787 2204 Quam-

2838 2208 3064 2273 obrem
3119 2219 3276 2273 sunt
3329 2209 3438 2291 qui
3498 2209 3854 2291 opinantur
3909 2211 4110 2273 vitam
4167 2208 4333 2274 nihil
4388 2209 4569 2273 aliud
4625 2230 4785 2288 esse,

2836 2315 3035 2381 quam
3077 2296 3400 2377 spiritum,
3447 2317 3564 2359 seu
3611 2297 3914 2360 animam.
3998 2294 4271 2360 Servius
4315 2294 4386 2358 in
4429 2294 4593 2359 illud
4618 2296 4786 2360 Ver·

2838 2379 3007 2463 gilii,
3073 2379 3281 2445 Vitam
3323 2381 3738 2459 exhalatam,
3791 2382 4147 2471 secundum
4193 2401 4329 2461 eos,
4385 2380 4632 2464 inquit,
4694 2380 4785 2445 lo-

2839 2474 3080 2547 quutus
3124 2476 3248 2544 est,
3305 2469 3415 2549 qui
3461 2469 3659 2531 vitam
3699 2478 3973 2533 ventum
4010 2467 4257 2531 volunt.
4344 2467 4434 2531 Et
4486 2466 4663 2531 idem
4717 2468 4786 2532 in

2838 2550 2958 2614 IV.
3005 2562 3421 2617 commentar.
3470 2553 3799 2618 Aeneidos
3841 2574 4045 2635 quum
4089 2552 4424 2637 Vergilius
4480 2552 4782 2618 dixisset:

3250 2638 3426 2707 Atque
3462 2640 3516 2692 in
3553 2648 3744 2695 ventos
3780 2640 3891 2693 vita
3925 2640 4166 2707 recessit,

2839 2722 3004 2798 Eos,
3048 2723 3287 2806 inquit,
3335 2723 3645 2806 sequitur,
3692 2727 3802 2806 qui
3845 2726 4049 2789 vitam
4092 2745 4311 2789 acrem
4351 2745 4493 2789 esse
4539 2724 4785 2790 dicunt.

2839 2807 3082 2871 Verius
3146 2820 3362 2874 tamen
3418 2819 3518 2874 est
3576 2832 3656 2874 ex
3713 2822 3989 2893 quatuor
4041 2810 4386 2875 elementis
4444 2818 4508 2874 et
4564 2809 4785 2874 divino

2839 2894 3076 2975 spiritu
3132 2908 3428 2960 constare
3483 2896 3701 2960 onmia
3743 2896 4066 2960 animalia.
4157 2895 4366 2961 Cuius
4421 2896 4830 2961 sententiae-

2837 2979 3039 3045 fuisse
3093 2981 3516 3046 Aristotelem
3575 2991 3843 3048 constat.
3933 2981 4237 3047 Trahunt
4289 2982 4466 3046 enim
4519 3002 4560 3045 a
4615 2988 4790 3048 terra

2838 3086 3133 3150 carnem,
3186 3067 3265 3132 ab
3311 3089 3476 3150 aqua
3521 3068 3893 3146 humorem,
3952 3067 4034 3132 ab
4073 3089 4223 3133 aere
4264 3068 4662 3147 anhelitum,
4710 3069 4787 3133 ab

2837 3151 2992 3235 igne
3045 3153 3399 3231 fervorem,
3453 3175 3492 3217 a
3534 3153 3757 3218 (livino
3803 3156 4035 3238 spiritu
4092 3155 4446 3237 ingenium.
4539 3152 4788 3235 Quam·

2836 3259 3032 3319 quam
3077 3238 3269 3302 aliter
3310 3240 3642 3324 astrologi:
3691 3250 3930 3322 putant
3974 3241 4148 3304 enim
4191 3261 4340 3318 nos,
4388 3261 4593 3322 quum
4635 3259 4788 3304 nas-

2837 3323 3076 3401 cimur,
3134 3326 3350 3388 sortiri
3407 3346 3445 3388 a
3497 3323 3651 3390 Sole
3707 3327 4039 3407 spiritum,
4098 3348 4137 3390 a
4179 3327 4378 3389 Luna
4432 3347 4700 3408 corpus,
4754 3346 4789 3389 a

2838 3409 3055 3473 Marte
3100 3412 3508 3494 sanguinem,
3554 3417 3700 3490 [pag.
3741 3416 3846 3489 37]
3890 3432 3929 3474 a
3966 3412 4294 3476 Mercurio
4339 3411 4704 3495 ingenium,
4753 3431 4788 3474 a

2837 3494 3023 3559 Iove.
3052 3494 3474 3575 desiderium,
3535 3521 3574 3561 a
3615 3497 3877 3561 Venere
3931 3494 4350 3579 cupiditates,
4409 3505 4448 3560 a
4499 3495 4788 3562 Saturno

2841 3580 3198 3645 humorem.
3287 3582 3440 3647 Non
3491 3581 3604 3648 abs
3664 3604 3735 3647 re
3786 3584 3992 3666 igitur
4034 3583 4305 3664 spiritns
4348 3582 4562 3648 dictus
4605 3590 4710 3647 est
4752 3602 4790 3645 a

2840 3664 3095 3732 Seneca
3147 3669 3438 3749 epitheto
3485 3669 3717 3733 vitalis.
3805 3669 4007 3746 Nam,
4069 3677 4143 3732 ut
4201 3668 4294 3732 ait
4335 3666 4789 3749 Quintilianus

2839 3751 2947 3816 lib.
2984 3753 3066 3816 V.
3083 3803 3097 3830 ,
3149 3752 3310 3818 illud
3346 3762 3671 3820 retrorsus
3697 3754 3887 3832 valet,
3924 3768 3991 3819 et
4023 3755 4272 3837 spirare
4303 3754 4638 3817 hominem
4674 3754 4790 3837 qui

2841 3837 3022 3912 vivit,
3059 3846 3125 3902 et
3146 3839 3366 3904 vivere
3400 3839 3513 3922 qui
3546 3841 3778 3922 spirat:
3813 3850 3889 3904 ut
3921 3839 4188 3923 spiritus
4223 3860 4342 3921 pro
4367 3840 4519 3918 vita,
4554 3849 4623 3904 et
4657 3840 4790 3923 spi-

2839 3944 2991 3987 rans
3036 3945 3154 4005 pro
3189 3925 3453 3991 vivente
3489 3925 3821 3989 interdum
3867 3927 4009 3990 sine
4057 3925 4308 3991 adiecto
4355 3925 4788 4007 reperiantur.

3016 4007 3182 4092 Reqe
3215 4008 3535 4097 incolumi]
3603 4011 3788 4076 Haec
3832 4011 3960 4075 duo
4004 4011 4418 4076 hemistichia
4453 4009 4795 4075 transtulit

2843 4114 2922 4157 ex
2969 4094 3087 4158 IV.
3133 4095 3504 4179 Georgicon
3545 4097 3857 4180 Vergilii,
3916 4097 4024 4162 ubi
4073 4097 4153 4162 de
4197 4096 4425 4179 apibus
4468 4095 4788 4178 loquitur:

3050 4196 3340 4252 Praeterea
3375 4215 3555 4266 regem
3590 4217 3699 4252 non
3735 4202 3811 4253 sic
3846 4200 4141 4269 AegyptuS,
4178 4206 4235 4252 et
4266 4200 4456 4267 ingens

3052 4266 3094 4319 1.
3133 4267 3236 4334 dia,
3272 4283 3370 4320 nec
3407 4267 3596 4335 populi
3630 4267 3970 4335 Parthorum,
4009 4276 4102 4322 aut
4137 4266 4328 4321 Medus
4363 4266 4653 4337 Hydaspes

3049 4284 3375 4387 observant:
3413 4351 3540 4402 rege
3577 4337 3825 4389 incolumi
3862 4353 4012 4390 mens
4050 4336 4293 4390 omnibus
4330 4351 4462 4401 una;

3049 4404 3260 4456 Amisso
3298 4419 3493 4472 rupere
3531 4403 3708 4473 fidem,
3747 4414 4161 4472 constructaque
4197 4404 4361 4458 mella

3049 4471 3332 4538 Diripuere
3367 4474 3537 4540 ipsae,
3575 4486 3631 4526 et
3668 4483 3844 4527 crates
3881 4475 4093 4528 solvere
4129 4473 4376 4527 favorum
4412 4478 4514 4526 etc.

3022 4557 3295 4622 Tamdiu
3348 4557 3426 4620 ab
3478 4560 3594 4623 isto
3623 4551 3639 4571 ‘
3657 4560 3940 4638 periculo
3994 4560 4188 4623 aberit
4252 4557 4555 4639 quamdiu
4613 4555 4792 4644 sciet]

2842 4644 3048 4708 Ferre
3102 4642 3321 4707 frenos
3376 4644 3721 4726 proverbio
3778 4644 4014 4708 dicitur
4056 4643 4432 4709 obedienter
4472 4644 4799 4726 imperata

2841 4731 3071 4805 facere,
3118 4737 3184 4792 et
3227 4728 3471 4793 domini
3514 4738 3631 4794 aut
3685 4731 3996 4812 principis
4049 4730 4399 4812 imperium
4458 4729 4799 4794 moderate

2843 4816 3029 4880 ferre.
3119 4812 3246 4878 Cui
3302 4816 3701 4880 contrarium
3756 4829 3857 4880 est
3909 4817 4167 4880 frenum
4223 4814 4542 4880 mordere.
4633 4813 4797 4880 Ser-

2841 4901 3029 4966 vavit
3071 4900 3269 4963 etiam
3292 4899 3481 4964 verbi
3524 4903 4005 4984 proprietatem,
4052 4923 4257 4984 quum
4301 4898 4589 4966 subiicit:
4636 4901 4798 4965 Dis-

2842 5007 3063 5051 eussos
3115 4987 3344 5067 reponi
3400 4986 3522 5051 sibi
3579 5008 3810 5070 passus
3864 5009 3995 5052 non
4062 4987 4204 5052 erit.
4304 4987 4550 5052 Excuti
4614 4987 4800 5051 enim

2841 5071 3105 5155 proprie
3160 5071 3397 5136 dicitur
3454 5071 3533 5137 de
3592 5075 3808 5156 equis,
3868 5082 3944 5138 ut
3998 5071 4336 5139 adnotavit
4389 5070 4667 5140 Servius
4722 5073 4800 5136 in

2842 5167 3028 5222 sexto
3070 5165 3485 5223 commentar.
3534 5159 3863 5224 Aeneidos
3905 5158 4215 5243 Vergilii:

3660 5261 3744 5316 Ea
3779 5261 3933 5316 frena
3967 5261 4164 5316 furenti

3389 5329 3654 5397 Concutit,
3692 5337 3749 5384 et
3783 5331 4045 5386 stimulos.
