<?xml version="1.0" encoding="UTF-8"?>
<!DOCTYPE html PUBLIC "-//W3C//DTD XHTML 1.0 Transitional//EN"
    "http://www.w3.org/TR/xhtml1/DTD/xhtml1-transitional.dtd">
<html xmlns="http://www.w3.org/1999/xhtml" xml:lang="en" lang="en">
 <head>
  <title>
</title>
<meta http-equiv="Content-Type" content="text/html;charset=utf-8" />
  <meta name='ocr-system' content='tesseract 3.04.00' />
  <meta name='ocr-capabilities' content='ocr_page ocr_carea ocr_par ocr_line ocrx_word'/>
</head>
<body>
  <div class='ocr_page' id='page_1' title='image "./ioanniscalvinio15calvgoog_0101.png"; bbox 0 0 5100 6061; ppageno 0'>
   <div class='ocr_carea' id='block_1_1' title="bbox 321 434 4334 521">
    <p class='ocr_par' dir='ltr' id='par_1_1' title="bbox 321 434 4334 521">
     <span class='ocr_line' id='line_1_1' title="bbox 321 434 4334 521; baseline 0.001 -7"><span class='ocrx_word' id='word_1_1' title='bbox 321 455 402 514; x_wconf 81' lang='lat'><strong>77</strong></span> <span class='ocrx_word' id='word_1_2' title='bbox 1850 434 2140 518; x_wconf 80' lang='lat' dir='ltr'>LIBER</span> <span class='ocrx_word' id='word_1_3' title='bbox 2182 451 2238 517; x_wconf 89' lang='lat'><strong>1.</strong></span> <span class='ocrx_word' id='word_1_4' title='bbox 2328 451 2632 520; x_wconf 76' lang='lat' dir='ltr'><strong>OAPU&#39;I·</strong></span> <span class='ocrx_word' id='word_1_5' title='bbox 2674 454 2800 520; x_wconf 67' lang='lat' dir='ltr'><strong>m</strong></span> <span class='ocrx_word' id='word_1_6' title='bbox 4251 461 4334 521; x_wconf 83' lang='grc'><strong>78</strong></span> 
     </span>
    </p>
   </div>
   <div class='ocr_carea' id='block_1_2' title="bbox 320 641 2286 2621">
    <p class='ocr_par' dir='ltr' id='par_1_2' title="bbox 320 641 2286 1586">
     <span class='ocr_line' id='line_1_2' title="bbox 320 641 2281 724; baseline -0.001 -18"><span class='ocrx_word' id='word_1_7' title='bbox 320 648 501 718; x_wconf 82' lang='lat' dir='ltr'><strong>vent,</strong></span> <span class='ocrx_word' id='word_1_8' title='bbox 550 663 744 723; x_wconf 89' lang='grc'>080111</span> <span class='ocrx_word' id='word_1_9' title='bbox 789 642 857 704; x_wconf 89' lang='grc'><strong>18</strong></span> <span class='ocrx_word' id='word_1_10' title='bbox 902 641 1311 706; x_wconf 89' lang='lat' dir='ltr'><strong>senatoribus</strong></span> <span class='ocrx_word' id='word_1_11' title='bbox 1366 642 1782 707; x_wconf 75' lang='lat' dir='ltr'>recensendis</span> <span class='ocrx_word' id='word_1_12' title='bbox 1826 649 2281 724; x_wconf 80' lang='lat' dir='ltr'><strong>praetereunt3</strong></span> 
     </span>
     <span class='ocr_line' id='line_1_3' title="bbox 324 726 2279 811; baseline 0.001 -21"><span class='ocrx_word' id='word_1_13' title='bbox 324 734 391 791; x_wconf 88' lang='lat' dir='ltr'><strong>et</strong></span> <span class='ocrx_word' id='word_1_14' title='bbox 435 735 626 809; x_wconf 88' lang='lat' dir='ltr'><strong>pater</strong></span> <span class='ocrx_word' id='word_1_15' title='bbox 669 728 736 791; x_wconf 90' lang='lat' dir='ltr'><strong>in</strong></span> <span class='ocrx_word' id='word_1_16' title='bbox 781 729 925 791; x_wconf 91' lang='lat' dir='ltr'><strong>iure</strong></span> <span class='ocrx_word' id='word_1_17' title='bbox 970 726 1211 792; x_wconf 90' lang='lat' dir='ltr'><strong>dicitur</strong></span> <span class='ocrx_word' id='word_1_18' title='bbox 1250 727 1460 792; x_wconf 87' lang='lat' dir='ltr'><strong>filium</strong></span> <span class='ocrx_word' id='word_1_19' title='bbox 1506 729 1863 811; x_wconf 89' lang='lat' dir='ltr'><strong>praeterire</strong></span> <span class='ocrx_word' id='word_1_20' title='bbox 1908 726 2279 805; x_wconf 83' lang='lat' dir='ltr'><strong>haeredem,</strong></span> 
     </span>
     <span class='ocr_line' id='line_1_4' title="bbox 322 811 2282 895; baseline 0 -18"><span class='ocrx_word' id='word_1_21' title='bbox 322 833 517 895; x_wconf 89' lang='lat' dir='ltr'><strong>quem</strong></span> <span class='ocrx_word' id='word_1_22' title='bbox 562 815 633 878; x_wconf 92' lang='lat' dir='ltr'><strong>in</strong></span> <span class='ocrx_word' id='word_1_23' title='bbox 677 814 816 879; x_wconf 92' lang='lat' dir='ltr'><strong>loco</strong></span> <span class='ocrx_word' id='word_1_24' title='bbox 860 811 1220 882; x_wconf 82' lang='lat' dir='ltr'><strong>haeredum</strong></span> <span class='ocrx_word' id='word_1_25' title='bbox 1266 835 1398 878; x_wconf 93' lang='lat' dir='ltr'><strong>non</strong></span> <span class='ocrx_word' id='word_1_26' title='bbox 1448 815 1659 878; x_wconf 90' lang='lat' dir='ltr'><strong>habet.</strong></span> <span class='ocrx_word' id='word_1_27' title='bbox 1753 812 1982 880; x_wconf 80' lang='lat' dir='ltr'><strong>Cicero</strong></span> <span class='ocrx_word' id='word_1_28' title='bbox 2025 815 2097 878; x_wconf 90' lang='lat' dir='ltr'><strong>in</strong></span> <span class='ocrx_word' id='word_1_29' title='bbox 2138 835 2282 878; x_wconf 90' lang='lat' dir='ltr'><strong>ora-</strong></span> 
     </span>
     <span class='ocr_line' id='line_1_5' title="bbox 323 898 2284 983; baseline 0.001 -20"><span class='ocrx_word' id='word_1_30' title='bbox 323 900 501 966; x_wconf 90' lang='lat' dir='ltr'><strong>tione</strong></span> <span class='ocrx_word' id='word_1_31' title='bbox 554 921 675 983; x_wconf 88' lang='lat' dir='ltr'><strong>pro</strong></span> <span class='ocrx_word' id='word_1_32' title='bbox 725 900 1001 965; x_wconf 78' lang='lat' dir='ltr'>Plancio</span> <span class='ocrx_word' id='word_1_33' title='bbox 1052 898 1330 965; x_wconf 82' lang='lat' dir='ltr'><strong>subinde</strong></span> <span class='ocrx_word' id='word_1_34' title='bbox 1383 901 1651 983; x_wconf 89' lang='lat' dir='ltr'><strong>repetit,</strong></span> <span class='ocrx_word' id='word_1_35' title='bbox 1710 900 1823 965; x_wconf 91' lang='lat' dir='ltr'><strong>sed</strong></span> <span class='ocrx_word' id='word_1_36' title='bbox 1886 922 2093 965; x_wconf 90' lang='lat' dir='ltr'><strong>unum</strong></span> <span class='ocrx_word' id='word_1_37' title='bbox 2137 912 2284 964; x_wconf 86' lang='lat' dir='ltr'><strong>tan·</strong></span> 
     </span>
     <span class='ocr_line' id='line_1_6' title="bbox 321 985 2285 1070; baseline 0.001 -21"><span class='ocrx_word' id='word_1_38' title='bbox 321 993 464 1051; x_wconf 83' lang='lat' dir='ltr'><strong>tum</strong></span> <span class='ocrx_word' id='word_1_39' title='bbox 512 986 887 1070; x_wconf 87' lang='lat' dir='ltr'><strong>exemplum</strong></span> <span class='ocrx_word' id='word_1_40' title='bbox 941 985 1376 1050; x_wconf 87' lang='lat' dir='ltr'><strong>subiiciomus.</strong></span> <span class='ocrx_word' id='word_1_41' title='bbox 1467 987 1662 1052; x_wconf 83' lang='lat' dir='ltr'><strong>Nune</strong></span> <span class='ocrx_word' id='word_1_42' title='bbox 1720 996 1980 1051; x_wconf 89' lang='lat' dir='ltr'><strong>tantum</strong></span> <span class='ocrx_word' id='word_1_43' title='bbox 2024 986 2285 1070; x_wconf 90' lang='lat' dir='ltr'><strong>disputo</strong></span> 
     </span>
     <span class='ocr_line' id='line_1_7' title="bbox 324 1069 2284 1155; baseline -0.002 -17"><span class='ocrx_word' id='word_1_44' title='bbox 324 1069 405 1138; x_wconf 88' lang='lat' dir='ltr'><strong>de</strong></span> <span class='ocrx_word' id='word_1_45' title='bbox 470 1074 616 1138; x_wconf 88' lang='lat' dir='ltr'><strong>iure</strong></span> <span class='ocrx_word' id='word_1_46' title='bbox 680 1072 933 1155; x_wconf 90' lang='lat' dir='ltr'><strong>populi,</strong></span> <span class='ocrx_word' id='word_1_47' title='bbox 1006 1073 1113 1154; x_wconf 93' lang='lat' dir='ltr'><strong>qui</strong></span> <span class='ocrx_word' id='word_1_48' title='bbox 1173 1079 1388 1154; x_wconf 88' lang='lat' dir='ltr'><strong>potest</strong></span> <span class='ocrx_word' id='word_1_49' title='bbox 1449 1081 1515 1138; x_wconf 91' lang='lat' dir='ltr'><strong>et</strong></span> <span class='ocrx_word' id='word_1_50' title='bbox 1580 1072 1746 1138; x_wconf 88' lang='lat' dir='ltr'><strong>solet</strong></span> <span class='ocrx_word' id='word_1_51' title='bbox 1810 1093 2284 1155; x_wconf 78' lang='lat' dir='ltr'><strong>nonnunquam</strong></span> 
     </span>
     <span class='ocr_line' id='line_1_8' title="bbox 324 1156 2286 1243; baseline -0.001 -20"><span class='ocrx_word' id='word_1_52' title='bbox 324 1156 558 1243; x_wconf 90' lang='lat' dir='ltr'><strong>dignos</strong></span> <span class='ocrx_word' id='word_1_53' title='bbox 619 1159 1000 1241; x_wconf 83' lang='lat' dir='ltr'><strong>praeterire:</strong></span> <span class='ocrx_word' id='word_1_54' title='bbox 1055 1179 1174 1223; x_wconf 90' lang='lat' dir='ltr'><strong>nec</strong></span> <span class='ocrx_word' id='word_1_55' title='bbox 1239 1160 1292 1223; x_wconf 91' lang='lat' dir='ltr'><strong>si</strong></span> <span class='ocrx_word' id='word_1_56' title='bbox 1351 1178 1391 1221; x_wconf 92' lang='lat' dir='ltr'><strong>a</strong></span> <span class='ocrx_word' id='word_1_57' title='bbox 1444 1159 1683 1242; x_wconf 89' lang='lat' dir='ltr'><strong>populo</strong></span> <span class='ocrx_word' id='word_1_58' title='bbox 1744 1159 2139 1241; x_wconf 89' lang='lat' dir='ltr'><strong>praeteritus</strong></span> <span class='ocrx_word' id='word_1_59' title='bbox 2184 1172 2286 1222; x_wconf 90' lang='lat' dir='ltr'><strong>est</strong></span> 
     </span>
     <span class='ocr_line' id='line_1_9' title="bbox 324 1244 2282 1328; baseline -0.002 -18"><span class='ocrx_word' id='word_1_60' title='bbox 324 1267 518 1328; x_wconf 92' lang='lat' dir='ltr'><strong>quem</strong></span> <span class='ocrx_word' id='word_1_61' title='bbox 563 1266 700 1309; x_wconf 92' lang='lat' dir='ltr'><strong>non</strong></span> <span class='ocrx_word' id='word_1_62' title='bbox 743 1246 1064 1327; x_wconf 89' lang='lat' dir='ltr'><strong>oportuit,</strong></span> <span class='ocrx_word' id='word_1_63' title='bbox 1124 1266 1162 1309; x_wconf 91' lang='lat' dir='ltr'><strong>a</strong></span> <span class='ocrx_word' id='word_1_64' title='bbox 1217 1244 1537 1309; x_wconf 88' lang='lat' dir='ltr'><strong>iudicibus</strong></span> <span class='ocrx_word' id='word_1_65' title='bbox 1582 1244 2118 1310; x_wconf 88' lang='lat' dir='ltr'><strong>condemnandus</strong></span> <span class='ocrx_word' id='word_1_66' title='bbox 2164 1253 2282 1321; x_wconf 90' lang='lat' dir='ltr'><strong>est,</strong></span> 
     </span>
     <span class='ocr_line' id='line_1_10' title="bbox 323 1330 2279 1415; baseline -0.002 -19"><span class='ocrx_word' id='word_1_67' title='bbox 323 1333 435 1415; x_wconf 92' lang='lat' dir='ltr'><strong>qui</strong></span> <span class='ocrx_word' id='word_1_68' title='bbox 479 1331 872 1415; x_wconf 80' lang='lat' dir='ltr'><strong>praeteritus</strong></span> <span class='ocrx_word' id='word_1_69' title='bbox 927 1353 1057 1395; x_wconf 92' lang='lat' dir='ltr'><strong>non</strong></span> <span class='ocrx_word' id='word_1_70' title='bbox 1114 1339 1227 1395; x_wconf 82' lang='lat' dir='ltr'><strong>est.</strong></span> <span class='ocrx_word' id='word_1_71' title='bbox 1319 1331 1551 1396; x_wconf 84' lang='lat' dir='ltr'><strong>Livius</strong></span> <span class='ocrx_word' id='word_1_72' title='bbox 1597 1331 1762 1395; x_wconf 90' lang='lat' dir='ltr'><strong>libro</strong></span> <span class='ocrx_word' id='word_1_73' title='bbox 1809 1332 1961 1395; x_wconf 84' lang='lat' dir='ltr'><strong>1V.:</strong></span> <span class='ocrx_word' id='word_1_74' title='bbox 2021 1330 2279 1395; x_wconf 83' lang='lat' dir='ltr'><strong>Princi-</strong></span> 
     </span>
     <span class='ocr_line' id='line_1_11' title="bbox 321 1416 2284 1501; baseline -0.001 -19"><span class='ocrx_word' id='word_1_75' title='bbox 321 1439 437 1501; x_wconf 87' lang='lat' dir='ltr'><strong>pes</strong></span> <span class='ocrx_word' id='word_1_76' title='bbox 480 1416 693 1501; x_wconf 88' lang='lat' dir='ltr'><strong>plebis</strong></span> <span class='ocrx_word' id='word_1_77' title='bbox 738 1437 815 1481; x_wconf 90' lang='lat' dir='ltr'><strong>ea</strong></span> <span class='ocrx_word' id='word_1_78' title='bbox 859 1418 1120 1483; x_wconf 87' lang='lat' dir='ltr'><strong>comitia</strong></span> <span class='ocrx_word' id='word_1_79' title='bbox 1162 1417 1513 1493; x_wconf 84' lang='lat' dir='ltr'><strong>malebant,</strong></span> <span class='ocrx_word' id='word_1_80' title='bbox 1555 1417 1792 1499; x_wconf 92' lang='lat' dir='ltr'><strong>quibus</strong></span> <span class='ocrx_word' id='word_1_81' title='bbox 1836 1438 1965 1481; x_wconf 91' lang='lat' dir='ltr'><strong>non</strong></span> <span class='ocrx_word' id='word_1_82' title='bbox 2011 1416 2284 1481; x_wconf 89' lang='lat' dir='ltr'><strong>habere-</strong></span> 
     </span>
     <span class='ocr_line' id='line_1_12' title="bbox 321 1502 2044 1586; baseline -0.001 -18"><span class='ocrx_word' id='word_1_83' title='bbox 321 1512 433 1568; x_wconf 89' lang='lat' dir='ltr'><strong>tur</strong></span> <span class='ocrx_word' id='word_1_84' title='bbox 476 1504 645 1567; x_wconf 90' lang='lat' dir='ltr'><strong>ratio</strong></span> <span class='ocrx_word' id='word_1_85' title='bbox 690 1504 808 1579; x_wconf 92' lang='lat' dir='ltr'><strong>sui,</strong></span> <span class='ocrx_word' id='word_1_86' title='bbox 852 1525 1046 1585; x_wconf 90' lang='lat' dir='ltr'><strong>quam</strong></span> <span class='ocrx_word' id='word_1_87' title='bbox 1095 1512 1169 1567; x_wconf 88' lang='lat' dir='ltr'><strong>ut</strong></span> <span class='ocrx_word' id='word_1_88' title='bbox 1210 1502 1466 1586; x_wconf 88' lang='lat' dir='ltr'><strong>indigni</strong></span> <span class='ocrx_word' id='word_1_89' title='bbox 1511 1503 2044 1586; x_wconf 81' lang='lat' dir='ltr'><strong>praeterirentur.</strong></span> 
     </span>
    </p>

    <p class='ocr_par' dir='ltr' id='par_1_3' title="bbox 321 1586 2286 2189">
     <span class='ocr_line' id='line_1_13' title="bbox 501 1586 2284 1674; baseline -0.001 -20"><span class='ocrx_word' id='word_1_90' title='bbox 501 1589 647 1654; x_wconf 78' lang='lat' dir='ltr'><strong>Non</strong></span> <span class='ocrx_word' id='word_1_91' title='bbox 694 1594 988 1670; x_wconf 77' lang='lat' dir='ltr'><strong>praestas</strong></span> <span class='ocrx_word' id='word_1_92' title='bbox 1039 1586 1255 1674; x_wconf 71' lang='lat' dir='ltr'><strong>fidem]</strong></span> <span class='ocrx_word' id='word_1_93' title='bbox 1321 1587 1517 1669; x_wconf 81' lang='lat' dir='ltr'><strong>Quod</strong></span> <span class='ocrx_word' id='word_1_94' title='bbox 1585 1588 1786 1672; x_wconf 84' lang='lat' dir='ltr'><strong>vulgo</strong></span> <span class='ocrx_word' id='word_1_95' title='bbox 1842 1588 2115 1665; x_wconf 89' lang='lat' dir='ltr'><strong>dicitur,</strong></span> <span class='ocrx_word' id='word_1_96' title='bbox 2178 1611 2284 1653; x_wconf 89' lang='lat' dir='ltr'><strong>ac-</strong></span> 
     </span>
     <span class='ocr_line' id='line_1_14' title="bbox 322 1675 2281 1775; baseline -0.001 -35"><span class='ocrx_word' id='word_1_97' title='bbox 322 1676 583 1775; x_wconf 76' lang='lat' dir='ltr'><strong>quitare</strong></span> <span class='ocrx_word' id='word_1_98' title='bbox 641 1695 710 1739; x_wconf 90' lang='lat' dir='ltr'><strong>se</strong></span> <span class='ocrx_word' id='word_1_99' title='bbox 767 1675 847 1739; x_wconf 92' lang='lat' dir='ltr'><strong>de</strong></span> <span class='ocrx_word' id='word_1_100' title='bbox 905 1696 1024 1739; x_wconf 90' lang='lat' dir='ltr'><strong>suo</strong></span> <span class='ocrx_word' id='word_1_101' title='bbox 1068 1675 1736 1774; x_wconf 71' lang='grc' dir='ltr'>111-0181880010οω</span> <span class='ocrx_word' id='word_1_102' title='bbox 1778 1675 1992 1773; x_wconf 87' lang='lat' dir='ltr'><strong>Epist.</strong></span> <span class='ocrx_word' id='word_1_103' title='bbox 2041 1676 2147 1739; x_wconf 91' lang='lat' dir='ltr'><strong>lib.</strong></span> <span class='ocrx_word' id='word_1_104' title='bbox 2195 1675 2281 1738; x_wconf 88' lang='lat'><strong>1.:</strong></span> 
     </span>
     <span class='ocr_line' id='line_1_15' title="bbox 321 1761 2285 1843; baseline -0.002 -15"><span class='ocrx_word' id='word_1_105' title='bbox 321 1762 417 1828; x_wconf 88' lang='lat' dir='ltr'><strong>Ut</strong></span> <span class='ocrx_word' id='word_1_106' title='bbox 480 1763 538 1827; x_wconf 90' lang='lat' dir='ltr'><strong>si</strong></span> <span class='ocrx_word' id='word_1_107' title='bbox 593 1783 711 1825; x_wconf 90' lang='lat' dir='ltr'><strong>rex</strong></span> <span class='ocrx_word' id='word_1_108' title='bbox 768 1762 997 1827; x_wconf 89' lang='lat' dir='ltr'><strong>amicis</strong></span> <span class='ocrx_word' id='word_1_109' title='bbox 1056 1761 1187 1825; x_wconf 93' lang='lat' dir='ltr'><strong>tuis</strong></span> <span class='ocrx_word' id='word_1_110' title='bbox 1230 1762 1341 1843; x_wconf 93' lang='lat' dir='ltr'><strong>qui</strong></span> <span class='ocrx_word' id='word_1_111' title='bbox 1393 1782 1509 1843; x_wconf 90' lang='lat' dir='ltr'><strong>per</strong></span> <span class='ocrx_word' id='word_1_112' title='bbox 1564 1762 1969 1843; x_wconf 82' lang='lat' dir='ltr'><strong>provinciam</strong></span> <span class='ocrx_word' id='word_1_113' title='bbox 2024 1762 2285 1843; x_wconf 89' lang='lat' dir='ltr'><strong>imperii</strong></span> 
     </span>
     <span class='ocr_line' id='line_1_16' title="bbox 322 1844 2283 1931; baseline -0.001 -18"><span class='ocrx_word' id='word_1_114' title='bbox 322 1850 419 1913; x_wconf 87' lang='lat' dir='ltr'><strong>tui</strong></span> <span class='ocrx_word' id='word_1_115' title='bbox 462 1848 778 1931; x_wconf 83' lang='lat' dir='ltr'><strong>pecunias</strong></span> <span class='ocrx_word' id='word_1_116' title='bbox 822 1849 883 1911; x_wconf 89' lang='lat' dir='ltr'><strong>ei</strong></span> <span class='ocrx_word' id='word_1_117' title='bbox 925 1844 1384 1925; x_wconf 78' lang='lat' dir='ltr'><strong>credidissent,</strong></span> <span class='ocrx_word' id='word_1_118' title='bbox 1444 1847 1642 1913; x_wconf 90' lang='lat' dir='ltr'><strong>fidem</strong></span> <span class='ocrx_word' id='word_1_119' title='bbox 1687 1869 1871 1912; x_wconf 89' lang='lat' dir='ltr'><strong>suam</strong></span> <span class='ocrx_word' id='word_1_120' title='bbox 1920 1849 2283 1930; x_wconf 88' lang='lat' dir='ltr'><strong>praestitis-</strong></span> 
     </span>
     <span class='ocr_line' id='line_1_17' title="bbox 322 1931 2282 2014; baseline -0.001 -15"><span class='ocrx_word' id='word_1_121' title='bbox 322 1942 440 2012; x_wconf 85' lang='lat' dir='ltr'><strong>set,</strong></span> <span class='ocrx_word' id='word_1_122' title='bbox 489 1934 754 1999; x_wconf 77' lang='lat' dir='ltr'><strong>auxiliis</strong></span> <span class='ocrx_word' id='word_1_123' title='bbox 793 1954 995 2014; x_wconf 91' lang='lat' dir='ltr'><strong>quum</strong></span> <span class='ocrx_word' id='word_1_124' title='bbox 1032 1933 1392 1997; x_wconf 73' lang='lat' dir='ltr'><strong>adjuvares,</strong></span> <span class='ocrx_word' id='word_1_125' title='bbox 1464 1931 1647 1998; x_wconf 88' lang='lat' dir='ltr'><strong>Idem</strong></span> <span class='ocrx_word' id='word_1_126' title='bbox 1684 1933 1851 1997; x_wconf 91' lang='lat' dir='ltr'><strong>libro</strong></span> <span class='ocrx_word' id='word_1_127' title='bbox 1889 1933 2005 1997; x_wconf 84' lang='lat' dir='ltr'><strong>V.:</strong></span> <span class='ocrx_word' id='word_1_128' title='bbox 2053 1932 2282 2014; x_wconf 81' lang='lat' dir='ltr'><strong>Quan-</strong></span> 
     </span>
     <span class='ocr_line' id='line_1_18' title="bbox 324 2018 2286 2102; baseline -0.001 -18"><span class='ocrx_word' id='word_1_129' title='bbox 324 2040 580 2102; x_wconf 90' lang='lat' dir='ltr'><strong>cunque</strong></span> <span class='ocrx_word' id='word_1_130' title='bbox 648 2018 844 2084; x_wconf 90' lang='lat' dir='ltr'><strong>fidem</strong></span> <span class='ocrx_word' id='word_1_131' title='bbox 912 2018 1200 2096; x_wconf 90' lang='lat' dir='ltr'><strong>dederis,</strong></span> <span class='ocrx_word' id='word_1_132' title='bbox 1278 2020 1639 2101; x_wconf 79' lang='lat' dir='ltr'><strong>praestabo.</strong></span> <span class='ocrx_word' id='word_1_133' title='bbox 1753 2021 1993 2084; x_wconf 83' lang='lat' dir='ltr'><strong>Graeci</strong></span> <span class='ocrx_word' id='word_1_134' title='bbox 2060 2019 2286 2085; x_wconf 90' lang='lat' dir='ltr'><strong>dicunt</strong></span> 
     </span>
     <span class='ocr_line' id='line_1_19' title="bbox 321 2103 2093 2189; baseline -0.001 -19"><span class='ocrx_word' id='word_1_135' title='bbox 321 2109 684 2189; x_wconf 69' lang='grc' dir='ltr'>ἐγγυᾶσθαι,</span> <span class='ocrx_word' id='word_1_136' title='bbox 731 2116 807 2169; x_wconf 87' lang='grc'><strong>81</strong></span> <span class='ocrx_word' id='word_1_137' title='bbox 850 2103 1036 2169; x_wconf 84' lang='grc'>(10001</span> <span class='ocrx_word' id='word_1_138' title='bbox 1075 2105 1389 2169; x_wconf 84' lang='lat' dir='ltr'><strong>Budaeus</strong></span> <span class='ocrx_word' id='word_1_139' title='bbox 1433 2106 1501 2169; x_wconf 90' lang='lat' dir='ltr'><strong>in</strong></span> <span class='ocrx_word' id='word_1_140' title='bbox 1548 2104 2093 2171; x_wconf 86' lang='lat' dir='ltr'><strong>annotationibus.</strong></span> 
     </span>
    </p>

    <p class='ocr_par' dir='ltr' id='par_1_4' title="bbox 321 2189 2283 2621">
     <span class='ocr_line' id='line_1_20' title="bbox 498 2189 2282 2277; baseline -0.002 -21"><span class='ocrx_word' id='word_1_141' title='bbox 498 2192 587 2256; x_wconf 72' lang='lat' dir='ltr'><strong>Et</strong></span> <span class='ocrx_word' id='word_1_142' title='bbox 642 2211 833 2272; x_wconf 78' lang='lat' dir='ltr'><strong>quum</strong></span> <span class='ocrx_word' id='word_1_143' title='bbox 886 2191 1164 2272; x_wconf 71' lang='lat' dir='ltr'><strong>defixum</strong></span> <span class='ocrx_word' id='word_1_144' title='bbox 1216 2189 1477 2277; x_wconf 73' lang='lat' dir='ltr'><strong>videret]</strong></span> <span class='ocrx_word' id='word_1_145' title='bbox 1545 2191 1758 2255; x_wconf 86' lang='lat' dir='ltr'><strong>Vultu</strong></span> <span class='ocrx_word' id='word_1_146' title='bbox 1814 2190 2096 2256; x_wconf 87' lang='lat' dir='ltr'><strong>demisso</strong></span> <span class='ocrx_word' id='word_1_147' title='bbox 2151 2203 2282 2255; x_wconf 88' lang='lat' dir='ltr'><strong>ter-</strong></span> 
     </span>
     <span class='ocr_line' id='line_1_21' title="bbox 321 2275 2283 2361; baseline -0.001 -17"><span class='ocrx_word' id='word_1_148' title='bbox 321 2299 468 2344; x_wconf 88' lang='lat' dir='ltr'><strong>ram</strong></span> <span class='ocrx_word' id='word_1_149' title='bbox 529 2286 963 2361; x_wconf 77' lang='lat' dir='ltr'><strong>spectantem,</strong></span> <span class='ocrx_word' id='word_1_150' title='bbox 1034 2279 1171 2341; x_wconf 85' lang='lat' dir='ltr'><strong>sive</strong></span> <span class='ocrx_word' id='word_1_151' title='bbox 1236 2275 1301 2340; x_wconf 92' lang='lat' dir='ltr'><strong>id</strong></span> <span class='ocrx_word' id='word_1_152' title='bbox 1368 2278 1768 2344; x_wconf 84' lang='lat' dir='ltr'><strong>verecundia</strong></span> <span class='ocrx_word' id='word_1_153' title='bbox 1810 2279 2083 2353; x_wconf 85' lang='lat' dir='ltr'><strong>faceret,</strong></span> <span class='ocrx_word' id='word_1_154' title='bbox 2142 2278 2283 2342; x_wconf 84' lang='lat' dir='ltr'><strong>sive</strong></span> 
     </span>
     <span class='ocr_line' id='line_1_22' title="bbox 321 2363 2281 2446; baseline -0.001 -16"><span class='ocrx_word' id='word_1_155' title='bbox 321 2367 560 2430; x_wconf 82' lang='lat' dir='ltr'><strong>timore</strong></span> <span class='ocrx_word' id='word_1_156' title='bbox 605 2384 847 2446; x_wconf 87' lang='lat' dir='ltr'><strong>poenae</strong></span> <span class='ocrx_word' id='word_1_157' title='bbox 893 2363 1198 2446; x_wconf 91' lang='lat' dir='ltr'><strong>stupidus</strong></span> <span class='ocrx_word' id='word_1_158' title='bbox 1243 2372 1309 2427; x_wconf 85' lang='grc'><strong>01</strong></span> <span class='ocrx_word' id='word_1_159' title='bbox 1342 2366 1676 2428; x_wconf 90' lang='lat' dir='ltr'><strong>attonitus.</strong></span> <span class='ocrx_word' id='word_1_160' title='bbox 1757 2365 1858 2428; x_wconf 90' lang='lat' dir='ltr'><strong>Eo</strong></span> <span class='ocrx_word' id='word_1_161' title='bbox 1894 2364 2070 2428; x_wconf 88' lang='lat' dir='ltr'><strong>enim</strong></span> <span class='ocrx_word' id='word_1_162' title='bbox 2108 2385 2281 2429; x_wconf 91' lang='lat' dir='ltr'><strong>com-</strong></span> 
     </span>
     <span class='ocr_line' id='line_1_23' title="bbox 322 2448 2279 2534; baseline -0.002 -17"><span class='ocrx_word' id='word_1_163' title='bbox 322 2452 553 2534; x_wconf 84' lang='lat' dir='ltr'><strong>pulsus</strong></span> <span class='ocrx_word' id='word_1_164' title='bbox 598 2462 759 2526; x_wconf 90' lang='lat' dir='ltr'><strong>erat,</strong></span> <span class='ocrx_word' id='word_1_165' title='bbox 808 2457 882 2513; x_wconf 91' lang='lat' dir='ltr'><strong>ut</strong></span> <span class='ocrx_word' id='word_1_166' title='bbox 924 2450 1057 2514; x_wconf 89' lang='lat' dir='ltr'><strong>iam</strong></span> <span class='ocrx_word' id='word_1_167' title='bbox 1103 2469 1235 2513; x_wconf 90' lang='lat' dir='ltr'><strong>non</strong></span> <span class='ocrx_word' id='word_1_168' title='bbox 1290 2458 1509 2532; x_wconf 89' lang='lat' dir='ltr'><strong>posset</strong></span> <span class='ocrx_word' id='word_1_169' title='bbox 1552 2448 1966 2515; x_wconf 89' lang='lat' dir='ltr'><strong>dissimulare</strong></span> <span class='ocrx_word' id='word_1_170' title='bbox 2011 2451 2279 2514; x_wconf 87' lang='lat' dir='ltr'><strong>facinus.</strong></span> 
     </span>
     <span class='ocr_line' id='line_1_24' title="bbox 322 2535 1669 2621; baseline -0.002 -19"><span class='ocrx_word' id='word_1_171' title='bbox 322 2537 515 2617; x_wconf 87' lang='lat' dir='ltr'><strong>Nam,</strong></span> <span class='ocrx_word' id='word_1_172' title='bbox 559 2544 638 2601; x_wconf 92' lang='lat' dir='ltr'><strong>ut</strong></span> <span class='ocrx_word' id='word_1_173' title='bbox 680 2537 772 2599; x_wconf 91' lang='lat' dir='ltr'><strong>ait</strong></span> <span class='ocrx_word' id='word_1_174' title='bbox 813 2535 1151 2600; x_wconf 84' lang='lat' dir='ltr'><strong>Iuvenalis</strong></span> <span class='ocrx_word' id='word_1_175' title='bbox 1198 2543 1423 2621; x_wconf 78' lang='lat' dir='ltr'><strong>satyra</strong></span> <span class='ocrx_word' id='word_1_176' title='bbox 1467 2556 1669 2600; x_wconf 91' lang='lat' dir='ltr'><strong>nona:</strong></span> 
     </span>
    </p>
   </div>
   <div class='ocr_carea' id='block_1_3' title="bbox 567 2638 2006 2831">
    <p class='ocr_par' dir='ltr' id='par_1_5' title="bbox 567 2638 2006 2831">
     <span class='ocr_line' id='line_1_25' title="bbox 567 2638 1934 2707; baseline 0.001 -16"><span class='ocrx_word' id='word_1_177' title='bbox 567 2638 887 2707; x_wconf 74' lang='grc' dir='ltr'>Περι-0111188</span> <span class='ocrx_word' id='word_1_178' title='bbox 923 2640 1083 2692; x_wconf 83' lang='lat' dir='ltr'><strong>animi</strong></span> <span class='ocrx_word' id='word_1_179' title='bbox 1118 2646 1388 2691; x_wconf 86' lang='lat' dir='ltr'><strong>tormenta</strong></span> <span class='ocrx_word' id='word_1_180' title='bbox 1423 2638 1643 2693; x_wconf 85' lang='lat' dir='ltr'><strong>latentis</strong></span> <span class='ocrx_word' id='word_1_181' title='bbox 1680 2641 1733 2692; x_wconf 92' lang='lat' dir='ltr'><strong>in</strong></span> <span class='ocrx_word' id='word_1_182' title='bbox 1770 2655 1934 2707; x_wconf 85' lang='lat' dir='ltr'><strong>aegro</strong></span> 
     </span>
     <span class='ocr_line' id='line_1_26' title="bbox 568 2706 2006 2776; baseline 0 -15"><span class='ocrx_word' id='word_1_183' title='bbox 568 2708 814 2775; x_wconf 78' lang='lat' dir='ltr'><strong>Pectore,</strong></span> <span class='ocrx_word' id='word_1_184' title='bbox 849 2706 1153 2775; x_wconf 86' lang='lat' dir='ltr'><strong>deprendas</strong></span> <span class='ocrx_word' id='word_1_185' title='bbox 1190 2714 1246 2760; x_wconf 85' lang='lat' dir='ltr'><strong>et</strong></span> <span class='ocrx_word' id='word_1_186' title='bbox 1279 2708 1489 2776; x_wconf 84' lang='lat' dir='ltr'><strong>gaudia,</strong></span> <span class='ocrx_word' id='word_1_187' title='bbox 1530 2709 1689 2762; x_wconf 83' lang='lat' dir='ltr'><strong>sumit</strong></span> <span class='ocrx_word' id='word_1_188' title='bbox 1725 2716 2006 2775; x_wconf 87' lang='lat' dir='ltr'><strong>utrumque</strong></span> 
     </span>
     <span class='ocr_line' id='line_1_27' title="bbox 567 2751 1196 2831; baseline -0.002 -1"><span class='ocrx_word' id='word_1_189' title='bbox 567 2777 699 2831; x_wconf 87' lang='lat' dir='ltr'><strong>Inde</strong></span> <span class='ocrx_word' id='word_1_190' title='bbox 733 2751 974 2829; x_wconf 85' lang='lat' dir='ltr'><strong>habitum</strong></span> <span class='ocrx_word' id='word_1_191' title='bbox 1011 2776 1196 2829; x_wconf 71' lang='lat' dir='ltr'><strong>facieS.</strong></span> 
     </span>
    </p>
   </div>
   <div class='ocr_carea' id='block_1_4' title="bbox 316 2876 2283 5457">
    <p class='ocr_par' dir='ltr' id='par_1_6' title="bbox 322 2876 2281 3291">
     <span class='ocr_line' id='line_1_28' title="bbox 505 2876 2280 2978; baseline -0.001 -34"><span class='ocrx_word' id='word_1_192' title='bbox 505 2885 659 2960; x_wconf 80' lang='lat' dir='ltr'><strong>[pag.</strong></span> <span class='ocrx_word' id='word_1_193' title='bbox 698 2883 806 2958; x_wconf 82' lang='lat'><strong>68]</strong></span> <span class='ocrx_word' id='word_1_194' title='bbox 859 2878 968 2942; x_wconf 74' lang='lat' dir='ltr'><strong>Ex</strong></span> <span class='ocrx_word' id='word_1_195' title='bbox 1008 2881 1380 2945; x_wconf 63' lang='lat' dir='ltr'><strong>cmaescientia</strong></span> <span class='ocrx_word' id='word_1_196' title='bbox 1436 2876 1756 2978; x_wconf 75' lang='lat' dir='ltr'><strong>tacentem]</strong></span> <span class='ocrx_word' id='word_1_197' title='bbox 1804 2879 1951 2943; x_wconf 90' lang='lat' dir='ltr'><strong>Non</strong></span> <span class='ocrx_word' id='word_1_198' title='bbox 1998 2898 2280 2962; x_wconf 88' lang='lat' dir='ltr'><strong>purgare</strong></span> 
     </span>
     <span class='ocr_line' id='line_1_29' title="bbox 324 2964 2279 3047; baseline -0.003 -13"><span class='ocrx_word' id='word_1_199' title='bbox 324 2989 410 3047; x_wconf 86' lang='lat' dir='ltr'><strong>se,</strong></span> <span class='ocrx_word' id='word_1_200' title='bbox 458 2988 592 3032; x_wconf 88' lang='lat' dir='ltr'><strong>non</strong></span> <span class='ocrx_word' id='word_1_201' title='bbox 638 2964 886 3030; x_wconf 90' lang='lat' dir='ltr'><strong>diluere</strong></span> <span class='ocrx_word' id='word_1_202' title='bbox 931 2964 1199 3044; x_wconf 85' lang='lat' dir='ltr'><strong>obiecta,</strong></span> <span class='ocrx_word' id='word_1_203' title='bbox 1246 2972 1312 3030; x_wconf 91' lang='lat' dir='ltr'><strong>et</strong></span> <span class='ocrx_word' id='word_1_204' title='bbox 1355 2965 1832 3032; x_wconf 85' lang='lat' dir='ltr'><strong>accusationem</strong></span> <span class='ocrx_word' id='word_1_205' title='bbox 1871 2965 2127 3029; x_wconf 88' lang='lat' dir='ltr'><strong>silentio</strong></span> <span class='ocrx_word' id='word_1_206' title='bbox 2166 2987 2279 3030; x_wconf 89' lang='lat' dir='ltr'><strong>ex-</strong></span> 
     </span>
     <span class='ocr_line' id='line_1_30' title="bbox 324 3051 2280 3137; baseline -0.003 -17"><span class='ocrx_word' id='word_1_207' title='bbox 324 3056 569 3137; x_wconf 87' lang='lat' dir='ltr'><strong>cipere,</strong></span> <span class='ocrx_word' id='word_1_208' title='bbox 628 3053 997 3118; x_wconf 86' lang='lat' dir='ltr'><strong>confitentis</strong></span> <span class='ocrx_word' id='word_1_209' title='bbox 1055 3071 1170 3117; x_wconf 83' lang='lat' dir='ltr'><strong>est.</strong></span> <span class='ocrx_word' id='word_1_210' title='bbox 1269 3051 1463 3118; x_wconf 86' lang='lat' dir='ltr'><strong>Unde</strong></span> <span class='ocrx_word' id='word_1_211' title='bbox 1519 3051 1684 3115; x_wconf 88' lang='lat' dir='ltr'><strong>illud</strong></span> <span class='ocrx_word' id='word_1_212' title='bbox 1738 3053 1909 3117; x_wconf 84' lang='lat' dir='ltr'><strong>inter</strong></span> <span class='ocrx_word' id='word_1_213' title='bbox 1964 3053 2280 3117; x_wconf 89' lang='lat' dir='ltr'><strong>iuriscon—</strong></span> 
     </span>
     <span class='ocr_line' id='line_1_31' title="bbox 323 3136 2281 3221; baseline -0.002 -15"><span class='ocrx_word' id='word_1_214' title='bbox 323 3142 531 3206; x_wconf 82' lang='lat' dir='ltr'><strong>sultos</strong></span> <span class='ocrx_word' id='word_1_215' title='bbox 577 3139 874 3221; x_wconf 85' lang='lat' dir='ltr'><strong>vulgare:</strong></span> <span class='ocrx_word' id='word_1_216' title='bbox 923 3136 1057 3218; x_wconf 79' lang='lat' dir='ltr'><strong>Qui</strong></span> <span class='ocrx_word' id='word_1_217' title='bbox 1102 3151 1300 3218; x_wconf 85' lang='lat' dir='ltr'><strong>tacet,</strong></span> <span class='ocrx_word' id='word_1_218' title='bbox 1357 3140 1724 3205; x_wconf 89' lang='lat' dir='ltr'><strong>consentire</strong></span> <span class='ocrx_word' id='word_1_219' title='bbox 1770 3138 2048 3204; x_wconf 81' lang='lat' dir='ltr'><strong>videtur.</strong></span> <span class='ocrx_word' id='word_1_220' title='bbox 2139 3139 2281 3203; x_wconf 87' lang='lat' dir='ltr'><strong>Reo</strong></span> 
     </span>
     <span class='ocr_line' id='line_1_32' title="bbox 322 3224 1905 3303; baseline -0.003 -12"><span class='ocrx_word' id='word_1_221' title='bbox 322 3229 501 3291; x_wconf 88' lang='lat' dir='ltr'><strong>enim</strong></span> <span class='ocrx_word' id='word_1_222' title='bbox 549 3245 816 3290; x_wconf 90' lang='lat' dir='ltr'><strong>causam</strong></span> <span class='ocrx_word' id='word_1_223' title='bbox 855 3224 1216 3303; x_wconf 88' lang='lat' dir='ltr'><strong>deserente,</strong></span> <span class='ocrx_word' id='word_1_224' title='bbox 1262 3236 1598 3290; x_wconf 71' lang='lat' dir='ltr'><strong>aecusator</strong></span> <span class='ocrx_word' id='word_1_225' title='bbox 1640 3225 1905 3289; x_wconf 90' lang='lat' dir='ltr'><strong>obtinet.</strong></span> 
     </span>
    </p>

    <p class='ocr_par' dir='ltr' id='par_1_7' title="bbox 318 3309 2283 4253">
     <span class='ocr_line' id='line_1_33' title="bbox 496 3309 2281 3461; baseline -0.002 -85"><span class='ocrx_word' id='word_1_226' title='bbox 496 3311 677 3376; x_wconf 76' lang='lat' dir='ltr'><strong>Male</strong></span> <span class='ocrx_word' id='word_1_227' title='bbox 711 3331 851 3376; x_wconf 79' lang='lat' dir='ltr'><strong>cum</strong></span> <span class='ocrx_word' id='word_1_228' title='bbox 885 3310 1197 3391; x_wconf 77' lang='lat' dir='ltr'><strong>republica</strong></span> <span class='ocrx_word' id='word_1_229' title='bbox 1234 3309 1654 3461; x_wconf 42' lang='grc' dir='ltr'>891114νὲ.ρυί</span> <span class='ocrx_word' id='word_1_230' title='bbox 1692 3309 1863 3374; x_wconf 91' lang='lat' dir='ltr'><strong>domi</strong></span> <span class='ocrx_word' id='word_1_231' title='bbox 1900 3332 2057 3376; x_wconf 89' lang='lat' dir='ltr'><strong>suae</strong></span> <span class='ocrx_word' id='word_1_232' title='bbox 2092 3332 2281 3392; x_wconf 90' lang='lat' dir='ltr'><strong>prae-</strong></span> 
     </span>
     <span class='ocr_line' id='line_1_34' title="bbox 322 3396 2277 3479; baseline -0.002 -16"><span class='ocrx_word' id='word_1_233' title='bbox 322 3419 467 3463; x_wconf 88' lang='lat' dir='ltr'><strong>esse</strong></span> <span class='ocrx_word' id='word_1_234' title='bbox 534 3397 791 3479; x_wconf 91' lang='lat' dir='ltr'><strong>nequit,</strong></span> <span class='ocrx_word' id='word_1_235' title='bbox 874 3398 929 3460; x_wconf 90' lang='lat' dir='ltr'><strong>is</strong></span> <span class='ocrx_word' id='word_1_236' title='bbox 1005 3416 1087 3460; x_wconf 92' lang='lat' dir='ltr'><strong>ne</strong></span> <span class='ocrx_word' id='word_1_237' title='bbox 1152 3396 1233 3461; x_wconf 88' lang='lat' dir='ltr'><strong>ad</strong></span> <span class='ocrx_word' id='word_1_238' title='bbox 1311 3398 1442 3479; x_wconf 91' lang='lat' dir='ltr'><strong>pub</strong></span> <span class='ocrx_word' id='word_1_239' title='bbox 1469 3417 1569 3462; x_wconf 91' lang='lat' dir='ltr'><strong>1ca</strong></span> <span class='ocrx_word' id='word_1_240' title='bbox 1632 3417 1906 3460; x_wconf 88' lang='lat' dir='ltr'><strong>munera</strong></span> <span class='ocrx_word' id='word_1_241' title='bbox 1970 3396 2277 3478; x_wconf 85' lang='lat' dir='ltr'><strong>adspiret.</strong></span> 
     </span>
     <span class='ocr_line' id='line_1_35' title="bbox 323 3482 2279 3566; baseline -0.002 -16"><span class='ocrx_word' id='word_1_242' title='bbox 323 3483 765 3550; x_wconf 86' lang='lat' dir='ltr'><strong>Oeconomica</strong></span> <span class='ocrx_word' id='word_1_243' title='bbox 820 3483 1028 3558; x_wconf 91' lang='lat' dir='ltr'><strong>enim,</strong></span> <span class='ocrx_word' id='word_1_244' title='bbox 1085 3484 1320 3548; x_wconf 89' lang='lat' dir='ltr'><strong>umbra</strong></span> <span class='ocrx_word' id='word_1_245' title='bbox 1384 3482 1703 3565; x_wconf 87' lang='lat' dir='ltr'><strong>quaedam</strong></span> <span class='ocrx_word' id='word_1_246' title='bbox 1770 3489 1869 3547; x_wconf 88' lang='lat' dir='ltr'><strong>est</strong></span> <span class='ocrx_word' id='word_1_247' title='bbox 1929 3493 1998 3546; x_wconf 87' lang='lat' dir='ltr'><strong>et</strong></span> <span class='ocrx_word' id='word_1_248' title='bbox 2059 3484 2279 3566; x_wconf 85' lang='lat' dir='ltr'><strong>imago</strong></span> 
     </span>
     <span class='ocr_line' id='line_1_36' title="bbox 322 3568 2277 3654; baseline -0.002 -20"><span class='ocrx_word' id='word_1_249' title='bbox 322 3571 645 3654; x_wconf 88' lang='lat' dir='ltr'><strong>politicae,</strong></span> <span class='ocrx_word' id='word_1_250' title='bbox 693 3579 768 3633; x_wconf 91' lang='lat' dir='ltr'><strong>ut</strong></span> <span class='ocrx_word' id='word_1_251' title='bbox 812 3571 905 3632; x_wconf 89' lang='lat' dir='ltr'><strong>ait</strong></span> <span class='ocrx_word' id='word_1_252' title='bbox 945 3569 1354 3634; x_wconf 87' lang='lat' dir='ltr'><strong>Aristoteles.</strong></span> <span class='ocrx_word' id='word_1_253' title='bbox 1442 3569 1527 3632; x_wconf 94' lang='lat' dir='ltr'><strong>In</strong></span> <span class='ocrx_word' id='word_1_254' title='bbox 1584 3568 1830 3631; x_wconf 85' lang='lat' dir='ltr'><strong>familia</strong></span> <span class='ocrx_word' id='word_1_255' title='bbox 1873 3569 2047 3632; x_wconf 89' lang='lat' dir='ltr'><strong>enim</strong></span> <span class='ocrx_word' id='word_1_256' title='bbox 2093 3589 2277 3645; x_wconf 79' lang='lat' dir='ltr'><strong>uxor,</strong></span> 
     </span>
     <span class='ocr_line' id='line_1_37' title="bbox 320 3653 2278 3753; baseline -0.001 -33"><span class='ocrx_word' id='word_1_257' title='bbox 320 3657 530 3734; x_wconf 89' lang='lat' dir='ltr'><strong>liberi,</strong></span> <span class='ocrx_word' id='word_1_258' title='bbox 578 3654 773 3732; x_wconf 82' lang='lat' dir='ltr'><strong>servi,</strong></span> <span class='ocrx_word' id='word_1_259' title='bbox 820 3654 1058 3732; x_wconf 87' lang='lat' dir='ltr'><strong>liberti,</strong></span> <span class='ocrx_word' id='word_1_260' title='bbox 1103 3655 1353 3719; x_wconf 86' lang='lat' dir='ltr'><strong>faciunt</strong></span> <span class='ocrx_word' id='word_1_261' title='bbox 1395 3674 1668 3737; x_wconf 86' lang='lat' dir='ltr'><strong>parvam</strong></span> <span class='ocrx_word' id='word_1_262' title='bbox 1706 3653 2096 3753; x_wconf 79' lang='lat' dir='ltr'><strong>reipublicae</strong></span> <span class='ocrx_word' id='word_1_263' title='bbox 2133 3675 2278 3736; x_wconf 91' lang='lat' dir='ltr'><strong>spe-</strong></span> 
     </span>
     <span class='ocr_line' id='line_1_38' title="bbox 323 3740 2278 3823; baseline -0.002 -16"><span class='ocrx_word' id='word_1_264' title='bbox 323 3743 506 3808; x_wconf 87' lang='lat' dir='ltr'><strong>ciem.</strong></span> <span class='ocrx_word' id='word_1_265' title='bbox 569 3741 1057 3806; x_wconf 62' lang='lat' dir='ltr'><strong>Paterfamilias</strong></span> <span class='ocrx_word' id='word_1_266' title='bbox 1094 3742 1266 3823; x_wconf 85' lang='lat' dir='ltr'><strong>regis</strong></span> <span class='ocrx_word' id='word_1_267' title='bbox 1311 3741 1449 3806; x_wconf 92' lang='lat' dir='ltr'><strong>loco</strong></span> <span class='ocrx_word' id='word_1_268' title='bbox 1496 3751 1619 3805; x_wconf 83' lang='grc'>081.</span> <span class='ocrx_word' id='word_1_269' title='bbox 1673 3741 1785 3822; x_wconf 91' lang='grc'><strong>081</strong></span> <span class='ocrx_word' id='word_1_270' title='bbox 1830 3742 1885 3803; x_wconf 90' lang='grc'><strong>81</strong></span> <span class='ocrx_word' id='word_1_271' title='bbox 1930 3750 2029 3805; x_wconf 85' lang='grc'><strong>081</strong></span> <span class='ocrx_word' id='word_1_272' title='bbox 2069 3740 2278 3823; x_wconf 91' lang='lat' dir='ltr'><strong>impe-</strong></span> 
     </span>
     <span class='ocr_line' id='line_1_39' title="bbox 321 3825 2275 3909; baseline -0.003 -16"><span class='ocrx_word' id='word_1_273' title='bbox 321 3829 494 3893; x_wconf 84' lang='lat' dir='ltr'><strong>ritus</strong></span> <span class='ocrx_word' id='word_1_274' title='bbox 536 3835 605 3891; x_wconf 91' lang='lat' dir='ltr'><strong>et</strong></span> <span class='ocrx_word' id='word_1_275' title='bbox 649 3827 920 3893; x_wconf 91' lang='lat' dir='ltr'><strong>minime</strong></span> <span class='ocrx_word' id='word_1_276' title='bbox 962 3825 1267 3905; x_wconf 89' lang='lat' dir='ltr'><strong>idoneus,</strong></span> <span class='ocrx_word' id='word_1_277' title='bbox 1327 3848 1636 3909; x_wconf 90' lang='lat' dir='ltr'><strong>quorsum</strong></span> <span class='ocrx_word' id='word_1_278' title='bbox 1682 3827 1946 3891; x_wconf 86' lang='lat' dir='ltr'><strong>affectat</strong></span> <span class='ocrx_word' id='word_1_279' title='bbox 1983 3826 2275 3891; x_wconf 79' lang='lat' dir='ltr'><strong>maiora?</strong></span> 
     </span>
     <span class='ocr_line' id='line_1_40' title="bbox 322 3879 2277 3994; baseline -0.001 -16"><span class='ocrx_word' id='word_1_280' title='bbox 322 3914 469 3980; x_wconf 86' lang='lat' dir='ltr'><strong>Hoc</strong></span> <span class='ocrx_word' id='word_1_281' title='bbox 514 3913 751 3980; x_wconf 83' lang='lat' dir='ltr'><strong>volunt</strong></span> <span class='ocrx_word' id='word_1_282' title='bbox 805 3913 1006 3978; x_wconf 86' lang='lat' dir='ltr'><strong>verba</strong></span> <span class='ocrx_word' id='word_1_283' title='bbox 1061 3879 1409 3978; x_wconf 86' lang='lat' dir='ltr'><strong>Aeschinis</strong></span> <span class='ocrx_word' id='word_1_284' title='bbox 1466 3921 1694 3978; x_wconf 88' lang='lat' dir='ltr'><strong>contra</strong></span> <span class='ocrx_word' id='word_1_285' title='bbox 1750 3911 2277 3994; x_wconf 82' lang='lat' dir='ltr'><strong>Ctesiphontem.</strong></span> 
     </span>
     <span class='ocr_line' id='line_1_41' title="bbox 323 3997 2281 4097; baseline -0.001 -33"><span class='ocrx_word' id='word_1_286' title='bbox 323 3998 457 4079; x_wconf 79' lang='lat' dir='ltr'><strong>Qui</strong></span> <span class='ocrx_word' id='word_1_287' title='bbox 498 3999 672 4064; x_wconf 89' lang='lat' dir='ltr'><strong>filios</strong></span> <span class='ocrx_word' id='word_1_288' title='bbox 716 3997 881 4078; x_wconf 90' lang='lat' dir='ltr'><strong>odit,</strong></span> <span class='ocrx_word' id='word_1_289' title='bbox 928 4006 997 4063; x_wconf 88' lang='lat' dir='ltr'><strong>et</strong></span> <span class='ocrx_word' id='word_1_290' title='bbox 1038 3999 1253 4064; x_wconf 88' lang='lat' dir='ltr'><strong>malus</strong></span> <span class='ocrx_word' id='word_1_291' title='bbox 1296 4006 1396 4063; x_wconf 88' lang='lat' dir='ltr'><strong>est</strong></span> <span class='ocrx_word' id='word_1_292' title='bbox 1437 4008 1653 4081; x_wconf 82' lang='lat' dir='ltr'><strong>pater,</strong></span> <span class='ocrx_word' id='word_1_293' title='bbox 1695 4017 2032 4097; x_wconf 79' lang='lat' dir='ltr'><strong>nunquam</strong></span> <span class='ocrx_word' id='word_1_294' title='bbox 2071 3997 2281 4063; x_wconf 92' lang='lat' dir='ltr'><strong>bonus</strong></span> 
     </span>
     <span class='ocr_line' id='line_1_42' title="bbox 320 4084 2283 4170; baseline -0.002 -20"><span class='ocrx_word' id='word_1_295' title='bbox 320 4084 729 4170; x_wconf 86' lang='lat' dir='ltr'><strong>gubernator</strong></span> <span class='ocrx_word' id='word_1_296' title='bbox 771 4084 993 4168; x_wconf 89' lang='lat' dir='ltr'><strong>populi</strong></span> <span class='ocrx_word' id='word_1_297' title='bbox 1041 4106 1182 4150; x_wconf 90' lang='lat' dir='ltr'><strong>esse</strong></span> <span class='ocrx_word' id='word_1_298' title='bbox 1223 4093 1464 4167; x_wconf 87' lang='lat' dir='ltr'><strong>potest.</strong></span> <span class='ocrx_word' id='word_1_299' title='bbox 1512 4106 1632 4150; x_wconf 90' lang='lat' dir='ltr'><strong>nec</strong></span> <span class='ocrx_word' id='word_1_300' title='bbox 1677 4085 1789 4166; x_wconf 88' lang='lat' dir='ltr'><strong>qui</strong></span> <span class='ocrx_word' id='word_1_301' title='bbox 1831 4084 2136 4166; x_wconf 84' lang='lat' dir='ltr'><strong>privatim</strong></span> <span class='ocrx_word' id='word_1_302' title='bbox 2178 4092 2283 4149; x_wconf 89' lang='lat' dir='ltr'><strong>est</strong></span> 
     </span>
     <span class='ocr_line' id='line_1_43' title="bbox 318 4169 1912 4253; baseline -0.002 -17"><span class='ocrx_word' id='word_1_303' title='bbox 318 4172 559 4249; x_wconf 87' lang='lat' dir='ltr'><strong>malus,</strong></span> <span class='ocrx_word' id='word_1_304' title='bbox 606 4190 896 4252; x_wconf 90' lang='lat' dir='ltr'><strong>unquam</strong></span> <span class='ocrx_word' id='word_1_305' title='bbox 942 4169 1151 4235; x_wconf 90' lang='lat' dir='ltr'><strong>bonus</strong></span> <span class='ocrx_word' id='word_1_306' title='bbox 1195 4170 1454 4253; x_wconf 78' lang='lat' dir='ltr'><strong>publice</strong></span> <span class='ocrx_word' id='word_1_307' title='bbox 1496 4191 1637 4235; x_wconf 89' lang='lat' dir='ltr'><strong>esse</strong></span> <span class='ocrx_word' id='word_1_308' title='bbox 1680 4179 1912 4252; x_wconf 89' lang='lat' dir='ltr'><strong>potest.</strong></span> 
     </span>
    </p>

    <p class='ocr_par' dir='ltr' id='par_1_8' title="bbox 318 4223 2280 4684">
     <span class='ocr_line' id='line_1_44' title="bbox 501 4223 2278 4355; baseline -0.001 -33"><span class='ocrx_word' id='word_1_309' title='bbox 501 4223 680 4336; x_wconf 49' lang='lat' dir='ltr'><strong>deo,</strong></span> <span class='ocrx_word' id='word_1_310' title='bbox 725 4258 785 4320; x_wconf 81' lang='lat' dir='ltr'><strong>si</strong></span> <span class='ocrx_word' id='word_1_311' title='bbox 826 4276 968 4338; x_wconf 70' lang='lat' dir='ltr'><strong>spe-9</strong></span> <span class='ocrx_word' id='word_1_312' title='bbox 1000 4254 1182 4355; x_wconf 59' lang='lat' dir='ltr'><strong>fuas]</strong></span> <span class='ocrx_word' id='word_1_313' title='bbox 1241 4256 1387 4323; x_wconf 89' lang='lat' dir='ltr'><strong>Hoc</strong></span> <span class='ocrx_word' id='word_1_314' title='bbox 1433 4256 1679 4322; x_wconf 84' lang='lat' dir='ltr'><strong>dictum</strong></span> <span class='ocrx_word' id='word_1_315' title='bbox 1724 4276 1844 4338; x_wconf 87' lang='lat' dir='ltr'><strong>per</strong></span> <span class='ocrx_word' id='word_1_316' title='bbox 1888 4255 2278 4321; x_wconf 85' lang='lat' dir='ltr'><strong>rhetoricam</strong></span> 
     </span>
     <span class='ocr_line' id='line_1_45' title="bbox 318 4334 2280 4426; baseline 0 -20"><span class='ocrx_word' id='word_1_317' title='bbox 318 4343 825 4426; x_wconf 82' lang='lat' dir='ltr'><strong>permissionem</strong></span> <span class='ocrx_word' id='word_1_318' title='bbox 881 4342 1143 4426; x_wconf 85' lang='lat' dir='ltr'><strong>accipio.</strong></span> <span class='ocrx_word' id='word_1_319' title='bbox 1246 4343 1429 4408; x_wconf 91' lang='lat' dir='ltr'><strong>Haec</strong></span> <span class='ocrx_word' id='word_1_320' title='bbox 1474 4343 1675 4408; x_wconf 90' lang='lat' dir='ltr'><strong>etiam</strong></span> <span class='ocrx_word' id='word_1_321' title='bbox 1733 4334 2056 4407; x_wconf 81' lang='lat' dir='ltr'><strong>sent&#39;entia</strong></span> <span class='ocrx_word' id='word_1_322' title='bbox 2099 4342 2280 4407; x_wconf 89' lang='lat' dir='ltr'><strong>aliud</strong></span> 
     </span>
     <span class='ocr_line' id='line_1_46' title="bbox 320 4428 2278 4513; baseline 0 -21"><span class='ocrx_word' id='word_1_323' title='bbox 320 4430 731 4494; x_wconf 77' lang='lat' dir='ltr'><strong>rhetoricum</strong></span> <span class='ocrx_word' id='word_1_324' title='bbox 776 4428 1041 4494; x_wconf 88' lang='lat' dir='ltr'><strong>schema</strong></span> <span class='ocrx_word' id='word_1_325' title='bbox 1085 4429 1556 4513; x_wconf 88' lang='lat' dir='ltr'><strong>complectitur,</strong></span> <span class='ocrx_word' id='word_1_326' title='bbox 1602 4429 1771 4511; x_wconf 88' lang='lat' dir='ltr'><strong>quod</strong></span> <span class='ocrx_word' id='word_1_327' title='bbox 1818 4428 2059 4494; x_wconf 84' lang='lat' dir='ltr'><strong>dieitur</strong></span> <span class='ocrx_word' id='word_1_328' title='bbox 2104 4450 2278 4494; x_wconf 91' lang='lat' dir='ltr'><strong>com-</strong></span> 
     </span>
     <span class='ocr_line' id='line_1_47' title="bbox 318 4514 2280 4598; baseline 0 -18"><span class='ocrx_word' id='word_1_329' title='bbox 318 4515 712 4592; x_wconf 81' lang='lat' dir='ltr'><strong>municatiO,</strong></span> <span class='ocrx_word' id='word_1_330' title='bbox 773 4514 1098 4598; x_wconf 82' lang='lat' dir='ltr'><strong>habetque</strong></span> <span class='ocrx_word' id='word_1_331' title='bbox 1151 4537 1344 4580; x_wconf 92' lang='lat' dir='ltr'><strong>usum</strong></span> <span class='ocrx_word' id='word_1_332' title='bbox 1411 4517 1697 4580; x_wconf 84' lang='lat' dir='ltr'><strong>maxime</strong></span> <span class='ocrx_word' id='word_1_333' title='bbox 1762 4516 1831 4579; x_wconf 93' lang='lat' dir='ltr'><strong>in</strong></span> <span class='ocrx_word' id='word_1_334' title='bbox 1888 4515 2280 4580; x_wconf 86' lang='lat' dir='ltr'><strong>coniecturis</strong></span> 
     </span>
     <span class='ocr_line' id='line_1_48' title="bbox 320 4599 1481 4684; baseline 0 -19"><span class='ocrx_word' id='word_1_335' title='bbox 320 4622 529 4684; x_wconf 88' lang='lat' dir='ltr'><strong>quum</strong></span> <span class='ocrx_word' id='word_1_336' title='bbox 576 4599 1023 4665; x_wconf 85' lang='lat' dir='ltr'><strong>adversarium</strong></span> <span class='ocrx_word' id='word_1_337' title='bbox 1068 4601 1481 4665; x_wconf 89' lang='lat' dir='ltr'><strong>consulimus.</strong></span> 
     </span>
    </p>

    <p class='ocr_par' dir='ltr' id='par_1_9' title="bbox 316 4684 2282 5457">
     <span class='ocr_line' id='line_1_49' title="bbox 502 4684 2282 4772; baseline -0.001 -21"><span class='ocrx_word' id='word_1_338' title='bbox 502 4686 832 4752; x_wconf 76' lang='lat' dir='ltr'><strong>Paulusne</strong></span> <span class='ocrx_word' id='word_1_339' title='bbox 885 4693 969 4765; x_wconf 81' lang='lat' dir='ltr'><strong>te,</strong></span> <span class='ocrx_word' id='word_1_340' title='bbox 1026 4693 1080 4751; x_wconf 79' lang='lat' dir='ltr'><strong>et</strong></span> <span class='ocrx_word' id='word_1_341' title='bbox 1130 4685 1377 4751; x_wconf 79' lang='lat' dir='ltr'><strong>Fabius</strong></span> <span class='ocrx_word' id='word_1_342' title='bbox 1421 4684 1782 4772; x_wconf 72' lang='lat' dir='ltr'><strong>Maximus]</strong></span> <span class='ocrx_word' id='word_1_343' title='bbox 1842 4687 2171 4769; x_wconf 86' lang='lat' dir='ltr'><strong>Antiquae</strong></span> <span class='ocrx_word' id='word_1_344' title='bbox 2216 4694 2282 4751; x_wconf 90' lang='lat' dir='ltr'><strong>et</strong></span> 
     </span>
     <span class='ocr_line' id='line_1_50' title="bbox 316 4772 2279 4857; baseline 0.001 -21"><span class='ocrx_word' id='word_1_345' title='bbox 316 4773 606 4857; x_wconf 88' lang='lat' dir='ltr'><strong>insignis</strong></span> <span class='ocrx_word' id='word_1_346' title='bbox 688 4773 861 4855; x_wconf 88' lang='lat' dir='ltr'><strong>apud</strong></span> <span class='ocrx_word' id='word_1_347' title='bbox 939 4773 1273 4838; x_wconf 86' lang='lat' dir='ltr'><strong>Romanos</strong></span> <span class='ocrx_word' id='word_1_348' title='bbox 1362 4772 1721 4837; x_wconf 86' lang='lat' dir='ltr'><strong>nobilitatis</strong></span> <span class='ocrx_word' id='word_1_349' title='bbox 1790 4773 2077 4837; x_wconf 86' lang='lat' dir='ltr'><strong>familiae</strong></span> <span class='ocrx_word' id='word_1_350' title='bbox 2139 4773 2279 4837; x_wconf 84' lang='lat' dir='ltr'><strong>fue-</strong></span> 
     </span>
     <span class='ocr_line' id='line_1_51' title="bbox 318 4858 2275 4941; baseline -0.001 -17"><span class='ocrx_word' id='word_1_351' title='bbox 318 4870 499 4924; x_wconf 82' lang='lat' dir='ltr'><strong>runt.</strong></span> <span class='ocrx_word' id='word_1_352' title='bbox 604 4858 777 4922; x_wconf 87' lang='lat' dir='ltr'><strong>Nam</strong></span> <span class='ocrx_word' id='word_1_353' title='bbox 841 4858 1085 4924; x_wconf 90' lang='lat' dir='ltr'><strong>Paulos</strong></span> <span class='ocrx_word' id='word_1_354' title='bbox 1162 4859 1320 4924; x_wconf 87' lang='lat' dir='ltr'><strong>satis</strong></span> <span class='ocrx_word' id='word_1_355' title='bbox 1392 4880 1712 4941; x_wconf 90' lang='lat' dir='ltr'><strong>superque</strong></span> <span class='ocrx_word' id='word_1_356' title='bbox 1776 4859 2133 4924; x_wconf 87' lang='lat' dir='ltr'><strong>illustravit</strong></span> <span class='ocrx_word' id='word_1_357' title='bbox 2196 4860 2275 4923; x_wconf 89' lang='lat' dir='ltr'><strong>L.</strong></span> 
     </span>
     <span class='ocr_line' id='line_1_52' title="bbox 319 4944 2279 5028; baseline 0 -19"><span class='ocrx_word' id='word_1_358' title='bbox 319 4945 613 5022; x_wconf 87' lang='lat' dir='ltr'><strong>Paulus,</strong></span> <span class='ocrx_word' id='word_1_359' title='bbox 660 4946 768 5027; x_wconf 91' lang='lat' dir='ltr'><strong>qui</strong></span> <span class='ocrx_word' id='word_1_360' title='bbox 815 4944 1041 5010; x_wconf 84' lang='grc'>008881</span> <span class='ocrx_word' id='word_1_361' title='bbox 1082 4944 1259 5028; x_wconf 92' lang='lat' dir='ltr'><strong>apud</strong></span> <span class='ocrx_word' id='word_1_362' title='bbox 1304 4945 1567 5010; x_wconf 82' lang='lat' dir='ltr'><strong>Cannas</strong></span> <span class='ocrx_word' id='word_1_363' title='bbox 1608 4944 1870 5022; x_wconf 91' lang='lat' dir='ltr'><strong>occidit,</strong></span> <span class='ocrx_word' id='word_1_364' title='bbox 1928 4953 1995 5008; x_wconf 89' lang='lat' dir='ltr'><strong>et</strong></span> <span class='ocrx_word' id='word_1_365' title='bbox 2037 4945 2279 5010; x_wconf 84' lang='lat' dir='ltr'><strong>Fabios</strong></span> 
     </span>
     <span class='ocr_line' id='line_1_53' title="bbox 318 4995 2281 5114; baseline -0.001 -19"><span class='ocrx_word' id='word_1_366' title='bbox 318 5053 459 5096; x_wconf 92' lang='lat' dir='ltr'><strong>non</strong></span> <span class='ocrx_word' id='word_1_367' title='bbox 513 4995 726 5096; x_wconf 82' lang='lat' dir='ltr'><strong>solum</strong></span> <span class='ocrx_word' id='word_1_368' title='bbox 781 5030 892 5096; x_wconf 92' lang='lat' dir='ltr'><strong>ille</strong></span> <span class='ocrx_word' id='word_1_369' title='bbox 950 5032 1318 5106; x_wconf 81' lang='lat' dir='ltr'><strong>Maximus,</strong></span> <span class='ocrx_word' id='word_1_370' title='bbox 1377 5029 1490 5095; x_wconf 92' lang='lat' dir='ltr'><strong>sed</strong></span> <span class='ocrx_word' id='word_1_371' title='bbox 1550 5033 1826 5095; x_wconf 88' lang='lat' dir='ltr'><strong>trecenti</strong></span> <span class='ocrx_word' id='word_1_372' title='bbox 1867 5051 2125 5114; x_wconf 92' lang='lat' dir='ltr'><strong>quoque</strong></span> <span class='ocrx_word' id='word_1_373' title='bbox 2181 5030 2281 5094; x_wconf 91' lang='lat' dir='ltr'><strong>illi</strong></span> 
     </span>
     <span class='ocr_line' id='line_1_54' title="bbox 319 5115 2279 5200; baseline 0.001 -20"><span class='ocrx_word' id='word_1_374' title='bbox 319 5117 441 5200; x_wconf 81' lang='lat' dir='ltr'><strong>qni</strong></span> <span class='ocrx_word' id='word_1_375' title='bbox 495 5138 723 5182; x_wconf 91' lang='lat' dir='ltr'><strong>omnes</strong></span> <span class='ocrx_word' id='word_1_376' title='bbox 781 5116 861 5181; x_wconf 88' lang='lat' dir='ltr'><strong>ad</strong></span> <span class='ocrx_word' id='word_1_377' title='bbox 919 5137 1127 5181; x_wconf 90' lang='lat' dir='ltr'><strong>unum</strong></span> <span class='ocrx_word' id='word_1_378' title='bbox 1194 5117 1446 5181; x_wconf 89' lang='lat' dir='ltr'><strong>animas</strong></span> <span class='ocrx_word' id='word_1_379' title='bbox 1511 5115 1903 5198; x_wconf 86' lang='lat' dir='ltr'><strong>reipublicae</strong></span> <span class='ocrx_word' id='word_1_380' title='bbox 1957 5116 2279 5199; x_wconf 90' lang='lat' dir='ltr'><strong>depende-</strong></span> 
     </span>
     <span class='ocr_line' id='line_1_55' title="bbox 318 5202 2280 5284; baseline 0 -17"><span class='ocrx_word' id='word_1_381' title='bbox 318 5211 515 5282; x_wconf 84' lang='lat' dir='ltr'><strong>runt;</strong></span> <span class='ocrx_word' id='word_1_382' title='bbox 572 5202 840 5281; x_wconf 79' lang='lat' dir='ltr'><strong>Cossos,</strong></span> <span class='ocrx_word' id='word_1_383' title='bbox 899 5202 1143 5269; x_wconf 82' lang='lat' dir='ltr'><strong>Cossus</strong></span> <span class='ocrx_word' id='word_1_384' title='bbox 1197 5203 1336 5284; x_wconf 90' lang='lat' dir='ltr'><strong>ipse</strong></span> <span class='ocrx_word' id='word_1_385' title='bbox 1380 5202 1490 5284; x_wconf 91' lang='lat' dir='ltr'><strong>qui</strong></span> <span class='ocrx_word' id='word_1_386' title='bbox 1534 5203 1739 5265; x_wconf 87' lang='lat' dir='ltr'><strong>Larte</strong></span> <span class='ocrx_word' id='word_1_387' title='bbox 1784 5203 2131 5268; x_wconf 80' lang='lat' dir='ltr'><strong>Tolumnio</strong></span> <span class='ocrx_word' id='word_1_388' title='bbox 2175 5223 2280 5267; x_wconf 91' lang='grc'><strong>00-</strong></span> 
     </span>
     <span class='ocr_line' id='line_1_56' title="bbox 325 5287 2281 5372; baseline -0.002 -17"><span class='ocrx_word' id='word_1_389' title='bbox 325 5290 461 5355; x_wconf 82' lang='grc'>0180</span> <span class='ocrx_word' id='word_1_390' title='bbox 522 5288 744 5371; x_wconf 89' lang='lat' dir='ltr'><strong>opima</strong></span> <span class='ocrx_word' id='word_1_391' title='bbox 808 5288 1014 5372; x_wconf 86' lang='lat' dir='ltr'><strong>spolia</strong></span> <span class='ocrx_word' id='word_1_392' title='bbox 1065 5289 1209 5354; x_wconf 83' lang='lat' dir='ltr'><strong>Iovi</strong></span> <span class='ocrx_word' id='word_1_393' title='bbox 1276 5288 1576 5351; x_wconf 86' lang='lat' dir='ltr'><strong>Feretrio</strong></span> <span class='ocrx_word' id='word_1_394' title='bbox 1639 5288 1896 5368; x_wconf 83' lang='lat' dir='ltr'><strong>retulit3</strong></span> <span class='ocrx_word' id='word_1_395' title='bbox 1964 5287 2281 5354; x_wconf 81' lang='lat' dir='ltr'><strong>Servilios</strong></span> 
     </span>
     <span class='ocr_line' id='line_1_57' title="bbox 324 5339 2282 5457; baseline -0.002 -15"><span class='ocrx_word' id='word_1_396' title='bbox 324 5395 482 5442; x_wconf 74' lang='lat' dir='ltr'><strong>vero</strong></span> <span class='ocrx_word' id='word_1_397' title='bbox 527 5371 854 5440; x_wconf 81' lang='lat' dir='ltr'><strong>Servilius</strong></span> <span class='ocrx_word' id='word_1_398' title='bbox 888 5374 1094 5454; x_wconf 87' lang='lat' dir='ltr'><strong>Hala,</strong></span> <span class='ocrx_word' id='word_1_399' title='bbox 1140 5375 1251 5456; x_wconf 92' lang='lat' dir='ltr'><strong>qui</strong></span> <span class='ocrx_word' id='word_1_400' title='bbox 1287 5372 1399 5457; x_wconf 81' lang='lat' dir='ltr'><strong>Sp.</strong></span> <span class='ocrx_word' id='word_1_401' title='bbox 1446 5372 1723 5438; x_wconf 88' lang='lat' dir='ltr'><strong>Melium</strong></span> <span class='ocrx_word' id='word_1_402' title='bbox 1757 5339 2038 5456; x_wconf 73' lang='lat' dir='ltr'><strong>regnum</strong></span> <span class='ocrx_word' id='word_1_403' title='bbox 2089 5376 2282 5440; x_wconf 84' lang='lat' dir='ltr'><strong>affec-</strong></span> 
     </span>
    </p>
   </div>
   <div class='ocr_carea' id='block_1_5' title="bbox 2388 643 4384 827">
    <p class='ocr_par' dir='ltr' id='par_1_10' title="bbox 2388 643 4384 815">
     <span class='ocr_line' id='line_1_58' title="bbox 2388 643 4384 728; baseline 0.003 -22"><span class='ocrx_word' id='word_1_404' title='bbox 2388 648 2639 707; x_wconf 88' lang='lat' dir='ltr'><strong>tantem</strong></span> <span class='ocrx_word' id='word_1_405' title='bbox 2686 644 3104 710; x_wconf 86' lang='lat' dir='ltr'><strong>obtruncavit</strong></span> <span class='ocrx_word' id='word_1_406' title='bbox 3145 645 3464 727; x_wconf 84' lang='lat' dir='ltr'><strong>magister</strong></span> <span class='ocrx_word' id='word_1_407' title='bbox 3507 647 3817 728; x_wconf 89' lang='lat' dir='ltr'><strong>equitum.</strong></span> <span class='ocrx_word' id='word_1_408' title='bbox 3885 643 4018 725; x_wconf 79' lang='lat' dir='ltr'><strong>Qui</strong></span> <span class='ocrx_word' id='word_1_409' title='bbox 4062 667 4145 710; x_wconf 87' lang='lat' dir='ltr'><strong>ex</strong></span> <span class='ocrx_word' id='word_1_410' title='bbox 4180 668 4342 712; x_wconf 87' lang='lat' dir='ltr'><strong>una·</strong></span> <span class='ocrx_word' id='word_1_411' title='bbox 4381 716 4384 721; x_wconf 59' lang='grc'>,</span> 
     </span>
     <span class='ocr_line' id='line_1_59' title="bbox 2390 729 4340 827; baseline 0.003 -36"><span class='ocrx_word' id='word_1_412' title='bbox 2390 750 2651 827; x_wconf 85' lang='grc'>0880110</span> <span class='ocrx_word' id='word_1_413' title='bbox 2710 732 2958 795; x_wconf 85' lang='lat' dir='ltr'><strong>familia</strong></span> <span class='ocrx_word' id='word_1_414' title='bbox 3011 729 3298 797; x_wconf 86' lang='lat' dir='ltr'><strong>celebres</strong></span> <span class='ocrx_word' id='word_1_415' title='bbox 3365 731 3614 795; x_wconf 79' lang='lat' dir='ltr'><strong>fuerint</strong></span> <span class='ocrx_word' id='word_1_416' title='bbox 3677 739 3971 815; x_wconf 67' lang='lat' dir='ltr'><strong>tompore</strong></span> <span class='ocrx_word' id='word_1_417' title='bbox 4035 733 4340 815; x_wconf 84' lang='lat' dir='ltr'><strong>Augusti,</strong></span> 
     </span>
    </p>
   </div>
   <div class='ocr_carea' id='block_1_6' title="bbox 2389 814 4444 917">
    <p class='ocr_par' dir='ltr' id='par_1_11' title="bbox 2389 814 4444 917">
     <span class='ocr_line' id='line_1_60' title="bbox 2389 814 4444 917; baseline 0.003 -40"><span class='ocrx_word' id='word_1_418' title='bbox 2389 816 2625 879; x_wconf 86' lang='lat' dir='ltr'><strong>nescio.</strong></span> <span class='ocrx_word' id='word_1_419' title='bbox 2729 814 3183 917; x_wconf 78' lang='lat' dir='ltr'><strong>Quintilianus</strong></span> <span class='ocrx_word' id='word_1_420' title='bbox 3245 816 3354 881; x_wconf 84' lang='lat' dir='ltr'><strong>lib.</strong></span> <span class='ocrx_word' id='word_1_421' title='bbox 3399 816 3518 881; x_wconf 83' lang='lat' dir='ltr'><strong>Vl.</strong></span> <span class='ocrx_word' id='word_1_422' title='bbox 3564 817 3755 882; x_wconf 85' lang='lat' dir='ltr'><strong>Fabii</strong></span> <span class='ocrx_word' id='word_1_423' title='bbox 3828 818 4156 895; x_wconf 90' lang='lat' dir='ltr'><strong>meminit,</strong></span> <span class='ocrx_word' id='word_1_424' title='bbox 4227 819 4339 901; x_wconf 91' lang='lat' dir='ltr'><strong>qui</strong></span> <span class='ocrx_word' id='word_1_425' title='bbox 4441 846 4444 853; x_wconf 90' lang='lat'><em>·</em></span> 
     </span>
    </p>
   </div>
   <div class='ocr_carea' id='block_1_7' title="bbox 2386 901 4344 2534">
    <p class='ocr_par' dir='ltr' id='par_1_12' title="bbox 2389 901 4341 986">
     <span class='ocr_line' id='line_1_61' title="bbox 2389 901 4341 986; baseline 0.003 -23"><span class='ocrx_word' id='word_1_426' title='bbox 2389 901 2697 966; x_wconf 88' lang='lat' dir='ltr'><strong>incusans</strong></span> <span class='ocrx_word' id='word_1_427' title='bbox 2756 904 3234 985; x_wconf 72' lang='grc'>008318110111111</span> <span class='ocrx_word' id='word_1_428' title='bbox 3279 904 3570 986; x_wconf 83' lang='lat' dir='ltr'><strong>Augusti</strong></span> <span class='ocrx_word' id='word_1_429' title='bbox 3624 925 3791 986; x_wconf 90' lang='lat' dir='ltr'><strong>quae</strong></span> <span class='ocrx_word' id='word_1_430' title='bbox 3847 904 4074 969; x_wconf 89' lang='lat' dir='ltr'><strong>amicis</strong></span> <span class='ocrx_word' id='word_1_431' title='bbox 4131 903 4341 983; x_wconf 78' lang='lat' dir='ltr'><strong>dabat,</strong></span> 
     </span>
    </p>

    <p class='ocr_par' dir='ltr' id='par_1_13' title="bbox 2392 987 4343 1069">
     <span class='ocr_line' id='line_1_62' title="bbox 2392 987 4343 1069; baseline 0.004 -20"><span class='ocrx_word' id='word_1_432' title='bbox 2392 987 2853 1069; x_wconf 86' lang='lat' dir='ltr'><strong>exiguitatem,</strong></span> <span class='ocrx_word' id='word_1_433' title='bbox 2912 988 3277 1054; x_wconf 85' lang='lat' dir='ltr'><strong>heminaria</strong></span> <span class='ocrx_word' id='word_1_434' title='bbox 3332 1010 3474 1053; x_wconf 92' lang='lat' dir='ltr'><strong>esse</strong></span> <span class='ocrx_word' id='word_1_435' title='bbox 3541 989 3810 1055; x_wconf 87' lang='lat' dir='ltr'><strong>dicebat.</strong></span> <span class='ocrx_word' id='word_1_436' title='bbox 3923 990 4015 1054; x_wconf 87' lang='lat' dir='ltr'><strong>Et</strong></span> <span class='ocrx_word' id='word_1_437' title='bbox 4068 990 4236 1055; x_wconf 85' lang='lat' dir='ltr'><strong>forte</strong></span> <span class='ocrx_word' id='word_1_438' title='bbox 4285 991 4343 1056; x_wconf 88' lang='grc'><strong>18</strong></span> 
     </span>
    </p>

    <p class='ocr_par' dir='ltr' id='par_1_14' title="bbox 2389 1073 4344 1223">
     <span class='ocr_line' id='line_1_63' title="bbox 2389 1073 4344 1223; baseline 0.003 -87"><span class='ocrx_word' id='word_1_439' title='bbox 2389 1073 2532 1223; x_wconf 72' lang='lat' dir='ltr'><strong>ilpse</strong></span> <span class='ocrx_word' id='word_1_440' title='bbox 2586 1091 2689 1137; x_wconf 82' lang='lat' dir='ltr'><strong>est</strong></span> <span class='ocrx_word' id='word_1_441' title='bbox 2744 1073 2825 1138; x_wconf 90' lang='lat' dir='ltr'><strong>ad</strong></span> <span class='ocrx_word' id='word_1_442' title='bbox 2885 1096 3080 1157; x_wconf 90' lang='lat' dir='ltr'><strong>quem</strong></span> <span class='ocrx_word' id='word_1_443' title='bbox 3137 1092 3293 1139; x_wconf 89' lang='lat' dir='ltr'><strong>sunt</strong></span> <span class='ocrx_word' id='word_1_444' title='bbox 3348 1075 3594 1158; x_wconf 80' lang='lat' dir='ltr'><strong>elegiae</strong></span> <span class='ocrx_word' id='word_1_445' title='bbox 3639 1073 3864 1140; x_wconf 85' lang='lat' dir='ltr'><strong>Ovidii</strong></span> <span class='ocrx_word' id='word_1_446' title='bbox 3919 1076 3989 1138; x_wconf 92' lang='lat' dir='ltr'><strong>in</strong></span> <span class='ocrx_word' id='word_1_447' title='bbox 4031 1076 4217 1141; x_wconf 88' lang='lat' dir='ltr'><strong>libris</strong></span> <span class='ocrx_word' id='word_1_448' title='bbox 4262 1076 4344 1141; x_wconf 89' lang='lat' dir='ltr'><strong>de</strong></span> 
     </span>
     <span class='ocr_line' id='line_1_64' title="bbox 2451 1169 2622 1223; baseline 0 0"><span class='ocrx_word' id='word_1_449' title='bbox 2451 1169 2622 1223; x_wconf 88' lang='lat' dir='ltr'><strong>ont0.</strong></span> 
     </span>
    </p>

    <p class='ocr_par' dir='ltr' id='par_1_15' title="bbox 2386 1245 4343 2534">
     <span class='ocr_line' id='line_1_65' title="bbox 2564 1245 4342 1328; baseline 0.002 -20"><span class='ocrx_word' id='word_1_450' title='bbox 2564 1245 2809 1328; x_wconf 72' lang='lat' dir='ltr'><strong>Aqmen</strong></span> <span class='ocrx_word' id='word_1_451' title='bbox 2857 1245 3156 1310; x_wconf 76' lang='lat' dir='ltr'><strong>nobilium</strong></span> <span class='ocrx_word' id='word_1_452' title='bbox 3209 1267 3330 1310; x_wconf 77' lang='lat' dir='ltr'><strong>non</strong></span> <span class='ocrx_word' id='word_1_453' title='bbox 3383 1248 3610 1310; x_wconf 78' lang='lat' dir='ltr'><strong>inania</strong></span> <span class='ocrx_word' id='word_1_454' title='bbox 3675 1249 3928 1311; x_wconf 80' lang='lat' dir='ltr'><strong>nomina</strong></span> <span class='ocrx_word' id='word_1_455' title='bbox 3977 1251 4342 1328; x_wconf 76' lang='lat' dir='ltr'><strong>praeferen-</strong></span> 
     </span>
     <span class='ocr_line' id='line_1_66' title="bbox 2390 1329 4341 1429; baseline 0.003 -36"><span class='ocrx_word' id='word_1_456' title='bbox 2390 1329 2579 1429; x_wconf 79' lang='lat' dir='ltr'><strong>tium]</strong></span> <span class='ocrx_word' id='word_1_457' title='bbox 2639 1332 2892 1395; x_wconf 90' lang='lat' dir='ltr'><strong>Nomen</strong></span> <span class='ocrx_word' id='word_1_458' title='bbox 2951 1333 3123 1395; x_wconf 89' lang='lat' dir='ltr'><strong>inter</strong></span> <span class='ocrx_word' id='word_1_459' title='bbox 3181 1331 3308 1395; x_wconf 88' lang='lat' dir='ltr'><strong>alia</strong></span> <span class='ocrx_word' id='word_1_460' title='bbox 3364 1333 3732 1415; x_wconf 87' lang='lat' dir='ltr'><strong>significata</strong></span> <span class='ocrx_word' id='word_1_461' title='bbox 3784 1334 3908 1398; x_wconf 89' lang='lat' dir='ltr'><strong>hoc</strong></span> <span class='ocrx_word' id='word_1_462' title='bbox 3960 1332 4159 1396; x_wconf 86' lang='lat' dir='ltr'><strong>habet</strong></span> <span class='ocrx_word' id='word_1_463' title='bbox 4212 1332 4341 1398; x_wconf 89' lang='grc'>010-</span> 
     </span>
     <span class='ocr_line' id='line_1_67' title="bbox 2389 1418 4343 1502; baseline 0.002 -21"><span class='ocrx_word' id='word_1_464' title='bbox 2389 1419 2866 1499; x_wconf 81' lang='lat' dir='ltr'><strong>gantissimum,</strong></span> <span class='ocrx_word' id='word_1_465' title='bbox 2911 1438 3116 1500; x_wconf 90' lang='lat' dir='ltr'><strong>quum</strong></span> <span class='ocrx_word' id='word_1_466' title='bbox 3159 1418 3474 1499; x_wconf 85' lang='lat' dir='ltr'><strong>accipitur</strong></span> <span class='ocrx_word' id='word_1_467' title='bbox 3516 1441 3632 1502; x_wconf 92' lang='lat' dir='ltr'><strong>pro</strong></span> <span class='ocrx_word' id='word_1_468' title='bbox 3675 1418 4025 1483; x_wconf 82' lang='lat' dir='ltr'><strong>nobilitate.</strong></span> <span class='ocrx_word' id='word_1_469' title='bbox 4112 1420 4343 1485; x_wconf 81' lang='lat' dir='ltr'><strong>Cicero</strong></span> 
     </span>
     <span class='ocr_line' id='line_1_68' title="bbox 2390 1502 4343 1586; baseline 0.002 -21"><span class='ocrx_word' id='word_1_470' title='bbox 2390 1502 2678 1567; x_wconf 87' lang='lat' dir='ltr'><strong>Verrina</strong></span> <span class='ocrx_word' id='word_1_471' title='bbox 2718 1504 2836 1567; x_wconf 91' lang='lat'><strong>11.-</strong></span> <span class='ocrx_word' id='word_1_472' title='bbox 2905 1504 3226 1586; x_wconf 88' lang='lat' dir='ltr'><strong>Proponit</strong></span> <span class='ocrx_word' id='word_1_473' title='bbox 3278 1504 3504 1567; x_wconf 87' lang='lat' dir='ltr'><strong>inania</strong></span> <span class='ocrx_word' id='word_1_474' title='bbox 3556 1505 3717 1568; x_wconf 88' lang='lat' dir='ltr'><strong>mihi</strong></span> <span class='ocrx_word' id='word_1_475' title='bbox 3775 1504 4161 1582; x_wconf 85' lang='lat' dir='ltr'><strong>nobilitatis,</strong></span> <span class='ocrx_word' id='word_1_476' title='bbox 4220 1504 4343 1570; x_wconf 88' lang='lat' dir='ltr'><strong>hoc</strong></span> 
     </span>
     <span class='ocr_line' id='line_1_69' title="bbox 2390 1589 4342 1672; baseline 0.001 -19"><span class='ocrx_word' id='word_1_477' title='bbox 2390 1597 2492 1653; x_wconf 87' lang='lat' dir='ltr'><strong>est</strong></span> <span class='ocrx_word' id='word_1_478' title='bbox 2535 1589 2880 1654; x_wconf 91' lang='lat' dir='ltr'><strong>hominum</strong></span> <span class='ocrx_word' id='word_1_479' title='bbox 2925 1591 3372 1672; x_wconf 84' lang='lat' dir='ltr'><strong>arrogantium</strong></span> <span class='ocrx_word' id='word_1_480' title='bbox 3423 1591 3703 1654; x_wconf 87' lang='grc'>1101111118.</span> <span class='ocrx_word' id='word_1_481' title='bbox 3794 1591 3926 1654; x_wconf 86' lang='grc' dir='ltr'>Ρ1·0</span> <span class='ocrx_word' id='word_1_482' title='bbox 3970 1591 4089 1654; x_wconf 89' lang='lat' dir='ltr'><strong>Cn.</strong></span> <span class='ocrx_word' id='word_1_483' title='bbox 4138 1591 4342 1656; x_wconf 90' lang='lat' dir='ltr'><strong>Plan-</strong></span> 
     </span>
     <span class='ocr_line' id='line_1_70' title="bbox 2389 1675 4338 1757; baseline 0.001 -17"><span class='ocrx_word' id='word_1_484' title='bbox 2389 1675 2518 1740; x_wconf 88' lang='lat' dir='ltr'><strong>cio:</strong></span> <span class='ocrx_word' id='word_1_485' title='bbox 2588 1676 2714 1740; x_wconf 87' lang='lat' dir='ltr'><strong>Est</strong></span> <span class='ocrx_word' id='word_1_486' title='bbox 2776 1686 2962 1740; x_wconf 88' lang='lat' dir='ltr'><strong>tuum</strong></span> <span class='ocrx_word' id='word_1_487' title='bbox 3029 1696 3266 1739; x_wconf 86' lang='lat' dir='ltr'><strong>nomen</strong></span> <span class='ocrx_word' id='word_1_488' title='bbox 3323 1685 3599 1757; x_wconf 88' lang='lat' dir='ltr'><strong>utraque</strong></span> <span class='ocrx_word' id='word_1_489' title='bbox 3665 1676 3912 1740; x_wconf 83' lang='lat' dir='ltr'><strong>familia</strong></span> <span class='ocrx_word' id='word_1_490' title='bbox 3976 1677 4338 1742; x_wconf 87' lang='lat' dir='ltr'><strong>consulare.</strong></span> 
     </span>
     <span class='ocr_line' id='line_1_71' title="bbox 2387 1760 4341 1844; baseline 0.001 -19"><span class='ocrx_word' id='word_1_491' title='bbox 2387 1760 2539 1837; x_wconf 90' lang='lat' dir='ltr'><strong>Non</strong></span> <span class='ocrx_word' id='word_1_492' title='bbox 2599 1760 2860 1825; x_wconf 87' lang='lat' dir='ltr'><strong>dubitas</strong></span> <span class='ocrx_word' id='word_1_493' title='bbox 2913 1763 3119 1844; x_wconf 87' lang='lat' dir='ltr'><strong>igitur</strong></span> <span class='ocrx_word' id='word_1_494' title='bbox 3172 1762 3330 1843; x_wconf 90' lang='lat' dir='ltr'><strong>quin</strong></span> <span class='ocrx_word' id='word_1_495' title='bbox 3386 1783 3610 1826; x_wconf 88' lang='lat' dir='ltr'><strong>omnes</strong></span> <span class='ocrx_word' id='word_1_496' title='bbox 3665 1763 3776 1844; x_wconf 92' lang='lat' dir='ltr'><strong>qui</strong></span> <span class='ocrx_word' id='word_1_497' title='bbox 3826 1763 4054 1828; x_wconf 80' lang='lat' dir='ltr'><strong>favent</strong></span> <span class='ocrx_word' id='word_1_498' title='bbox 4109 1762 4341 1827; x_wconf 90' lang='lat' dir='ltr'><strong>nobili-</strong></span> 
     </span>
     <span class='ocr_line' id='line_1_72' title="bbox 2387 1846 4340 1932; baseline 0.002 -21"><span class='ocrx_word' id='word_1_499' title='bbox 2387 1848 2535 1923; x_wconf 84' lang='lat' dir='ltr'><strong>tati,</strong></span> <span class='ocrx_word' id='word_1_500' title='bbox 2578 1848 2686 1930; x_wconf 91' lang='lat' dir='ltr'><strong>qui</strong></span> <span class='ocrx_word' id='word_1_501' title='bbox 2731 1847 2797 1911; x_wconf 89' lang='lat' dir='ltr'><strong>id</strong></span> <span class='ocrx_word' id='word_1_502' title='bbox 2839 1856 3077 1930; x_wconf 85' lang='lat' dir='ltr'><strong>putant</strong></span> <span class='ocrx_word' id='word_1_503' title='bbox 3119 1868 3260 1913; x_wconf 89' lang='grc'>0880</span> <span class='ocrx_word' id='word_1_504' title='bbox 3304 1846 3837 1930; x_wconf 89' lang='lat' dir='ltr'><strong>pulcherrimum,</strong></span> <span class='ocrx_word' id='word_1_505' title='bbox 3886 1851 3996 1931; x_wconf 90' lang='lat' dir='ltr'><strong>qui</strong></span> <span class='ocrx_word' id='word_1_506' title='bbox 4040 1850 4340 1932; x_wconf 88' lang='lat' dir='ltr'><strong>imagini-</strong></span> 
     </span>
     <span class='ocr_line' id='line_1_73' title="bbox 2388 1932 4342 2015; baseline 0.001 -17"><span class='ocrx_word' id='word_1_507' title='bbox 2388 1933 2540 2011; x_wconf 87' lang='lat' dir='ltr'><strong>bus,</strong></span> <span class='ocrx_word' id='word_1_508' title='bbox 2611 1935 2721 2015; x_wconf 92' lang='lat' dir='ltr'><strong>qui</strong></span> <span class='ocrx_word' id='word_1_509' title='bbox 2787 1932 3166 1998; x_wconf 82' lang='lat' dir='ltr'><strong>nominibus</strong></span> <span class='ocrx_word' id='word_1_510' title='bbox 3230 1935 3468 1998; x_wconf 84' lang='lat' dir='ltr'><strong>vestris</strong></span> <span class='ocrx_word' id='word_1_511' title='bbox 3528 1933 3885 2011; x_wconf 89' lang='lat' dir='ltr'><strong>ducuntur,</strong></span> <span class='ocrx_word' id='word_1_512' title='bbox 3944 1942 4010 1999; x_wconf 91' lang='lat' dir='ltr'><strong>te</strong></span> <span class='ocrx_word' id='word_1_513' title='bbox 4066 1935 4342 2000; x_wconf 89' lang='lat' dir='ltr'><strong>aedilem</strong></span> 
     </span>
     <span class='ocr_line' id='line_1_74' title="bbox 2386 2019 4342 2101; baseline 0.002 -19"><span class='ocrx_word' id='word_1_514' title='bbox 2386 2020 2676 2085; x_wconf 85' lang='lat' dir='ltr'><strong>fecerint.</strong></span> <span class='ocrx_word' id='word_1_515' title='bbox 2801 2019 2983 2083; x_wconf 90' lang='lat' dir='ltr'><strong>Idem</strong></span> <span class='ocrx_word' id='word_1_516' title='bbox 3053 2019 3163 2084; x_wconf 90' lang='lat' dir='ltr'><strong>lib.</strong></span> <span class='ocrx_word' id='word_1_517' title='bbox 3223 2019 3349 2084; x_wconf 89' lang='lat'><strong>111.</strong></span> <span class='ocrx_word' id='word_1_518' title='bbox 3398 2019 3873 2101; x_wconf 88' lang='lat' dir='ltr'><strong>Epistolarum:</strong></span> <span class='ocrx_word' id='word_1_519' title='bbox 3964 2019 4190 2101; x_wconf 80' lang='lat' dir='ltr'><strong>Quum</strong></span> <span class='ocrx_word' id='word_1_520' title='bbox 4264 2042 4342 2087; x_wconf 90' lang='grc'><strong>08</strong></span> 
     </span>
     <span class='ocr_line' id='line_1_75' title="bbox 2388 2106 4340 2206; baseline 0.002 -37"><span class='ocrx_word' id='word_1_521' title='bbox 2388 2106 2678 2171; x_wconf 90' lang='lat' dir='ltr'><strong>nondum</strong></span> <span class='ocrx_word' id='word_1_522' title='bbox 2726 2114 3170 2187; x_wconf 89' lang='lat' dir='ltr'><strong>consequutus</strong></span> <span class='ocrx_word' id='word_1_523' title='bbox 3214 2126 3395 2169; x_wconf 89' lang='lat' dir='ltr'><strong>eram</strong></span> <span class='ocrx_word' id='word_1_524' title='bbox 3430 2126 3594 2186; x_wconf 89' lang='lat' dir='ltr'><strong>quae</strong></span> <span class='ocrx_word' id='word_1_525' title='bbox 3632 2113 3789 2171; x_wconf 90' lang='lat' dir='ltr'><strong>sunt</strong></span> <span class='ocrx_word' id='word_1_526' title='bbox 3826 2106 4169 2171; x_wconf 90' lang='lat' dir='ltr'><strong>hominum</strong></span> <span class='ocrx_word' id='word_1_527' title='bbox 4203 2108 4340 2206; x_wconf 79' lang='lat' dir='ltr'><strong>opi·</strong></span> 
     </span>
     <span class='ocr_line' id='line_1_76' title="bbox 2387 2191 4341 2274; baseline 0.002 -19"><span class='ocrx_word' id='word_1_528' title='bbox 2387 2192 2694 2257; x_wconf 90' lang='lat' dir='ltr'><strong>nionibus</strong></span> <span class='ocrx_word' id='word_1_529' title='bbox 2772 2191 3203 2274; x_wconf 88' lang='lat' dir='ltr'><strong>amplissima,</strong></span> <span class='ocrx_word' id='word_1_530' title='bbox 3281 2200 3505 2255; x_wconf 89' lang='lat' dir='ltr'><strong>tamen</strong></span> <span class='ocrx_word' id='word_1_531' title='bbox 3581 2193 3706 2257; x_wconf 85' lang='lat' dir='ltr'><strong>ista</strong></span> <span class='ocrx_word' id='word_1_532' title='bbox 3781 2203 4002 2257; x_wconf 83' lang='lat' dir='ltr'><strong>vestra</strong></span> <span class='ocrx_word' id='word_1_533' title='bbox 4076 2194 4341 2258; x_wconf 91' lang='lat' dir='ltr'><strong>nomina</strong></span> 
     </span>
     <span class='ocr_line' id='line_1_77' title="bbox 2390 2276 4341 2362; baseline 0.001 -21"><span class='ocrx_word' id='word_1_534' title='bbox 2390 2300 2728 2361; x_wconf 91' lang='lat' dir='ltr'><strong>nunquam</strong></span> <span class='ocrx_word' id='word_1_535' title='bbox 2784 2300 2927 2343; x_wconf 90' lang='lat' dir='ltr'><strong>sum</strong></span> <span class='ocrx_word' id='word_1_536' title='bbox 2986 2278 3364 2343; x_wconf 88' lang='lat' dir='ltr'><strong>admiratus.</strong></span> <span class='ocrx_word' id='word_1_537' title='bbox 3466 2276 3665 2342; x_wconf 89' lang='lat' dir='ltr'><strong>Viros</strong></span> <span class='ocrx_word' id='word_1_538' title='bbox 3718 2298 3828 2343; x_wconf 90' lang='lat' dir='ltr'><strong>eos</strong></span> <span class='ocrx_word' id='word_1_539' title='bbox 3880 2279 3994 2362; x_wconf 92' lang='lat' dir='ltr'><strong>qui</strong></span> <span class='ocrx_word' id='word_1_540' title='bbox 4038 2300 4116 2343; x_wconf 89' lang='lat' dir='ltr'><strong>ea</strong></span> <span class='ocrx_word' id='word_1_541' title='bbox 4161 2279 4341 2345; x_wconf 84' lang='lat' dir='ltr'><strong>vobis</strong></span> 
     </span>
     <span class='ocr_line' id='line_1_78' title="bbox 2387 2360 4338 2447; baseline 0.002 -20"><span class='ocrx_word' id='word_1_542' title='bbox 2387 2364 2817 2446; x_wconf 90' lang='lat' dir='ltr'><strong>reliquerant,</strong></span> <span class='ocrx_word' id='word_1_543' title='bbox 2885 2383 3156 2447; x_wconf 88' lang='lat' dir='ltr'><strong>magnos</strong></span> <span class='ocrx_word' id='word_1_544' title='bbox 3224 2363 3607 2428; x_wconf 88' lang='lat' dir='ltr'><strong>arbitrabar.</strong></span> <span class='ocrx_word' id='word_1_545' title='bbox 3711 2360 3991 2446; x_wconf 82' lang='lat' dir='ltr'><strong>Saepius</strong></span> <span class='ocrx_word' id='word_1_546' title='bbox 4054 2365 4126 2428; x_wconf 93' lang='lat' dir='ltr'><strong>in</strong></span> <span class='ocrx_word' id='word_1_547' title='bbox 4194 2386 4338 2430; x_wconf 89' lang='lat' dir='ltr'><strong>ora-</strong></span> 
     </span>
     <span class='ocr_line' id='line_1_79' title="bbox 2388 2448 4018 2534; baseline 0.003 -21"><span class='ocrx_word' id='word_1_548' title='bbox 2388 2451 2566 2514; x_wconf 88' lang='grc'>11080</span> <span class='ocrx_word' id='word_1_549' title='bbox 2609 2472 2729 2532; x_wconf 89' lang='lat' dir='ltr'><strong>pro</strong></span> <span class='ocrx_word' id='word_1_550' title='bbox 2774 2451 3060 2534; x_wconf 85' lang='lat' dir='ltr'><strong>Ligario.</strong></span> <span class='ocrx_word' id='word_1_551' title='bbox 3151 2450 3485 2515; x_wconf 83' lang='lat' dir='ltr'><strong>Iuvenalis</strong></span> <span class='ocrx_word' id='word_1_552' title='bbox 3531 2448 3752 2533; x_wconf 81' lang='lat' dir='ltr'><strong>Satyr.</strong></span> <span class='ocrx_word' id='word_1_553' title='bbox 3794 2449 4018 2517; x_wconf 76' lang='lat' dir='ltr'>VEL:</span> 
     </span>
    </p>
   </div>
   <div class='ocr_carea' id='block_1_8' title="bbox 2591 2553 4035 2690">
    <p class='ocr_par' dir='ltr' id='par_1_16' title="bbox 2591 2553 4035 2690">
     <span class='ocr_line' id='line_1_80' title="bbox 2593 2553 4035 2622; baseline 0 -16"><span class='ocrx_word' id='word_1_554' title='bbox 2593 2553 2668 2606; x_wconf 87' lang='lat' dir='ltr'><strong>Et</strong></span> <span class='ocrx_word' id='word_1_555' title='bbox 2702 2560 2879 2606; x_wconf 86' lang='lat' dir='ltr'><strong>tamen</strong></span> <span class='ocrx_word' id='word_1_556' title='bbox 2918 2560 2980 2606; x_wconf 82' lang='lat' dir='ltr'><strong>ut</strong></span> <span class='ocrx_word' id='word_1_557' title='bbox 3014 2554 3173 2619; x_wconf 81' lang='lat' dir='ltr'><strong>longe</strong></span> <span class='ocrx_word' id='word_1_558' title='bbox 3209 2563 3445 2622; x_wconf 72' lang='grc'>10110188,</span> <span class='ocrx_word' id='word_1_559' title='bbox 3484 2554 3748 2622; x_wconf 82' lang='lat' dir='ltr'><strong>longeque</strong></span> <span class='ocrx_word' id='word_1_560' title='bbox 3785 2570 3875 2606; x_wconf 77' lang='grc' dir='ltr'><strong>1·ον</strong></span> <span class='ocrx_word' id='word_1_561' title='bbox 3884 2554 4035 2606; x_wconf 82' lang='lat' dir='ltr'><strong>olvas</strong></span> 
     </span>
     <span class='ocr_line' id='line_1_81' title="bbox 2591 2598 3860 2690; baseline -0.001 -15"><span class='ocrx_word' id='word_1_562' title='bbox 2591 2621 2817 2689; x_wconf 87' lang='lat' dir='ltr'><strong>Nomen,</strong></span> <span class='ocrx_word' id='word_1_563' title='bbox 2855 2621 2922 2675; x_wconf 89' lang='lat' dir='ltr'><strong>ab</strong></span> <span class='ocrx_word' id='word_1_564' title='bbox 2961 2622 3143 2675; x_wconf 85' lang='lat' dir='ltr'><strong>infami</strong></span> <span class='ocrx_word' id='word_1_565' title='bbox 3184 2630 3396 2689; x_wconf 86' lang='lat' dir='ltr'><strong>gentem</strong></span> <span class='ocrx_word' id='word_1_566' title='bbox 3433 2598 3653 2675; x_wconf 82' lang='lat' dir='ltr'><strong>deducis</strong></span> <span class='ocrx_word' id='word_1_567' title='bbox 3689 2622 3860 2690; x_wconf 85' lang='lat' dir='ltr'><strong>asylo.</strong></span> 
     </span>
    </p>
   </div>
   <div class='ocr_carea' id='block_1_9' title="bbox 2382 2706 4340 2877">
    <p class='ocr_par' dir='ltr' id='par_1_17' title="bbox 2382 2706 4340 2877">
     <span class='ocr_line' id='line_1_82' title="bbox 2384 2706 4340 2792; baseline 0 -20"><span class='ocrx_word' id='word_1_568' title='bbox 2384 2709 2488 2772; x_wconf 87' lang='lat' dir='ltr'><strong>Ita</strong></span> <span class='ocrx_word' id='word_1_569' title='bbox 2534 2706 2810 2773; x_wconf 78' lang='lat' dir='ltr'><strong>Servius</strong></span> <span class='ocrx_word' id='word_1_570' title='bbox 2863 2707 2935 2771; x_wconf 91' lang='lat' dir='ltr'><strong>in</strong></span> <span class='ocrx_word' id='word_1_571' title='bbox 2981 2706 3269 2772; x_wconf 90' lang='lat' dir='ltr'><strong>secundo</strong></span> <span class='ocrx_word' id='word_1_572' title='bbox 3316 2708 3687 2792; x_wconf 82' lang='lat' dir='ltr'><strong>Georgicon</strong></span> <span class='ocrx_word' id='word_1_573' title='bbox 3744 2708 4215 2790; x_wconf 80' lang='lat' dir='ltr'><strong>interpretatur</strong></span> <span class='ocrx_word' id='word_1_574' title='bbox 4255 2709 4340 2772; x_wconf 93' lang='lat' dir='ltr'><strong>il-</strong></span> 
     </span>
     <span class='ocr_line' id='line_1_83' title="bbox 2382 2793 2826 2877; baseline -0.002 -19"><span class='ocrx_word' id='word_1_575' title='bbox 2382 2794 2500 2859; x_wconf 91' lang='lat' dir='ltr'><strong>lud</strong></span> <span class='ocrx_word' id='word_1_576' title='bbox 2543 2793 2826 2877; x_wconf 81' lang='lat' dir='ltr'><strong>Vergilii</strong></span> 
     </span>
    </p>
   </div>
   <div class='ocr_carea' id='block_1_10' title="bbox 2694 2896 3773 3020">
    <p class='ocr_par' dir='ltr' id='par_1_18' title="bbox 2694 2896 3773 3020">
     <span class='ocr_line' id='line_1_84' title="bbox 2898 2896 3773 2965; baseline 0 -16"><span class='ocrx_word' id='word_1_577' title='bbox 2898 2896 3130 2965; x_wconf 89' lang='lat' dir='ltr'><strong>Aliquod</strong></span> <span class='ocrx_word' id='word_1_578' title='bbox 3167 2912 3466 2964; x_wconf 82' lang='lat' dir='ltr'><strong>nomenque</strong></span> <span class='ocrx_word' id='word_1_579' title='bbox 3505 2896 3773 2964; x_wconf 87' lang='lat' dir='ltr'><strong>decusque</strong></span> 
     </span>
     <span class='ocr_line' id='line_1_85' title="bbox 2694 2966 2984 3020; baseline -0.007 0"><span class='ocrx_word' id='word_1_580' title='bbox 2694 2966 2984 3020; x_wconf 84' lang='lat' dir='ltr'><strong>Gessimus.</strong></span> 
     </span>
    </p>
   </div>
   <div class='ocr_carea' id='block_1_11' title="bbox 2386 3033 4338 3290">
    <p class='ocr_par' dir='ltr' id='par_1_19' title="bbox 2386 3033 4338 3290">
     <span class='ocr_line' id='line_1_86' title="bbox 2389 3033 4334 3134; baseline 0 -18"><span class='ocrx_word' id='word_1_581' title='bbox 2389 3033 2536 3132; x_wconf 69' lang='lat' dir='ltr'><strong>[pag.</strong></span> <span class='ocrx_word' id='word_1_582' title='bbox 2578 3058 2686 3131; x_wconf 83' lang='lat'><strong>69]</strong></span> <span class='ocrx_word' id='word_1_583' title='bbox 2744 3052 3058 3117; x_wconf 88' lang='lat' dir='ltr'><strong>Marcello</strong></span> <span class='ocrx_word' id='word_1_584' title='bbox 3101 3072 3355 3134; x_wconf 91' lang='lat' dir='ltr'><strong>quoque</strong></span> <span class='ocrx_word' id='word_1_585' title='bbox 3401 3073 3641 3117; x_wconf 90' lang='lat' dir='ltr'><strong>nomen</strong></span> <span class='ocrx_word' id='word_1_586' title='bbox 3687 3051 3883 3116; x_wconf 81' lang='lat' dir='ltr'><strong>decus</strong></span> <span class='ocrx_word' id='word_1_587' title='bbox 3927 3073 4003 3117; x_wconf 91' lang='lat' dir='ltr'><strong>ac</strong></span> <span class='ocrx_word' id='word_1_588' title='bbox 4048 3051 4334 3134; x_wconf 82' lang='lat' dir='ltr'><strong>dignita-</strong></span> 
     </span>
     <span class='ocr_line' id='line_1_87' title="bbox 2386 3138 4338 3222; baseline -0.001 -18"><span class='ocrx_word' id='word_1_589' title='bbox 2386 3155 2522 3204; x_wconf 89' lang='lat' dir='ltr'><strong>tem</strong></span> <span class='ocrx_word' id='word_1_590' title='bbox 2579 3139 2938 3222; x_wconf 85' lang='lat' dir='ltr'><strong>significat,</strong></span> <span class='ocrx_word' id='word_1_591' title='bbox 2993 3138 3272 3220; x_wconf 88' lang='lat' dir='ltr'><strong>qualiter</strong></span> <span class='ocrx_word' id='word_1_592' title='bbox 3337 3139 3535 3202; x_wconf 86' lang='lat' dir='ltr'><strong>etiam</strong></span> <span class='ocrx_word' id='word_1_593' title='bbox 3592 3139 3928 3222; x_wconf 87' lang='lat' dir='ltr'><strong>Vergilius</strong></span> <span class='ocrx_word' id='word_1_594' title='bbox 3992 3139 4338 3221; x_wconf 86' lang='lat' dir='ltr'><strong>usurpavit</strong></span> 
     </span>
     <span class='ocr_line' id='line_1_88' title="bbox 2386 3223 3284 3290; baseline 0 -1"><span class='ocrx_word' id='word_1_595' title='bbox 2386 3226 2554 3290; x_wconf 89' lang='lat' dir='ltr'><strong>libro</strong></span> <span class='ocrx_word' id='word_1_596' title='bbox 2598 3223 2887 3289; x_wconf 84' lang='lat' dir='ltr'><strong>seeundo</strong></span> <span class='ocrx_word' id='word_1_597' title='bbox 2929 3224 3284 3290; x_wconf 90' lang='lat' dir='ltr'><strong>Aeneidos.</strong></span> 
     </span>
    </p>
   </div>
   <div class='ocr_carea' id='block_1_12' title="bbox 2488 3327 4211 3464">
    <p class='ocr_par' dir='ltr' id='par_1_20' title="bbox 2488 3327 4200 3464">
     <span class='ocr_line' id='line_1_89' title="bbox 2488 3327 4200 3408; baseline -0.001 -27"><span class='ocrx_word' id='word_1_598' title='bbox 2488 3327 2611 3381; x_wconf 88' lang='lat' dir='ltr'><strong>Non</strong></span> <span class='ocrx_word' id='word_1_599' title='bbox 2649 3336 2827 3381; x_wconf 86' lang='lat' dir='ltr'><strong>tamen</strong></span> <span class='ocrx_word' id='word_1_600' title='bbox 2863 3327 3168 3382; x_wconf 89' lang='lat' dir='ltr'><strong>indecorem</strong></span> <span class='ocrx_word' id='word_1_601' title='bbox 3206 3335 3298 3382; x_wconf 88' lang='lat' dir='ltr'><strong>tua</strong></span> <span class='ocrx_word' id='word_1_602' title='bbox 3332 3335 3387 3381; x_wconf 85' lang='lat' dir='ltr'><strong>te</strong></span> <span class='ocrx_word' id='word_1_603' title='bbox 3424 3328 3609 3396; x_wconf 82' lang='lat' dir='ltr'><strong>regina</strong></span> <span class='ocrx_word' id='word_1_604' title='bbox 3625 3328 3910 3408; x_wconf 87' lang='lat' dir='ltr'><strong>relinquet</strong></span> <span class='ocrx_word' id='word_1_605' title='bbox 4193 3367 4200 3371; x_wconf 80' lang='lat'><strong>.</strong></span> 
     </span>
     <span class='ocr_line' id='line_1_90' title="bbox 2488 3396 4211 3464; baseline -0.001 -14"><span class='ocrx_word' id='word_1_606' title='bbox 2488 3397 2751 3450; x_wconf 84' lang='lat' dir='ltr'><strong>Extrema</strong></span> <span class='ocrx_word' id='word_1_607' title='bbox 2786 3398 2887 3450; x_wconf 88' lang='lat' dir='ltr'><strong>iam</strong></span> <span class='ocrx_word' id='word_1_608' title='bbox 2924 3398 2976 3449; x_wconf 92' lang='lat' dir='ltr'><strong>in</strong></span> <span class='ocrx_word' id='word_1_609' title='bbox 3013 3404 3204 3464; x_wconf 86' lang='lat' dir='ltr'><strong>morte,</strong></span> <span class='ocrx_word' id='word_1_610' title='bbox 3242 3412 3415 3464; x_wconf 85' lang='lat' dir='ltr'><strong>neque</strong></span> <span class='ocrx_word' id='word_1_611' title='bbox 3451 3397 3556 3450; x_wconf 88' lang='lat' dir='ltr'><strong>hoc</strong></span> <span class='ocrx_word' id='word_1_612' title='bbox 3594 3397 3707 3449; x_wconf 88' lang='lat' dir='ltr'><strong>sine</strong></span> <span class='ocrx_word' id='word_1_613' title='bbox 3742 3398 3954 3449; x_wconf 88' lang='lat' dir='ltr'><strong>nomine</strong></span> <span class='ocrx_word' id='word_1_614' title='bbox 3991 3396 4211 3449; x_wconf 80' lang='lat' dir='ltr'><strong>lethum.</strong></span> 
     </span>
    </p>
   </div>
   <div class='ocr_carea' id='block_1_13' title="bbox 2382 3498 4338 3840">
    <p class='ocr_par' dir='ltr' id='par_1_21' title="bbox 2382 3498 4338 3840">
     <span class='ocr_line' id='line_1_91' title="bbox 2384 3498 4334 3584; baseline 0 -20"><span class='ocrx_word' id='word_1_615' title='bbox 2384 3500 2563 3564; x_wconf 90' lang='lat' dir='ltr'><strong>Hinc</strong></span> <span class='ocrx_word' id='word_1_616' title='bbox 2604 3500 2771 3565; x_wconf 87' lang='lat' dir='ltr'><strong>forte</strong></span> <span class='ocrx_word' id='word_1_617' title='bbox 2816 3501 3110 3564; x_wconf 85' lang='lat' dir='ltr'><strong>manavit</strong></span> <span class='ocrx_word' id='word_1_618' title='bbox 3164 3522 3401 3565; x_wconf 90' lang='lat' dir='ltr'><strong>nomen</strong></span> <span class='ocrx_word' id='word_1_619' title='bbox 3456 3522 3575 3583; x_wconf 89' lang='lat' dir='ltr'><strong>pro</strong></span> <span class='ocrx_word' id='word_1_620' title='bbox 3631 3499 3952 3584; x_wconf 86' lang='lat' dir='ltr'><strong>gentilitia</strong></span> <span class='ocrx_word' id='word_1_621' title='bbox 3995 3498 4334 3564; x_wconf 85' lang='lat' dir='ltr'><strong>nobilitate</strong></span> 
     </span>
     <span class='ocr_line' id='line_1_92' title="bbox 2383 3584 4332 3669; baseline -0.001 -18"><span class='ocrx_word' id='word_1_622' title='bbox 2383 3586 2622 3669; x_wconf 91' lang='lat' dir='ltr'><strong>accipi,</strong></span> <span class='ocrx_word' id='word_1_623' title='bbox 2678 3584 2848 3668; x_wconf 88' lang='lat' dir='ltr'><strong>quod</strong></span> <span class='ocrx_word' id='word_1_624' title='bbox 2893 3585 3368 3651; x_wconf 83' lang='lat' dir='ltr'><strong>commendatio</strong></span> <span class='ocrx_word' id='word_1_625' title='bbox 3415 3607 3454 3651; x_wconf 90' lang='lat' dir='ltr'><strong>a</strong></span> <span class='ocrx_word' id='word_1_626' title='bbox 3504 3587 3826 3651; x_wconf 87' lang='lat' dir='ltr'><strong>maiorum</strong></span> <span class='ocrx_word' id='word_1_627' title='bbox 3871 3587 4204 3652; x_wconf 88' lang='lat' dir='ltr'><strong>nobilitate</strong></span> <span class='ocrx_word' id='word_1_628' title='bbox 4249 3585 4332 3650; x_wconf 92' lang='lat' dir='ltr'><strong>ad</strong></span> 
     </span>
     <span class='ocr_line' id='line_1_93' title="bbox 2382 3672 4338 3756; baseline 0 -19"><span class='ocrx_word' id='word_1_629' title='bbox 2382 3683 2679 3756; x_wconf 88' lang='lat' dir='ltr'><strong>posteros</strong></span> <span class='ocrx_word' id='word_1_630' title='bbox 2734 3673 3221 3737; x_wconf 82' lang='lat' dir='ltr'><strong>transmittitur.</strong></span> <span class='ocrx_word' id='word_1_631' title='bbox 3323 3672 3787 3755; x_wconf 88' lang='lat' dir='ltr'><strong>Unusquisque</strong></span> <span class='ocrx_word' id='word_1_632' title='bbox 3833 3680 4052 3737; x_wconf 88' lang='lat' dir='ltr'><strong>autem</strong></span> <span class='ocrx_word' id='word_1_633' title='bbox 4098 3691 4338 3737; x_wconf 88' lang='lat' dir='ltr'><strong>nomen</strong></span> 
     </span>
     <span class='ocr_line' id='line_1_94' title="bbox 2383 3756 4235 3840; baseline 0 -18"><span class='ocrx_word' id='word_1_634' title='bbox 2383 3780 2424 3822; x_wconf 87' lang='lat' dir='ltr'><strong>a</strong></span> <span class='ocrx_word' id='word_1_635' title='bbox 2468 3756 2663 3822; x_wconf 83' lang='lat' dir='ltr'><strong>rebus</strong></span> <span class='ocrx_word' id='word_1_636' title='bbox 2707 3758 2908 3840; x_wconf 87' lang='lat' dir='ltr'><strong>gestis</strong></span> <span class='ocrx_word' id='word_1_637' title='bbox 2950 3759 3341 3822; x_wconf 87' lang='lat' dir='ltr'><strong>assumebat.</strong></span> <span class='ocrx_word' id='word_1_638' title='bbox 3435 3758 3715 3824; x_wconf 84' lang='lat' dir='ltr'><strong>Ovidius</strong></span> <span class='ocrx_word' id='word_1_639' title='bbox 3758 3759 4110 3823; x_wconf 85' lang='lat' dir='ltr'><strong>Fastorum</strong></span> <span class='ocrx_word' id='word_1_640' title='bbox 4154 3759 4235 3823; x_wconf 89' lang='lat'><strong>1.:</strong></span> 
     </span>
    </p>
   </div>
   <div class='ocr_carea' id='block_1_14' title="bbox 2624 3859 4000 4135">
    <p class='ocr_par' dir='ltr' id='par_1_22' title="bbox 2624 3859 4000 4135">
     <span class='ocr_line' id='line_1_95' title="bbox 2625 3859 4000 3928; baseline -0.001 -14"><span class='ocrx_word' id='word_1_641' title='bbox 2625 3859 2735 3914; x_wconf 85' lang='lat' dir='ltr'><strong>Res</strong></span> <span class='ocrx_word' id='word_1_642' title='bbox 2776 3861 2855 3913; x_wconf 92' lang='lat' dir='ltr'><strong>ice</strong></span> <span class='ocrx_word' id='word_1_643' title='bbox 2893 3859 3184 3926; x_wconf 86' lang='lat' dir='ltr'><strong>dispositas</strong></span> <span class='ocrx_word' id='word_1_644' title='bbox 3220 3876 3485 3928; x_wconf 75' lang='lat' dir='ltr'><strong>generosa</strong></span> <span class='ocrx_word' id='word_1_645' title='bbox 3520 3877 3620 3928; x_wconf 88' lang='lat' dir='ltr'><strong>per</strong></span> <span class='ocrx_word' id='word_1_646' title='bbox 3658 3863 3795 3915; x_wconf 84' lang='lat' dir='ltr'><strong>atria</strong></span> <span class='ocrx_word' id='word_1_647' title='bbox 3831 3877 4000 3926; x_wconf 85' lang='lat' dir='ltr'><strong>ceras,</strong></span> 
     </span>
     <span class='ocr_line' id='line_1_96' title="bbox 2803 3929 3844 3995; baseline 0.002 -15"><span class='ocrx_word' id='word_1_648' title='bbox 2803 3930 3075 3995; x_wconf 83' lang='lat' dir='ltr'><strong>ntigerant</strong></span> <span class='ocrx_word' id='word_1_649' title='bbox 3107 3929 3238 3982; x_wconf 86' lang='lat' dir='ltr'><strong>nulli</strong></span> <span class='ocrx_word' id='word_1_650' title='bbox 3274 3931 3490 3983; x_wconf 88' lang='lat' dir='ltr'><strong>nomina</strong></span> <span class='ocrx_word' id='word_1_651' title='bbox 3524 3938 3677 3983; x_wconf 85' lang='lat' dir='ltr'><strong>tanta</strong></span> <span class='ocrx_word' id='word_1_652' title='bbox 3711 3932 3844 3983; x_wconf 81' lang='lat' dir='ltr'><strong>viro.</strong></span> 
     </span>
     <span class='ocr_line' id='line_1_97' title="bbox 2624 3997 3969 4063; baseline 0 -13"><span class='ocrx_word' id='word_1_653' title='bbox 2624 3997 2810 4051; x_wconf 76' lang='lat' dir='ltr'><strong>Africa</strong></span> <span class='ocrx_word' id='word_1_654' title='bbox 2845 3999 3102 4050; x_wconf 83' lang='lat' dir='ltr'><strong>victorem</strong></span> <span class='ocrx_word' id='word_1_655' title='bbox 3140 3998 3205 4051; x_wconf 90' lang='lat' dir='ltr'><strong>de</strong></span> <span class='ocrx_word' id='word_1_656' title='bbox 3244 4015 3301 4051; x_wconf 84' lang='lat' dir='ltr'><strong>se</strong></span> <span class='ocrx_word' id='word_1_657' title='bbox 3339 4007 3514 4063; x_wconf 86' lang='lat' dir='ltr'><strong>vocat,</strong></span> <span class='ocrx_word' id='word_1_658' title='bbox 3553 3998 3692 4052; x_wconf 86' lang='lat' dir='ltr'><strong>alter</strong></span> <span class='ocrx_word' id='word_1_659' title='bbox 3727 3998 3969 4052; x_wconf 87' lang='lat' dir='ltr'><strong>Isaurum</strong></span> 
     </span>
     <span class='ocr_line' id='line_1_98' title="bbox 2728 4066 3902 4135; baseline -0.001 -17"><span class='ocrx_word' id='word_1_660' title='bbox 2728 4069 2838 4119; x_wconf 82' lang='lat' dir='ltr'><strong>Aut</strong></span> <span class='ocrx_word' id='word_1_661' title='bbox 2873 4066 3090 4119; x_wconf 87' lang='lat' dir='ltr'><strong>Cretum</strong></span> <span class='ocrx_word' id='word_1_662' title='bbox 3128 4067 3357 4120; x_wconf 86' lang='lat' dir='ltr'><strong>domitas</strong></span> <span class='ocrx_word' id='word_1_663' title='bbox 3393 4066 3716 4121; x_wconf 80' lang='lat' dir='ltr'><strong>testificatur</strong></span> <span class='ocrx_word' id='word_1_664' title='bbox 3753 4083 3902 4135; x_wconf 85' lang='lat' dir='ltr'><strong>opes.</strong></span> 
     </span>
    </p>
   </div>
   <div class='ocr_carea' id='block_1_15' title="bbox 2383 4151 4332 4409">
    <p class='ocr_par' dir='ltr' id='par_1_23' title="bbox 2383 4151 4332 4409">
     <span class='ocr_line' id='line_1_99' title="bbox 2383 4151 4332 4237; baseline -0.001 -19"><span class='ocrx_word' id='word_1_665' title='bbox 2383 4152 2536 4234; x_wconf 78' lang='lat' dir='ltr'><strong>Qua</strong></span> <span class='ocrx_word' id='word_1_666' title='bbox 2577 4154 2831 4216; x_wconf 89' lang='lat' dir='ltr'><strong>ratione</strong></span> <span class='ocrx_word' id='word_1_667' title='bbox 2875 4151 3074 4216; x_wconf 87' lang='lat' dir='ltr'><strong>etiam</strong></span> <span class='ocrx_word' id='word_1_668' title='bbox 3112 4172 3231 4233; x_wconf 88' lang='lat' dir='ltr'><strong>pro</strong></span> <span class='ocrx_word' id='word_1_669' title='bbox 3267 4152 3514 4217; x_wconf 77' lang='lat' dir='ltr'><strong>familia</strong></span> <span class='ocrx_word' id='word_1_670' title='bbox 3551 4160 3617 4216; x_wconf 90' lang='lat' dir='ltr'><strong>et</strong></span> <span class='ocrx_word' id='word_1_671' title='bbox 3651 4153 4038 4235; x_wconf 88' lang='lat' dir='ltr'><strong>cognatione</strong></span> <span class='ocrx_word' id='word_1_672' title='bbox 4073 4152 4332 4237; x_wconf 88' lang='lat' dir='ltr'><strong>legitur.</strong></span> 
     </span>
     <span class='ocr_line' id='line_1_100' title="bbox 2383 4238 3123 4322; baseline -0.001 -19"><span class='ocrx_word' id='word_1_673' title='bbox 2383 4239 2722 4322; x_wconf 86' lang='lat' dir='ltr'><strong>Vergilius</strong></span> <span class='ocrx_word' id='word_1_674' title='bbox 2764 4238 2931 4303; x_wconf 89' lang='lat' dir='ltr'><strong>libro</strong></span> <span class='ocrx_word' id='word_1_675' title='bbox 2973 4238 3123 4302; x_wconf 87' lang='lat' dir='ltr'><strong>VI.:</strong></span> 
     </span>
     <span class='ocr_line' id='line_1_101' title="bbox 2917 4341 3820 4409; baseline 0.001 -14"><span class='ocrx_word' id='word_1_676' title='bbox 2917 4341 3281 4409; x_wconf 77' lang='lat' dir='ltr'><strong>Nosti-umque</strong></span> <span class='ocrx_word' id='word_1_677' title='bbox 3316 4343 3370 4394; x_wconf 92' lang='lat' dir='ltr'><strong>in</strong></span> <span class='ocrx_word' id='word_1_678' title='bbox 3404 4356 3597 4394; x_wconf 91' lang='lat' dir='ltr'><strong>nomen</strong></span> <span class='ocrx_word' id='word_1_679' title='bbox 3634 4341 3820 4396; x_wconf 83' lang='lat' dir='ltr'><strong>ituras.</strong></span> 
     </span>
    </p>
   </div>
   <div class='ocr_carea' id='block_1_16' title="bbox 2380 4425 4335 5461">
    <p class='ocr_par' dir='ltr' id='par_1_24' title="bbox 2380 4425 4333 4596">
     <span class='ocr_line' id='line_1_102' title="bbox 2380 4425 4333 4511; baseline 0.001 -19"><span class='ocrx_word' id='word_1_680' title='bbox 2380 4428 2475 4492; x_wconf 88' lang='lat' dir='ltr'><strong>Et</strong></span> <span class='ocrx_word' id='word_1_681' title='bbox 2515 4427 3012 4492; x_wconf 86' lang='lat' dir='ltr'><strong>iurisconsultus</strong></span> <span class='ocrx_word' id='word_1_682' title='bbox 3048 4428 3205 4492; x_wconf 88' lang='lat' dir='ltr'><strong>dicit</strong></span> <span class='ocrx_word' id='word_1_683' title='bbox 3235 4425 3510 4491; x_wconf 85' lang='lat' dir='ltr'><strong>fundum</strong></span> <span class='ocrx_word' id='word_1_684' title='bbox 3548 4426 3752 4511; x_wconf 83' lang='lat' dir='ltr'><strong>legari</strong></span> <span class='ocrx_word' id='word_1_685' title='bbox 3788 4426 3911 4493; x_wconf 90' lang='lat' dir='ltr'><strong>sub</strong></span> <span class='ocrx_word' id='word_1_686' title='bbox 3944 4428 4333 4509; x_wconf 78' lang='lat' dir='ltr'><strong>conditione,</strong></span> 
     </span>
     <span class='ocr_line' id='line_1_103' title="bbox 2385 4514 3316 4596; baseline -0.002 -18"><span class='ocrx_word' id='word_1_687' title='bbox 2385 4523 2457 4578; x_wconf 91' lang='lat' dir='ltr'><strong>ut</strong></span> <span class='ocrx_word' id='word_1_688' title='bbox 2500 4514 2572 4577; x_wconf 92' lang='lat' dir='ltr'><strong>in</strong></span> <span class='ocrx_word' id='word_1_689' title='bbox 2613 4516 2878 4578; x_wconf 90' lang='lat' dir='ltr'><strong>nomine</strong></span> <span class='ocrx_word' id='word_1_690' title='bbox 2924 4522 3316 4596; x_wconf 89' lang='lat' dir='ltr'><strong>permaneat.</strong></span> 
     </span>
    </p>

    <p class='ocr_par' dir='ltr' id='par_1_25' title="bbox 2384 4597 4335 5461">
     <span class='ocr_line' id='line_1_104' title="bbox 2562 4597 4326 4700; baseline 0.003 -38"><span class='ocrx_word' id='word_1_691' title='bbox 2562 4597 2685 4664; x_wconf 81' lang='lat' dir='ltr'><strong>Sed</strong></span> <span class='ocrx_word' id='word_1_692' title='bbox 2737 4601 2849 4681; x_wconf 78' lang='lat' dir='ltr'><strong>qui</strong></span> <span class='ocrx_word' id='word_1_693' title='bbox 2895 4599 3276 4682; x_wconf 71' lang='lat' dir='ltr'><strong>imaqinibus</strong></span> <span class='ocrx_word' id='word_1_694' title='bbox 3319 4601 3456 4663; x_wconf 80' lang='lat' dir='ltr'><strong>suis</strong></span> <span class='ocrx_word' id='word_1_695' title='bbox 3506 4600 3707 4664; x_wconf 81' lang='lat' dir='ltr'><strong>decori</strong></span> <span class='ocrx_word' id='word_1_696' title='bbox 3761 4598 3933 4687; x_wconf 77' lang='lat' dir='ltr'><strong>sunt]</strong></span> <span class='ocrx_word' id='word_1_697' title='bbox 3992 4602 4326 4700; x_wconf 79' lang='lat' dir='ltr'><strong>Exegesis.</strong></span> 
     </span>
     <span class='ocr_line' id='line_1_105' title="bbox 2386 4684 4335 4769; baseline 0.003 -21"><span class='ocrx_word' id='word_1_698' title='bbox 2386 4684 2521 4766; x_wconf 81' lang='lat' dir='ltr'><strong>Qui</strong></span> <span class='ocrx_word' id='word_1_699' title='bbox 2567 4686 2744 4749; x_wconf 90' lang='lat' dir='ltr'><strong>enim</strong></span> <span class='ocrx_word' id='word_1_700' title='bbox 2800 4686 3194 4769; x_wconf 85' lang='lat' dir='ltr'><strong>imaginibus</strong></span> <span class='ocrx_word' id='word_1_701' title='bbox 3253 4686 3388 4750; x_wconf 91' lang='lat' dir='ltr'><strong>suis</strong></span> <span class='ocrx_word' id='word_1_702' title='bbox 3433 4685 3650 4751; x_wconf 89' lang='lat' dir='ltr'><strong>decori</strong></span> <span class='ocrx_word' id='word_1_703' title='bbox 3693 4695 3876 4766; x_wconf 91' lang='lat' dir='ltr'><strong>sunt,</strong></span> <span class='ocrx_word' id='word_1_704' title='bbox 3933 4708 4065 4750; x_wconf 92' lang='lat' dir='ltr'><strong>non</strong></span> <span class='ocrx_word' id='word_1_705' title='bbox 4108 4687 4335 4753; x_wconf 90' lang='lat' dir='ltr'><strong>inania</strong></span> 
     </span>
     <span class='ocr_line' id='line_1_106' title="bbox 2386 4772 4331 4856; baseline 0.002 -21"><span class='ocrx_word' id='word_1_706' title='bbox 2386 4773 2657 4835; x_wconf 84' lang='lat' dir='ltr'><strong>nomina</strong></span> <span class='ocrx_word' id='word_1_707' title='bbox 2709 4772 3118 4853; x_wconf 88' lang='lat' dir='ltr'><strong>praeferunt,</strong></span> <span class='ocrx_word' id='word_1_708' title='bbox 3177 4772 3290 4853; x_wconf 93' lang='lat' dir='ltr'><strong>qui</strong></span> <span class='ocrx_word' id='word_1_709' title='bbox 3343 4773 3664 4837; x_wconf 89' lang='lat' dir='ltr'><strong>maiorum</strong></span> <span class='ocrx_word' id='word_1_710' title='bbox 3719 4773 3955 4856; x_wconf 87' lang='lat' dir='ltr'><strong>gloria,</strong></span> <span class='ocrx_word' id='word_1_711' title='bbox 4015 4794 4147 4837; x_wconf 91' lang='lat' dir='ltr'><strong>non</strong></span> <span class='ocrx_word' id='word_1_712' title='bbox 4192 4773 4331 4839; x_wconf 90' lang='lat' dir='ltr'><strong>suis</strong></span> 
     </span>
     <span class='ocr_line' id='line_1_107' title="bbox 2385 4857 4333 4941; baseline 0.002 -20"><span class='ocrx_word' id='word_1_713' title='bbox 2385 4858 2582 4923; x_wconf 91' lang='lat' dir='ltr'><strong>rebus</strong></span> <span class='ocrx_word' id='word_1_714' title='bbox 2638 4857 2839 4939; x_wconf 90' lang='lat' dir='ltr'><strong>gestis</strong></span> <span class='ocrx_word' id='word_1_715' title='bbox 2903 4865 3297 4941; x_wconf 85' lang='lat' dir='ltr'><strong>turgescunt</strong></span> <span class='ocrx_word' id='word_1_716' title='bbox 3349 4867 3541 4941; x_wconf 89' lang='lat' dir='ltr'><strong>atque</strong></span> <span class='ocrx_word' id='word_1_717' title='bbox 3605 4859 3959 4936; x_wconf 89' lang='lat' dir='ltr'><strong>inflantur,</strong></span> <span class='ocrx_word' id='word_1_718' title='bbox 4026 4858 4333 4924; x_wconf 87' lang='lat' dir='ltr'><strong>dicuntur</strong></span> 
     </span>
     <span class='ocr_line' id='line_1_108' title="bbox 2385 4943 4331 5027; baseline 0.002 -21"><span class='ocrx_word' id='word_1_719' title='bbox 2385 4944 2610 5007; x_wconf 88' lang='lat' dir='ltr'><strong>inania</strong></span> <span class='ocrx_word' id='word_1_720' title='bbox 2672 4943 2940 5006; x_wconf 90' lang='lat' dir='ltr'><strong>nomina</strong></span> <span class='ocrx_word' id='word_1_721' title='bbox 3005 4944 3361 5026; x_wconf 85' lang='lat' dir='ltr'><strong>praeferre,</strong></span> <span class='ocrx_word' id='word_1_722' title='bbox 3431 4945 3615 5027; x_wconf 87' lang='lat' dir='ltr'><strong>quasi</strong></span> <span class='ocrx_word' id='word_1_723' title='bbox 3677 4947 3995 5008; x_wconf 88' lang='lat' dir='ltr'><strong>maiorum</strong></span> <span class='ocrx_word' id='word_1_724' title='bbox 4062 4966 4331 5010; x_wconf 90' lang='lat' dir='ltr'><strong>suorum</strong></span> 
     </span>
     <span class='ocr_line' id='line_1_109' title="bbox 2384 5028 4332 5109; baseline 0.002 -16"><span class='ocrx_word' id='word_1_725' title='bbox 2384 5028 2638 5093; x_wconf 86' lang='lat' dir='ltr'><strong>meritis</strong></span> <span class='ocrx_word' id='word_1_726' title='bbox 2682 5035 2938 5092; x_wconf 88' lang='lat' dir='ltr'><strong>tantum</strong></span> <span class='ocrx_word' id='word_1_727' title='bbox 2987 5028 3255 5094; x_wconf 81' lang='lat' dir='ltr'><strong>honoris</strong></span> <span class='ocrx_word' id='word_1_728' title='bbox 3299 5028 3587 5094; x_wconf 90' lang='lat' dir='ltr'><strong>debitum</strong></span> <span class='ocrx_word' id='word_1_729' title='bbox 3631 5033 3748 5109; x_wconf 89' lang='lat' dir='ltr'><strong>sit,</strong></span> <span class='ocrx_word' id='word_1_730' title='bbox 3804 5038 3878 5095; x_wconf 91' lang='lat' dir='ltr'><strong>ut</strong></span> <span class='ocrx_word' id='word_1_731' title='bbox 3931 5029 4332 5097; x_wconf 71' lang='lat' dir='ltr'><strong>redundaret</strong></span> 
     </span>
     <span class='ocr_line' id='line_1_110' title="bbox 2386 5114 4330 5200; baseline 0.002 -20"><span class='ocrx_word' id='word_1_732' title='bbox 2386 5114 2557 5198; x_wconf 91' lang='lat' dir='ltr'><strong>quod</strong></span> <span class='ocrx_word' id='word_1_733' title='bbox 2611 5116 2892 5197; x_wconf 89' lang='lat' dir='ltr'><strong>posteris</strong></span> <span class='ocrx_word' id='word_1_734' title='bbox 2947 5115 3327 5181; x_wconf 79' lang='lat' dir='ltr'><strong>solveretur.</strong></span> <span class='ocrx_word' id='word_1_735' title='bbox 3438 5115 3544 5181; x_wconf 91' lang='lat' dir='ltr'><strong>De</strong></span> <span class='ocrx_word' id='word_1_736' title='bbox 3599 5115 3990 5200; x_wconf 89' lang='lat' dir='ltr'><strong>imaginibus</strong></span> <span class='ocrx_word' id='word_1_737' title='bbox 4043 5116 4330 5183; x_wconf 80' lang='lat' dir='ltr'><strong>dicerem</strong></span> 
     </span>
     <span class='ocr_line' id='line_1_111' title="bbox 2385 5202 4328 5284; baseline 0.002 -19"><span class='ocrx_word' id='word_1_738' title='bbox 2385 5222 2550 5284; x_wconf 88' lang='lat' dir='ltr'><strong>quae</strong></span> <span class='ocrx_word' id='word_1_739' title='bbox 2605 5222 2782 5265; x_wconf 90' lang='lat' dir='ltr'><strong>nunc</strong></span> <span class='ocrx_word' id='word_1_740' title='bbox 2833 5202 3185 5267; x_wconf 87' lang='lat' dir='ltr'><strong>memoriae</strong></span> <span class='ocrx_word' id='word_1_741' title='bbox 3240 5209 3656 5282; x_wconf 74' lang='lat' dir='ltr'><strong>succurrunt,</strong></span> <span class='ocrx_word' id='word_1_742' title='bbox 3712 5203 3841 5267; x_wconf 89' lang='lat' dir='ltr'><strong>nisi</strong></span> <span class='ocrx_word' id='word_1_743' title='bbox 3884 5202 4105 5268; x_wconf 87' lang='lat' dir='ltr'><strong>omnia</strong></span> <span class='ocrx_word' id='word_1_744' title='bbox 4146 5205 4328 5269; x_wconf 89' lang='lat' dir='ltr'><strong>suffi-</strong></span> 
     </span>
     <span class='ocr_line' id='line_1_112' title="bbox 2386 5284 4325 5371; baseline 0.003 -19"><span class='ocrx_word' id='word_1_745' title='bbox 2386 5297 2565 5352; x_wconf 90' lang='lat' dir='ltr'><strong>ceret</strong></span> <span class='ocrx_word' id='word_1_746' title='bbox 2615 5284 2944 5352; x_wconf 87' lang='lat' dir='ltr'><strong>Budaeus.</strong></span> <span class='ocrx_word' id='word_1_747' title='bbox 3052 5287 3276 5353; x_wconf 90' lang='lat' dir='ltr'><strong>Unum</strong></span> <span class='ocrx_word' id='word_1_748' title='bbox 3333 5288 3501 5371; x_wconf 92' lang='lat' dir='ltr'><strong>quod</strong></span> <span class='ocrx_word' id='word_1_749' title='bbox 3545 5287 3656 5352; x_wconf 90' lang='lat' dir='ltr'><strong>ille</strong></span> <span class='ocrx_word' id='word_1_750' title='bbox 3701 5289 4174 5370; x_wconf 88' lang='lat' dir='ltr'><strong>praetermisit,</strong></span> <span class='ocrx_word' id='word_1_751' title='bbox 4217 5290 4325 5357; x_wconf 83' lang='lat' dir='ltr'><strong>hio</strong></span> 
     </span>
     <span class='ocr_line' id='line_1_113' title="bbox 2384 5374 4322 5461; baseline 0.002 -24"><span class='ocrx_word' id='word_1_752' title='bbox 2384 5375 2704 5450; x_wconf 86' lang='lat' dir='ltr'><strong>inseram,</strong></span> <span class='ocrx_word' id='word_1_753' title='bbox 2763 5393 2966 5455; x_wconf 89' lang='lat' dir='ltr'><strong>quum</strong></span> <span class='ocrx_word' id='word_1_754' title='bbox 3009 5376 3298 5439; x_wconf 88' lang='lat' dir='ltr'><strong>maxime</strong></span> <span class='ocrx_word' id='word_1_755' title='bbox 3342 5374 3424 5439; x_wconf 89' lang='lat' dir='ltr'><strong>ad</strong></span> <span class='ocrx_word' id='word_1_756' title='bbox 3469 5394 3611 5438; x_wconf 89' lang='lat' dir='ltr'><strong>rem</strong></span> <span class='ocrx_word' id='word_1_757' title='bbox 3653 5374 3880 5439; x_wconf 84' lang='lat' dir='ltr'><strong>faciat:</strong></span> <span class='ocrx_word' id='word_1_758' title='bbox 3935 5375 4052 5441; x_wconf 89' lang='lat' dir='ltr'><strong>Ius</strong></span> <span class='ocrx_word' id='word_1_759' title='bbox 4093 5377 4322 5461; x_wconf 85' lang='lat' dir='ltr'><strong>imagi-</strong></span> 
     </span>
    </p>
   </div>
  </div>
 </body>
</html>
