5100 6061
348 427 428 488 93
1754 424 2044 491 LIBER
2085 427 2139 491 I.
2230 426 2532 495 CAPUT
2577 430 2700 495 XI.
2769 431 2928 496 XII.
3047 482 3057 507 ,
4261 438 4342 498 94

346 610 834 678 admiscuerant
874 614 1107 678 Mario.
1174 614 1418 679 Postea
1461 612 1652 699 Sylla
1697 636 1735 680 a
1778 613 2059 698 quodam
2104 636 2294 680 sena-

344 708 486 762 tore
532 702 831 782 rogatus,
886 708 961 763 ut
1003 699 1367 764 declararet
1414 722 1575 783 quos
1620 708 1793 766 esset
1835 703 2057 784 poenis
2100 702 2294 766 affee-

343 791 557 863 turus,
604 807 687 849 ne
721 793 820 849 tot
850 786 1273 850 immerentes
1319 786 1793 871 iugularentur,
1829 796 1981 852 ,octo
2033 787 2170 851 ‘nta
2205 787 2294 851 ci-

343 891 460 935 ves
494 871 895 953 proscripsit.
964 871 1043 935 Id
1080 893 1272 955 aegre
1307 872 1556 937 ferente
1591 881 1843 951 senatu,
1891 808 2141 937 addidit
2174 872 2294 937 du-

344 965 572 1023 centos
617 978 692 1021 ac
737 958 989 1042 viginti.
1059 958 1279 1022 Tertio
1324 959 1516 1023 etiam
1557 980 1691 1023 non
1735 959 2071 1040 pauciores
2117 958 2293 1024 adie-

344 1042 447 1109 cit.
542 1040 762 1125 Super
814 1044 936 1108 hoc
992 1044 1062 1107 in
1116 1045 1421 1109 concione
1476 1066 1544 1108 se
1600 1045 2051 1127 proscripsisse
2108 1045 2291 1124 dixit,

344 1129 455 1211 qui
499 1137 660 1194 tunc
710 1131 1061 1195 memoriae
1116 1130 1620 1195 succurrissent:
1679 1129 1840 1195 alios
1894 1132 2293 1213 proscriptu-

341 1236 522 1293 rum,
582 1216 693 1297 qui
748 1215 1075 1293 oblivione
1130 1226 1350 1280 essent
1390 1217 1742 1297 praeteriti.
1834 1215 1907 1281 Si
1955 1219 2100 1299 quis
2144 1238 2292 1300 pro-

342 1301 660 1382 scriptum
712 1303 1096 1385 recepisset,
1153 1301 1381 1384 opibus
1425 1301 1812 1379 adiuvisset,
1867 1312 2078 1367 morte
2132 1303 2293 1367 libe-

339 1394 572 1463 rasset,
619 1398 895 1452 mortem
939 1387 1221 1471 irrogari
1255 1388 1600 1470 praecepit,
1647 1397 1722 1451 ut
1756 1388 2018 1471 pietatis
2052 1410 2293 1471 poenas

339 1472 571 1537 lueret.
643 1473 794 1537 Non
839 1474 1127 1552 fratrem,
1173 1496 1302 1538 non
1346 1473 1573 1551 filium,
1620 1496 1750 1538 non
1796 1483 2132 1556 parentem
2178 1496 2291 1538 ex-

341 1559 529 1640 cepit.
621 1559 852 1643 Neque
898 1560 1167 1624 deorum
1214 1559 1474 1642 templa,
1521 1580 1734 1642 neque
1779 1560 2132 1642 hospitales
2180 1582 2292 1642 pe-

339 1650 548 1722 nate8‚
608 1666 727 1710 nee
783 1654 1097 1727 paternas
1155 1645 1379 1710 domos
1438 1667 1475 1709 a
1529 1645 1835 1710 caedibus
1893 1668 2092 1728 puras
2150 1667 2290 1711 esse

340 1729 569 1794 voluit.
662 1731 798 1795 Nec
842 1732 1093 1796 Romae
1138 1731 1378 1809 solum,
1440 1729 1555 1796 sed
1598 1731 1667 1795 in
1713 1731 2015 1796 omnibus
2056 1731 2291 1797 Italiae

340 1816 596 1899 oppidis
642 1817 1144 1899 proscriptiones
1190 1817 1498 1881 exercuit.
1564 1818 1922 1882 Praeneste
1958 1819 2124 1882 illati
2158 1819 2290 1901 pri—

340 1923 521 1966 mum
552 1902 798 1967 viritim
835 1903 1185 1979 cruciatus,
1224 1902 1561 1968 iudiciario
1592 1924 1790 1967 more.
1838 1903 2099 1968 Deinde
2132 1903 2290 1968 duo-

343 1987 554 2053 decim
598 1988 809 2073 millia
852 1987 1199 2054 trucidata:
1257 1988 1375 2053 soli
1421 1987 1647 2073 Syllae
1702 1988 1945 2072 hospiti
1989 2011 2291 2055 concessa

340 2075 768 2157 impunitate:
814 2096 1009 2158 quam
1054 2085 1273 2161 tamen
1309 2076 1567 2139 fortiter
1600 2074 1847 2152 abnuit,
1888 2075 2292 2159 respondens

341 2160 596 2224 nullam
634 2181 703 2225 se
748 2161 989 2225 habere
1034 2160 1265 2226 salutis
1308 2161 1605 2245 gratiam,
1652 2162 1710 2226 si
1753 2162 2131 2225 exstinctori
2174 2183 2289 2243 pa-

340 2247 504 2310 triae
550 2247 1069 2328 permisceretur.
1135 2246 1323 2311 Mille
1362 2246 1490 2310 alia
1531 2245 1600 2310 id
1637 2268 1848 2330 genus
1892 2247 2070 2330 leges
2114 2247 2291 2330 apud

341 2332 724 2416 Appianum
769 2341 834 2397 et
876 2333 1328 2398 Plutarchum.

510 2418 917 2484 Descenderit
972 2419 1111 2483 lieet
1154 2440 1185 2482 e
1229 2420 1537 2482 dictatura
1579 2415 1727 2504 sua]
1792 2416 2016 2498 Quum
2070 2418 2161 2482 ita
2217 2442 2287 2485 se

338 2506 409 2568 in
432 2505 771 2587 republica
804 2513 1079 2588 gereret,
1116 2502 1507 2569 dictaturam
1533 2505 1903 2586 assumpsit,
1940 2505 2287 2588 magistra-

339 2599 480 2654 tum
528 2591 773 2656 seilicet
812 2591 1051 2674 populo
1096 2612 1375 2654 romano
1410 2602 1602 2655 antea
1642 2591 1983 2669 usitatum,
2041 2591 2142 2654 cui
2190 2599 2287 2655 ta-

337 2697 493 2741 men
539 2698 764 2741 rerum
809 2698 1066 2741 summa
1118 2678 1624 2759 permitteretur.
1716 2676 1955 2741 Libere
2000 2676 2175 2740 enim
2218 2678 2289 2740 in

335 2763 555 2845 capita
595 2764 839 2828 civium
875 2762 1224 2828 dictatores
1260 2762 1884 2841 animadvertebant,
1930 2784 2063 2826 non
2101 2783 2289 2844 pare-

338 2850 501 2914 bant
560 2849 981 2915 tribunorum
1036 2848 1640 2926 intercessionibus,
1699 2859 1764 2912 et
1820 2869 2031 2930 paene
2088 2871 2166 2913 su
2214 2852 2305 2913 ra'

336 2934 521 3020 leges
579 2944 797 3013 erant,
859 2956 990 2998 non
1047 2956 1231 3000 secus
1277 2958 1350 3000 ac
1395 2935 1574 3018 regia
1628 2942 1946 3016 potestate
1991 2956 2147 3018 prae
2200 2936 2285 2999 ‘ti.

342 3021 793 3102 Quamobrem
848 3030 1112 3087 cautum
1172 3036 1340 3100 erat,
1401 3030 1475 3086 ut
1528 3044 1598 3085 se
1655 3019 2032 3086 abdicarent
2083 3018 2289 3105 magi-

342 3119 553 3174 stratu
604 3117 790 3173 sexto
833 3129 1077 3185 mense,
1124 3130 1205 3171 ex
1251 3129 1377 3189 quo
1423 3107 1640 3189 adepti
1681 3117 1931 3185 essent,
1977 3130 2061 3172 ne
2105 3129 2290 3191 mag-

341 3218 499 3259 num
537 3193 902 3276 imperium,
946 3193 1115 3276 quod
1150 3193 1589 3276 periculosum
1612 3192 1919 3270 creditur,
1956 3195 2126 3258 foret
2146 3194 2289 3259 diu-

341 3294 637 3345 turnum.
708 3278 895 3365 Sylla
920 3301 1072 3344 vero
1118 3281 1183 3343 in
1232 3301 1439 3344 annos
1484 3287 1749 3344 centum
1793 3286 1861 3342 et
1881 3280 2122 3364 viginti
2168 3279 2292 3344 sibi

342 3358 722 3448 desumpsit.
783 3365 988 3431 Cuius
1012 3365 1387 3448 exemplum
1422 3374 1739 3447 sequutus
1771 3372 1872 3429 est
1894 3365 2102 3431 Iulius
2125 3364 2290 3430 Cae-

339 3474 464 3518 sar.
512 3452 770 3516 Verum
799 3451 907 3517 hic
938 3452 1137 3516 semel
1167 3459 1496 3533 acceptam
1532 3457 1916 3533 potestatem
1954 3473 2291 3533 nunquam

340 3539 607 3615 dimisit,
653 3538 766 3602 ille
809 3558 967 3603 vero
1012 3537 1136 3603 sibi
1178 3537 1517 3620 abrogavit
1560 3538 1627 3600 in
1667 3552 1851 3601 coetu
1885 3537 2129 3638 populi,
2176 3558 2290 3600 au·-

340 3648 450 3691 sus
496 3646 569 3689 se
613 3644 940 3707 exponere
975 3626 1294 3688 rationem
1341 3631 1563 3706 gestae
1606 3621 1965 3687 dictaturae
2000 3621 2290 3687 redditu—

340 3733 506 3788 rum,
547 3713 603 3775 si
639 3712 784 3793 quis
820 3709 1199 3793 inquireret.
1260 3708 1417 3773 Ideo
1455 3707 1797 3774 cavillatus
1831 3705 1899 3772 in
1936 3730 2087 3774 eum
2123 3708 2290 3774 Cae-

340 3819 463 3876 sar,
513 3796 683 3861 dixit
717 3797 999 3862 nescisse
1032 3796 1278 3872 literas,
1324 3794 1436 3877 qui
1469 3794 1862 3859 dictaturam
1897 3793 2288 3877 deposuerit.

338 3885 431 3949 Et
451 3883 751 3948 rhetores
782 3883 958 3947 inter
978 3879 1383 3948 declamandi
1418 3880 1938 3958 exercitationes,
1972 3880 2290 3946 delibera-

340 3972 585 4035 tionem
622 3967 848 4053 Syllae
894 3968 1232 4051 agitabant
1276 3965 1667 4032 dictaturam
1709 3965 1783 4030 in
1826 3967 2132 4032 concione
2177 3964 2287 4031 de-

336 4056 671 4139 ponentis:
720 4063 794 4120 ut
838 4055 932 4118 ait
968 4052 1420 4134 Quintilianus
1464 4051 1628 4116 libro
1664 4050 1858 4116 VIII.
1939 4051 2086 4133 Quo
2123 4051 2287 4118 allu-

337 4145 427 4209 sit
466 4140 806 4207 Iuvenalis
849 4138 1093 4222 Satyra
1137 4138 1377 4222 prima:

1453 4249 1528 4302 Et
1560 4266 1662 4303 nos

563 4322 856 4376 Consilium
893 4320 1133 4374 dedimus
1169 4318 1367 4387 Syllae,
1403 4319 1645 4387 privatus
1683 4326 1742 4372 ut
1775 4319 1943 4372 altum

561 4391 849 4445 Dormiret.

338 4485 564 4568 Quum
623 4485 705 4550 ad
762 4484 940 4550 hunc
996 4482 1265 4547 modum
1317 4487 1463 4561 [pag.
1501 4487 1609 4561 85]
1666 4479 2088 4546 abuterentur
2144 4482 2328 4546 eius.

333 4572 679 4656 potestatis
704 4570 995 4648 licentia,
1042 4571 1150 4653 qui
1196 4569 1542 4653 imperium
1588 4568 1998 4646 affectabant,
2044 4588 2285 4632 nomen

334 4657 903 4724 senatusconsulto
948 4657 1335 4739 abrogatum
1385 4666 1486 4720 est
1527 4655 1595 4718 in
1639 4663 2027 4735 perpetuum
2071 4655 2282 4718 Anto-

331 4747 441 4810 nio
496 4743 784 4810 consule.
874 4741 1061 4823 Quae
1121 4761 1315 4806 causa
1362 4742 1485 4805 fuit
1539 4749 1615 4804 ut
1666 4747 1890 4822 postea
1944 4739 2284 4821 Augustus

331 4852 581 4915 magna
604 4831 671 4895 vi
694 4828 1006 4893 offerente
1034 4827 1292 4911 popule,
1330 4848 1503 4912 genu
1524 4826 1741 4904 nixae,
1779 4824 2031 4889 deiecta
2054 4825 2135 4888 ab
2160 4825 2282 4889 hu-

331 4917 535 4982 meris
565 4926 739 5000 toga,
782 4915 957 4979 nudo
991 4923 1269 4997 pectore,
1317 4934 1460 4977 eam
1492 4912 1875 4994 deprecatus
1907 4910 2010 4975 sit.
2059 4909 2283 4974 Verba

331 5002 540 5086 igitur
594 5000 885 5067 Senecae
940 5000 1115 5065 hunc
1171 4999 1416 5063 habent
1467 5019 1764 5075 sensum,
1820 4997 1973 5062 lieet
2026 5004 2283 5078 praeter

330 5109 585 5153 morem
627 5098 1063 5172 tyrannorum
1108 5083 1457 5167 aliquando
1505 5083 1854 5169 tyrannide
1912 5081 2280 5161 excesserit,

330 5183 403 5240 et
434 5176 504 5240 in
540 5171 943 5258 privatorum
987 5170 1282 5237 ordinem
1319 5192 1390 5235 se
1430 5170 1882 5251 composuerit,
1929 5167 2149 5233 nullus
2186 5176 2282 5231 ta-

331 5283 486 5326 men
528 5268 857 5345 tyrannus
902 5259 1099 5324 etiam
1144 5256 1257 5340 qui
1296 5255 1378 5321 ad
1424 5263 1699 5319 mortem
1742 5254 2279 5337 perseveraverit,

335 5346 588 5411 avidior
630 5346 757 5410 fuit
797 5343 1147 5409 hauriendi
1190 5341 1547 5427 sanguinis.

2570 617 2659 682 Et
2698 640 2764 683 se
2796 624 2966 702 toyae
3008 617 3375 705 reddiderit]
3418 618 3670 684 Eadem
3713 619 4089 702 loquutione
4132 621 4345 687 utitur

2395 702 2712 768 Lucanu's
2739 702 2861 769 lib.
2911 703 3065 769 VII.
3112 706 3179 768 in
3223 726 3501 787 persona
3544 704 3875 771 Caesaris:

2620 804 2745 925 {pse
2783 822 2883 886 ego
2912 808 3155 874 privatae
3195 807 3418 887 cupidus
3453 824 3538 861 me
3574 808 3801 863 reddere
3837 788 3997 877 vitae,

2667 874 2944 942 lebeiaque
2981 884 3108 943 toga
3146 875 3408 929 modicum
3445 892 3767 945 componere
3804 878 3988 932 civem.

2397 957 2492 1023 Ut
2523 979 2644 1041 per
2665 968 2884 1043 togam
2917 961 3321 1043 significetur
3342 961 3638 1044 privatus
3658 961 3945 1028 habitus:
3980 964 4130 1046 quia
4152 986 4341 1048 prae-

2397 1053 2581 1108 texta
2621 1045 2878 1127 insigne
2920 1058 3061 1110 erat
3102 1047 3621 1131 magistratuum.
3711 1049 4084 1115 Paedianus
4127 1050 4200 1114 in
4244 1050 4339 1115 di-

2397 1131 2830 1195 vinationem:
2878 1131 3059 1213 Toga
3094 1133 3458 1196 communis
3493 1133 3758 1199 habitus
3792 1136 4076 1201 marium
4111 1144 4176 1200 et
4208 1137 4340 1201 foe-

2396 1216 2746 1294 minarum,
2792 1214 2905 1280 sed
2950 1225 3288 1297 praetexta
3329 1217 3771 1297 honestorum,
3816 1229 3972 1304 toga
4013 1222 4337 1288 viliorum.

2397 1299 2590 1381 Quod
2627 1308 2845 1365 tamen
2890 1323 3020 1365 non
3063 1303 3221 1367 satis
3266 1312 3379 1367 est.
3447 1304 3618 1367 Nam
3664 1303 3855 1402 Sylla
3895 1316 4042 1389 post
4085 1307 4165 1371 de
4213 1309 4339 1373 osi-

2394 1394 2530 1450 tam
2557 1386 2948 1452 dictaturam
2973 1389 3365 1452 senatoriam
3388 1387 3766 1471 dignitatem
3790 1392 4132 1457 retinebat.
4231 1394 4339 1458 uid

2396 1472 2704 1550 sentiam,
2762 1472 3049 1538 breviter
3105 1474 3547 1558 perstringere
3589 1477 3804 1542 visum
3861 1486 3976 1541 est.
4067 1478 4149 1541 In
4207 1481 4337 1561 pri-

2393 1558 2521 1623 mis
2557 1558 2947 1640 praetextati
2995 1568 3184 1624 erant
3229 1560 3674 1643 magistratus,
3717 1569 3791 1626 ut
3827 1562 4068 1628 dictum
4108 1574 4224 1643 est,
4273 1570 4340 1629 et

2395 1643 2683 1708 ostendit
2702 1645 2963 1709 Plinius
2988 1645 3059 1708 in
3080 1645 3510 1729 Panegyrico,
3574 1647 3872 1725 Gestum,
3910 1649 4144 1732 inquit,
4183 1671 4336 1714 con-

2395 1729 2687 1794 sulatum
2729 1732 2958 1808 mirer,
3017 1751 3101 1794 an
3155 1753 3286 1794 non
3342 1732 3715 1813 receptum?
3806 1733 4050 1799 Gestus
4091 1758 4222 1800 non
4267 1738 4337 1800 in

2394 1815 2517 1880 hoe
2562 1816 2743 1880 urbis
2788 1817 2918 1881 otio
2964 1826 3032 1880 et
3072 1816 3305 1881 intimo
3351 1817 3499 1881 sinu
3543 1819 3747 1901 pacis,
3803 1819 3915 1883 sed
3959 1821 4146 1884 iuxta
4189 1822 4337 1885 bar-

2395 1901 2587 1967 baras
2622 1910 2868 1985 gentes,
2913 1911 2987 1966 ut
3020 1902 3120 1967 illi
3156 1902 3472 1980 solebant,
3517 1903 3752 1986 quibus
3795 1906 3997 1970 moris
4038 1914 4179 1970 erat
4221 1928 4337 1990 pa-

2393 1984 2773 2052 ludamento
2796 1997 3054 2053 mutare
3077 1995 3502 2071 praetextam.
3572 1990 3772 2053 Item:
3811 1988 4009 2054 Modo
4035 1998 4336 2073 praetex-

2395 2082 2497 2137 tas
2520 2083 2858 2152 exuerant,
2884 2084 3254 2139 resumant:
3294 2074 3485 2138 modo
3507 2074 3766 2140 lictores
3790 2076 3968 2140 abire
3990 2078 4337 2156 iusserant,

2395 2167 2704 2224 revocent
2746 2167 2868 2225 etc.
2943 2160 3035 2224 Et
3068 2161 3300 2225 Livius
3339 2160 3448 2225 lib.
3484 2160 3571 2225 X.
3617 2162 3848 2225 tertiae
3885 2160 4141 2227 decadis
4177 2185 4338 2228 enu-

2392 2251 2607 2308 merat
2641 2246 2926 2330 insignia
2959 2245 3524 2329 triumphantium,
3562 2253 3628 2310 et
3656 2247 4177 2330 magistratuum,
4214 2249 4337 2314 sel-

2393 2331 2491 2395 las
2537 2333 2825 2409 curules,
2874 2340 3094 2415 togam
3141 2340 3577 2415 praetextam,
3623 2334 3914 2417 tunicam
3959 2334 4337 2416 palmatam,

2395 2426 2614 2500 togam
2637 2419 2898 2499 pictam,
2934 2438 3239 2481 coronam
3263 2417 3746 2500 triumphalem,
3782 2418 4090 2484 lauream.
4157 2419 4340 2485 Non-

2395 2502 2563 2565 nulli
2607 2507 2715 2566 alii
2761 2507 2957 2567 etiam
3001 2511 3343 2586 praetexta
3378 2504 3747 2581 utebantur,
3795 2505 4172 2570 consulares
4216 2507 4340 2571 sci-

2393 2588 2547 2653 licet
2578 2590 2702 2653 viri
2740 2598 2806 2652 et
2838 2591 3163 2671 praetorii,
3203 2610 3277 2655 ac
3310 2588 3553 2653 similes
3586 2589 3793 2655 functi
3826 2589 4164 2656 honoratis
4200 2604 4339 2656 ma-

2395 2675 2797 2757 gistratibuS,
2824 2675 2931 2739 vel
2966 2677 3101 2739 suis
3137 2676 3206 2737 in
3243 2674 3716 2757 rempublicam
3751 2676 4003 2741 meritis
4040 2698 4188 2741 eum
4222 2677 4340 2742 ho-

2393 2781 2620 2824 norem
2675 2760 3073 2843 consequuti.
3166 2760 3395 2825 Cicero
3451 2781 3653 2842 quum
3709 2759 3789 2824 de
3846 2760 4175 2826 aedilitate
4220 2784 4340 2828 sua

2390 2846 2709 2928 loquitur:
2772 2844 3157 2910 Sententiae
3213 2845 3526 2911 dicendae
3580 2845 3822 2924 locum,
3881 2853 4106 2930 togam
4149 2868 4339 2929 prae-

2394 2939 2664 3010 textam,
2689 2931 2918 2996 sellam
2933 2931 3244 3010 curulem,
3267 2932 3370 2995 ius
3389 2932 3696 3014 imaginis
3715 2931 3798 2995 ad
3819 2933 4202 2997 memoriam
4268 2954 4337 2996 o-

2396 3019 2886 3100 steritatemque
2920 3015 3338 3100 prodendam.
3399 3016 3583 3081 Idem
3618 3039 3735 3100 pro
3769 3015 4073 3082 Cornelio
4095 2954 4334 3083 Balfio:

2397 3104 2527 3186 Qui
2565 3104 2956 3187 praetoriam
2994 3105 3403 3180 sententiam,
3442 3123 3517 3167 ac
3551 3111 3766 3186 togam
3802 3111 4209 3185 praetextam
4243 3104 4338 3168 le-

2397 3213 2552 3274 gum
2613 3191 2919 3273 praemiis
2975 3198 3475 3272 consequuntur.
3567 3189 3669 3253 Ne
3724 3189 3819 3253 illi
3862 3187 4121 3270 quidem
4168 3210 4336 3254 sem·-

2395 3299 2512 3360 per
2556 3285 2893 3359 praetexta
2932 3284 3086 3359 toga
3130 3275 3347 3339 induti
3390 3276 3461 3338 in
3503 3273 3837 3358 publicum
3881 3274 4335 3358 procedebant,

2396 3364 2505 3427 sed
2553 3362 2957 3428 celebrandis
3001 3361 3606 3444 supplicationibus,
3668 3367 3784 3426 aut
3826 3361 3970 3425 aliis
4014 3362 4191 3426 feriis
4235 3382 4338 3426 so-

2393 3448 2726 3526 lennibus,
2788 3457 2856 3512 et
2912 3448 3058 3513 aliis
3110 3446 3495 3531 quibusdam
3537 3447 3812 3530 publicis
3855 3448 4357 3526 festivitatibus„

2396 3534 2624 3598 Cicero
2681 3533 2964 3617 Philipp.
3023 3535 3139 3598 II.:
3209 3533 3348 3598 Gur
3399 3554 3533 3597 non
3600 3555 3826 3597 sumus
3895 3533 4333 3616 praetextati?

2396 3619 2533 3684 Cur
2585 3619 2898 3684 honorem
2943 3620 3243 3684 Caesaris
3299 3631 3412 3684 tua
3461 3619 3606 3703 lege
3651 3620 3874 3684 datum
3916 3619 4126 3684 deseri
4167 3621 4337 3703 pati-

2394 3705 2584 3769 mur?
2649 3705 2834 3769 Bene
2878 3725 3034 3790 ergo
3077 3726 3195 3787 per
3237 3713 3511 3788 togatos,
3559 3706 3853 3787 privatos
3897 3705 4192 3770 homines
4237 3707 4335 3769 in-

2395 3791 2769 3874 telligimus,
2812 3792 2949 3856 sive
2993 3799 3342 3872 senatores,
3386 3791 3524 3855 sive
3614 3791 3869 3856 lebeios.

2573 3878 2734 3940 Tam
2776 3878 2960 3941 avide
3001 3877 3366 3959 sanquinem
3408 3877 3554 3940 bibit
3646 3878 3817 3942 Usus
3875 3886 3976 3941 est
4029 3876 4337 3959 loquendi

2393 3965 2728 4045 frequens,
2786 3983 2988 4044 quum
3027 3961 3260 4026 volunt
3314 3963 3660 4043 scriptores
3704 3963 4074 4046 quempiam
4117 3963 4335 4045 expri-

2394 4069 2573 4112 mere
2618 4047 2949 4130 suppliciis
3006 4046 3432 4131 gaudentem,
3491 4059 3567 4111 ut
3610 4047 3832 4113 dicant
3874 4069 4024 4111 eum
4065 4049 4333 4132 sangui-

2394 4156 2546 4199 nem
2600 4134 2784 4198 sitire
2834 4141 2902 4198 et
2957 4134 3194 4200 bibere.
3294 4133 3582 4208 Plinius:
3636 4133 3971 4197 Volumen
4023 4134 4331 4212 evomuit,

2388 4241 2520 4302 quo
2563 4220 2749 4284 facile
2792 4220 3203 4304 intelligatur
3246 4219 3465 4285 ebrius
3512 4222 3659 4296 [pag.
3699 4224 3806 4298 86]
3846 4220 3981 4282 iam
4016 4220 4333 4368 sanguine

2393 4307 2658 4385 civium,
2706 4314 2773 4370 et
2815 4314 2998 4371 tanto
3030 4305 3242 4390 magis
3276 4327 3422 4369 eum
3461 4304 3706 4370 sitiens.
3775 4303 3967 4370 Unde
3995 4304 4113 4369 illu
4191 4325 4302 4370 car

2390 4414 2545 4456 men
2586 4394 2658 4455 in
2703 4393 3041 4457 Tiberium
3085 4395 3424 4455 iactatum:

2564 4495 2798 4550 Fastidit
2831 4497 3027 4563 vinum,
3064 4496 3188 4561 quia
3223 4494 3327 4547 iam
3363 4494 3477 4547 sitit
3509 4494 3609 4545 iste
3649 4509 3923 4547 cruorem:

2667 4565 2799 4618 Tam
2835 4565 2970 4616 bibit
3001 4563 3142 4616 hunc
3180 4562 3352 4628 avide,
3389 4575 3549 4629 quam
3583 4561 3714 4615 bibit
3747 4570 3872 4615 ante
3908 4578 4127 4617 merum.

2391 4650 2636 4715 Caesar
2678 4648 2853 4732 apud
2896 4650 3271 4713 Lucanum:

2640 4752 2726 4807 Sic
2762 4761 2818 4806 et
2853 4751 2888 4803 S
2925 4751 3126 4803 llanum
3162 4749 3323 4802 solito
3360 4749 3457 4802 tibi
3491 4750 3727 4804 lambere
3763 4751 3980 4818 ferrum,

2634 4822 2823 4887 Durat,
2920 4835 3074 4887 agne,
3112 4818 3246 4871 sitis.
3263 4818 3305 4880 ¹)
3359 4869 3386 4882 ,,

2567 4908 2689 4988 Qui
2732 4901 2955 4988 septem
2999 4903 3204 4967 millia
3247 4900 3508 4989 civium]
3565 4902 3758 4969 Hane
3811 4903 4081 4968 eandem
4127 4903 4328 4971 histo-

2524 5148 2585 5212 1)
2626 5147 2735 5199 Ed.
2761 5148 2933 5198 Amet.
2969 5144 3154 5199 habet.-
3189 5161 3383 5212 magna
3419 5145 3551 5211 sitis,
3586 5144 3684 5211 qui
3714 5142 3981 5197 &diculus
4013 5158 4168 5197 error
4203 5145 4331 5199 inde

2388 5231 2643 5270 manasse
2688 5215 2903 5268 videtur
2937 5213 3084 5282 quod
3130 5214 3467 5283 antiquiores
3511 5226 3693 5265 omnes
3736 5210 3976 5279 adeoque
4019 5212 4146 5279 ipsa
4171 5215 4330 5281 prin-

2388 5301 2636 5417 ffsseff(
2691 5283 3060 5407 ξωεέιιῖῗεπδέι
3069 5300 3137 5415 {ic
3172 5284 3224 5336 si
3255 5282 3570 5337 adverbium
3605 5271 3756 5348 esset,
3791 5294 3904 5333 non
3927 5279 4173 5350 Pompeii
4206 5299 4323 5352 coy-
