5100 6061
1608 1558 3110 1787 ‘PROLEGOMENA
3191 1786 3200 1797 ,

2139 2030 2549 2116 CAPUT
2611 2032 2680 2116 Ι.

506 2236 1504 2340 COLLECTIONES
1559 2235 2477 2334 TRAOTATUUM
2528 2235 3080 2335 CALVINI
3134 2239 4325 2342 THEOLOGIOORUM

436 2430 443 2449 ·
1791 2391 1974 2488 AN
1979 2388 2431 2488 TEHAC
2483 2390 3016 2490 EDITAE.

403 2546 791 2684 opuscula
832 2597 929 2663 Io.
977 2597 1239 2664 Oalvini
1292 2596 1659 2681 theologica
1712 2597 1852 2663 sive
1896 2598 2215 2660 tractatus
2259 2593 2475 2658 varios
2516 2592 2807 2659 minores
2848 2596 3136 2678 primum
3177 2596 3531 2679 separatim
3576 2594 3788 2663 editos
3829 2597 3964 2663 iam
4007 2599 4150 2682 ipso
4194 2606 4427 2671 autore

405 2709 760 2795 superstite
802 2716 871 2775 et
912 2716 1063 2792 post
1105 2709 1248 2774 eius
1288 2716 1568 2773 mortem
1611 2707 1837 2791 plures
1891 2704 2293 2772 coniunctim
2336 2702 2442 2770 edi
2486 2725 2819 2772 curavere.
2909 2704 3097 2788 Quae
3150 2707 3473 2773 editiones
3516 2707 3688 2773 varii
3742 2715 3901 2774 sunt
3952 2712 4218 2794 generis
4234 2763 4252 2792 ,
4309 2713 4430 2779 sed

401 2822 589 2889 nulla
631 2842 862 2888 earum
905 2820 1059 2886 talis
1098 2826 1175 2885 ut
1215 2821 1290 2885 in
1332 2840 1411 2886 ea
1453 2819 1839 2903 simpliciter
1880 2814 2251 2884 recudenda
2294 2816 2702 2899 acquiescere
2755 2818 3104 2901 possimus.
3194 2821 3416 2903 Atque
3470 2800 3580 2885 liic
3633 2839 3772 2885 non
3824 2822 4052 2905 magni
4106 2827 4427 2891 momenti

401 2955 513 3000 res
555 2940 656 2999 est
700 2932 873 3017 quod
916 2932 1025 2998 vel
1066 2932 1140 2996 in
1182 2931 1712 3015 locupletissimis
1763 2928 2077 3013 opuscula
2126 2926 2446 2993 nonnulla
2495 2925 2951 2995 desiderantur
2992 2951 3159 3014 quae
3213 2931 3491 2997 fortasse
3544 2930 3619 2996 in
3671 2931 3844 2998 hanc
3897 2933 4137 2999 seriem
4191 2936 4427 3001 referri

402 3045 813 3126 debuissent3
859 3045 1022 3112 haec
1067 3045 1245 3110 enim
1286 3043 1595 3112 facillimo
1638 3044 1898 3128 negotio
1938 3041 2212 3108 caeteris
2256 3039 2499 3106 addere
2541 3049 2936 3124 poteramus.
3001 3041 3222 3108 Multo
3255 3043 3471 3128 magis
3505 3064 3627 3109 nos
3670 3042 3946 3109 offendit
3983 3045 4174 3129 quod,
4217 3068 4427 3130 quum

400 3157 726 3226 Calvinus
769 3156 1025 3223 libellos
1070 3177 1220 3223 suos
1263 3155 1427 3222 alios
1468 3155 1676 3220 latino
1719 3174 2021 3221 sermone
2034 3204 2051 3234 ,
2098 3152 2263 3218 alios
2308 3151 2543 3236 gallico
2593 3155 3079 3238 conscripserit,
3135 3175 3363 3220 omnes
3417 3154 3570 3220 illae
3623 3154 3943 3222 editiones
3995 3179 4106 3224 eos
4158 3157 4429 3224 nonnisi

402 3270 722 3335 alterutro
766 3268 1123 3352 eodemque
1166 3269 1361 3333 unico
1406 3266 1753 3346 exhibent,
1806 3267 1899 3331 ita
1942 3264 2189 3331 scilicet
2232 3272 2310 3330 ut
2350 3265 2688 3332 versiones
2731 3265 2814 3332 ab
2856 3266 3001 3331 aliis
3043 3267 3253 3333 factae
3306 3267 3556 3349 passim
3608 3267 4000 3354 archetypis¹
4034 3268 4287 3335 mixtae
4328 3269 4427 3337 le-

400 3388 666 3466 gantur.
734 3378 924 3461 Quae
958 3401 1162 3464 quum
1194 3381 1289 3445 ita
1323 3379 1473 3459 sint,
1521 3381 1663 3444 iure
1699 3378 1945 3444 dixeris
1987 3376 2239 3442 nullam
2272 3397 2563 3460 unquam
2601 3384 3004 3445 tractatuum
3045 3376 3313 3444 illorum
3355 3377 3805 3446 collectionem
3846 3380 4223 3446 institutam
4258 3402 4425 3462 esse,

398 3513 575 3576 quae
620 3512 730 3558 eos
773 3513 845 3557 re
888 3512 1049 3560 vera
1089 3490 1174 3558 ad
1217 3513 1369 3562 suas
1412 3490 1825 3558 authenticas
1879 3490 2122 3555 formas
2173 3509 2519 3572 expressos
2571 3488 2645 3554 in
2697 3511 2905 3555 unum
2959 3511 3195 3576 corpus
3249 3489 3602 3575 redegerit.
3688 3490 3894 3557 Nobis
3937 3512 4113 3572 vero,
4159 3499 4236 3558 ut
4291 3494 4427 3559 iam

396 3603 473 3669 in
516 3604 735 3686 prima
774 3612 1003 3669 nostra
1044 3603 1447 3687 praefatione
1491 3602 2023 3687 significavimus,
2068 3600 2264 3686 plane
2309 3600 2439 3666 alia
2480 3601 2593 3667 via
2643 3601 3078 3686 ingredienda
3121 3600 3401 3683 videtur,
3447 3608 3516 3668 et
3557 3603 3907 3688 unicuique
3948 3604 4263 3687 opusculo
4304 3626 4428 3672 sua

393 3716 619 3798 prima
660 3724 727 3780 et
768 3735 927 3782 vera
966 3715 1164 3780 facies
1203 3713 1315 3780 vel
1358 3712 1682 3780 servanda
1723 3713 1832 3779 vel
1885 3712 2308 3779 restituenda.
2398 3711 2759 3778 Caeterum
2801 3713 2883 3780 de
2925 3713 3198 3780 consilio
3254 3720 3481 3780 nostro
3535 3735 3693 3780 mox
3747 3715 3940 3799 plura
3994 3715 4235 3782 dicturi
4286 3718 4426 3800 pri-

394 3846 589 3892 mum
633 3847 752 3909 pro
791 3847 972 3892 more
1017 3827 1386 3911 antiquiora
1429 3827 1555 3891 ista
1596 3831 1996 3891 tractatuum
2035 3844 2310 3908 corpora
2351 3824 2692 3909 sigillatim
2735 3824 3221 3891 recensebimus
3263 3832 3334 3891 et
3376 3827 3744 3893 accuratius
3789 3827 4245 3894 describemus.

2389 4133 2444 4199 1.

1983 4303 2310 4373 EDI'PIO
2354 4303 2830 4373 GALLASII.

712 4481 980 4547 Primus
1034 4481 1150 4565 qui
1204 4481 1284 4546 de
1336 4479 1696 4547 minoribus
1748 4477 2012 4546 Oalvini
2077 4477 2337 4562 scriptis
2400 4479 2680 4545 iunctim
2744 4477 3015 4545 edendis
3072 4479 3392 4564 cogitasse
3447 4478 3712 4545 videtur
3761 4478 3888 4545 fuit
3937 4479 4001 4545 N
4002 4479 4249 4547 icolaus
4303 4479 4419 4545 des

262 4571 271 4579 ⁶
386 4591 672 4660 Gallars
717 4592 1115 4678 (Gallasius)
1156 4593 1344 4659 verbi
1388 4591 1597 4659 divini
1639 4591 1814 4675 apud
1850 4591 2275 4658 Genevenses
2317 4591 2641 4671 minister,
2688 4591 2876 4657 cuius
2917 4611 3158 4657 nomen
3201 4591 3276 4656 in
3317 4590 3627 4656 thesauro
3669 4591 4004 4674 epistolico
4048 4591 4420 4659 calviniano

387 4703 928 4788 frequentissime
976 4712 1287 4772 occurret.
1377 4704 1470 4769 Is'
1501 4705 1634 4769 iam
1687 4724 1859 4769 anno
1902 4703 2201 4770 MDLII.
2263 4704 2420 4769 satis
2476 4703 2771 4787 amplum
2816 4703 3124 4770 volumen
3179 4702 3640 4786 opusculorum
3692 4703 3980 4788 collegae
4035 4703 4138 4769 sui
4179 4703 4251 4768 in
4291 4723 4421 4785 pu-

388 4816 649 4883 blicum
692 4815 875 4882 exire
917 4817 1110 4883 iussit
1153 4818 1342 4884 cuius
1386 4815 1620 4882 titulus
1663 4815 1772 4883 hic
1815 4823 1946 4883 est:

712 4931 1218 5018 IOANNIS
1310 4931 1590 5017 OAL-
1621 4929 1631 5046 Ι
1665 4932 1839 5016 uini
1942 4933 2353 5045 opuscula
2457 4934 2737 5017 omnia
2836 4933 2926 5014 in
3003 4929 3013 5045 Ι
3093 4962 3353 5036 vnum
3446 4921 3857 5016 volumen
3945 4929 4321 5014 collecta.
4404 4926 4415 5042 l

393 5056 651 5142 Quibus
691 5058 946 5124 accessit
985 5056 1232 5124 libellus
1274 5076 1442 5122 nunc
1472 5058 1762 5141 primum
1802 5057 2023 5137 editus,
2065 5056 2167 5122 De
2209 5062 2464 5124 aeterna
2497 5057 2628 5123 Dei
2663 5055 3094 5138 praedestina-
3118 5056 3128 5141 Ι
3153 5057 3316 5122 tione
3329 5106 3345 5137 ,
3399 5057 3712 5122 aduersus
3745 5053 4075 5119 Albertum
4115 5051 4420 5138 Piyhium

389 5168 831 5250 Campensevn,
874 5173 931 5233 et
970 5169 1308 5253 Georyium
1344 5166 1646 5234 Sioudum.
1682 5168 1695 5255 Ι
1735 5168 2041 5235 Locorum
2074 5189 2295 5236 sacrae
2333 5167 2702 5251 Scripturae
2743 5168 2816 5232 in
2857 5167 2960 5234 his
2990 5168 3308 5252 opusoeais
3342 5168 3531 5235 obiter
3564 5168 4107 5249 interpretatomm
4143 5164 4357 5233 index.
4403 5169 4416 5249 ι

384 5289 651 5359 (Insigne
684 5289 1054 5360 typographi.)
1144 5279 1611 5348 GENEVAE.
1654 5280 1665 5364 Ι
1703 5280 1904 5364 Apud
1947 5281 2247 5350 Ioannem
2294 5281 2674 5348 Ger-aram.
2715 5280 2726 5364 Ι
2765 5278 2859 5346 Μ.
2901 5280 2985 5345 D.
3030 5280 3185 5346 LII.

614 5381 837 5438 Οαῐνῶη·
861 5399 1046 5452 opera.
1126 5383 1239 5439 Vol.
1288 5383 1348 5438 V.
1738 5447 1767 5497 ι
3960 5379 4006 5432 Β
