5100 6061
708 417 826 477 187

700 610 768 667 et
800 599 1111 684 sperant?
1176 600 1307 667 Hic
1343 599 1721 667 cuniculum
1758 598 1960 663 alium
1996 594 2279 661 effodere
2315 616 2425 660 eos
2461 616 2652 677 opor-

701 693 811 765 tet,
859 686 915 752 si
961 686 1414 770 subterfugere
1458 685 1705 751 volunt.

872 858 1235 923 Veniamus
1289 879 1464 923 nunc
1510 855 1593 920 ad
1638 854 1981 918 historiam
2026 852 2248 918 divitis
2303 860 2371 916 et
2413 854 2652 917 Lazari

707 945 902 1029 (Luc.
948 949 1045 1021 16,
1083 946 1227 1025 22):
1286 963 1563 1027 quorum
1605 939 1772 1004 alter
1813 938 2185 1022 praeteritis
2230 938 2431 1002 huius
2474 960 2652 1004 mor-

700 1030 975 1095 talitatis
998 1029 1326 1095 laboribus
1348 1037 1416 1093 et
1436 1027 1785 1103 aerumnis,
1810 1024 2078 1088 tandem
2100 1025 2171 1087 in
2193 1025 2412 1088 sinum
2437 1026 2651 1090 Abra-

702 1116 827 1181 hae
864 1115 1120 1180 delatus
1157 1123 1287 1193 est;
1322 1113 1493 1177 alter
1527 1113 1602 1176 in
1637 1119 1966 1176 tormenta
2000 1109 2335 1193 delapsus:
2370 1110 2483 1174 ille
2517 1119 2651 1176 tor-

701 1208 928 1266 menta
959 1201 1223 1284 patitur,
1251 1201 1301 1282 ¹)
1348 1200 1455 1263 hic
1485 1198 1720 1279 recipit
1750 1196 2272 1263 consolationem.
2329 1196 2652 1279 Magnum

704 1288 901 1353 chaos
944 1286 1402 1369 interpositum
1446 1285 1620 1348 inter
1667 1283 1865 1347 huius
1911 1280 2175 1366 gaudia,
2223 1289 2289 1346 et
2331 1282 2510 1347 illius
2555 1283 2649 1346 af-

701 1373 1073 1438 flictionem.
1154 1370 1417 1436 Suntne
1452 1370 1612 1435 haec
1657 1368 1911 1433 somnia
1952 1374 2176 1450 portae
2220 1389 2510 1446 corneae,
2571 1368 2650 1432 de

701 1478 830 1541 qua
883 1465 1111 1541 poetae
1164 1455 1582 1520 fabulantur?
1664 1454 1918 1518 Verum
1935 1506 1950 1531 ‚
2008 1461 2086 1518 ut
2137 1454 2424 1518 habeant
2481 1454 2647 1518 effu-

701 1544 886 1630 gium
927 1564 1053 1626 quo
1098 1542 1461 1620 elabantur,
1510 1542 1760 1607 faciunt
1800 1563 1883 1604 ex
1928 1540 2200 1603 historia
2239 1539 2644 1622 parabolam:

702 1630 1013 1712 aiuntque
1076 1628 1407 1693 fictionem
1448 1648 1590 1692 esse
1609 1678 1623 1704 ,
1676 1626 1990 1709 quidquid
2032 1624 2113 1690 de
2147 1625 2505 1703 Abraham,
2550 1625 2646 1689 di-

700 1716 854 1793 vite,
899 1735 1203 1798 paupere,
1250 1715 1494 1778 veritas
1537 1713 1841 1795 loquitur.
1911 1713 2197 1776 Tantum
2242 1712 2649 1777 reverentiae

700 1811 767 1866 et
787 1802 931 1866 Deo
965 1808 1033 1864 et
1052 1799 1253 1864 verbo
1288 1800 1427 1863 eius
1450 1797 1768 1862 deferunt.
1839 1797 2034 1873 Cedo,
2071 1797 2405 1880 proferant
2438 1814 2657 1862 unum·

701 1886 1028 1951 duntaxat
1082 1887 1156 1948 in
1214 1884 1541 1967 scriptura
1584 1883 1957 1965 exemplum
1975 1933 1989 1962 ,
2047 1882 2161 1947 ubi
2216 1885 2285 1947 in
2339 1883 2650 1966 parabola

699 1973 967 2037 nomine
1018 1970 1251 2053 aliquis
1294 1976 1581 2035 vocetur.
1672 1968 1850 2050 Quid
1905 1969 2028 2033 sibi
2081 1970 2245 2035 haec
2288 1968 2491 2035 verba
2533 1989 2648 2034 vo-

701 2057 889 2123 lunt?
956 2058 1124 2133 Erat
1163 2053 1429 2138 quidam
1460 2055 1799 2120 mendicus
1832 2055 2096 2120 nomine
2131 2056 2445 2119 Lazarus
2514 2056 2653 2118 Aut

698 2143 977 2211 verbum
1010 2142 1139 2206 Dei
1180 2142 1445 2205 mentiri
1488 2147 1761 2223 oportet,
1807 2148 1921 2205 aut
1963 2161 2192 2205 veram
2233 2162 2378 2206 esse
2422 2160 2650 2204 narra-

698 2230 965 2294 tionem.
1054 2226 1136 2290 Id
1181 2228 1377 2291 etiam
1422 2226 2027 2292 animadverterunt
2070 2234 2323 2292 veteres
2367 2226 2650 2308 scriptu-

699 2334 813 2378 rae
857 2314 1267 2396 interpretes.
1356 2313 1531 2377 Nam
1567 2312 1981 2377 Ambrosius:
2026 2312 2333 2377 Narratio
2377 2318 2503 2389 est,
2546 2312 2648 2375 in-

700 2400 858 2482 quit,
908 2400 1117 2482 magis
1154 2419 1350 2480 quam
1384 2398 1711 2481 parabola,
1759 2399 1912 2481 quia
1942 2419 2182 2463 nomen
2217 2398 2499 2463 additur.
2568 2396 2650 2461 Id

698 2486 917 2567 ipsum
971 2483 1170 2549 sentit
1239 2484 1619 2567 Gregorius.
1706 2483 1903 2551 Certe
1960 2484 2431 2561 Tertullianus,
2507 2484 2648 2548 Ire-

699 2592 937 2649 naeus,
1006 2568 1361 2654 Origenes,
1429 2569 1837 2653 Cyprianus,
1912 2570 2392 2655 Hieronymus,
2462 2569 2648 2653 quasi

700 2655 1042 2722 historiam
1086 2656 1395 2721 referunt.
1463 2657 1574 2721 Ex
1616 2656 1850 2739 quibus
1887 2657 2332 2721 Tertullianus
2372 2655 2649 2719 arbitra-

701 2749 813 2807 tur
854 2743 925 2806 in
967 2740 1190 2807 divitis
1231 2762 1525 2825 persona,
1570 2742 1909 2806 Herodem
1943 2743 2219 2826 signari:
2268 2748 2385 2820 [fol.
2430 2747 2533 2821 10]
2580 2742 2649 2813 in

2223 405 2788 473 PSYCHOPAN
2789 408 2852 472 N
2856 407 3173 472 YCHIA.

4587 412 4709 475 183

2756 596 2928 661 test?
3017 596 3099 661 Id
3157 598 3214 662 si
3267 599 3568 684 nesciunt
3622 597 3844 681 magni
3899 597 4010 661 isti
4070 596 4356 681 theologi
4372 648 4388 675 ‚
4448 597 4710 664 discant
4807 628 4813 641 ·

2757 702 2841 746 ex
2863 681 3201 747 elementis
3223 683 3825 766 grammaticorum:
3862 690 3929 747 et
3961 681 4334 765 parabolam
4358 684 4709 749 invenient

2756 788 2898 833 esse
2931 767 3445 846 similitudinem,
3484 776 3816 850 sumptam
3848 790 3933 832 ex
3966 767 4264 834 veritate.
4334 767 4464 846 sio,
4503 792 4708 852 quum

2757 852 3012 933 dicitur,
3056 855 3387 919 hominem
3422 854 3751 938 quendam
3790 852 4096 919 habuisse
4132 853 4297 919 duos
4331 855 4518 934 filios,
4560 857 4706 938 qui-

2755 938 2879 1004 bus
2917 939 3138 1005 divisit
3172 962 3324 1005 suas
3360 942 3709 1023 portiones,
3756 947 4011 1022 oportet
4045 960 4187 1005 esse
4221 940 4291 1004 in
4328 962 4548 1005 rerum
4583 964 4705 1007 na-

2755 1030 2908 1089 tura
2948 1035 3014 1090 et
3057 1026 3408 1106 hominem,
3456 1035 3524 1091 et
3560 1026 3750 1105 filios,
3795 1034 3864 1090 et
3903 1025 4390 1104 haereditatem,
4436 1034 4504 1092 et
4537 1027 4707 1093 divi-

2757 1111 3007 1175 sionem
3046 1111 3440 1194 portionum.
3531 1113 3847 1194 Denique,
3894 1112 4056 1177 haec
4098 1119 4199 1177 est
4239 1122 4552 1195 perpetua
4592 1114 4707 1178 lex

2755 1196 3117 1278 parabolae,
3162 1207 3235 1262 ut
3278 1199 3563 1281 primum
3609 1198 4046 1280 concipiamus
4100 1220 4244 1263 rem
4291 1198 4566 1276 nudam,
4623 1207 4707 1264 ut

2753 1285 3164 1365 proponitur:
3228 1283 3493 1361 deinde,
3551 1305 3635 1348 ex
3693 1304 3771 1347 ea
3827 1285 4246 1366 conceptione
4304 1284 4706 1350 deducamur

2755 1367 2839 1432 ad
2881 1369 3082 1433 finem
3125 1369 3499 1451 parabolae:
3545 1371 3668 1434 hoc
3711 1377 3828 1449 est,
3869 1370 3952 1434 ad
3995 1391 4134 1435 rem
4181 1372 4410 1452 ipsam,
4457 1371 4562 1435 cui
4597 1392 4704 1435 ac-

2754 1455 3201 1519 commodatur
3252 1455 3625 1520 similitud0.
3724 1454 4079 1520 Imitentur
4132 1456 4703 1539 Chrysostomum,

2754 1540 2877 1604 hac
2921 1542 2988 1604 in
3035 1562 3107 1604 re
3146 1563 3338 1605 suum
3383 1541 3725 1606 Achillem.
3814 1542 4244 1608 Existimavit
4287 1540 4548 1624 quidem
4590 1541 4705 1607 ille

2753 1648 2895 1690 esse
2937 1626 3334 1709 parabolam,
3390 1648 3472 1692 ex
3517 1649 3647 1709 qua
3689 1638 3912 1691 tamen
3958 1628 4304 1693 veritatem
4348 1649 4541 1710 saepe
4584 1628 4703 1693 eli-

2752 1714 2858 1777 cit.
2891 1714 2938 1792 ¹)
3027 1713 3122 1778 Ut
3164 1733 3366 1795 quum
3409 1713 3564 1777 inde
3608 1713 3856 1796 probat,
3903 1722 4310 1778 mortuorum
4346 1714 4597 1779 animas
4630 1714 4705 1779 in

2753 1799 2949 1863 certis
3007 1820 3148 1863 esse
3203 1798 3391 1878 lucie,
3452 1799 3738 1864 ostendit
3791 1800 4132 1883 gehennae
4189 1800 4579 1883 gravitatem
4636 1810 4706 1864 et

2754 1883 3126 1949 delitiarum
3169 1885 3542 1967 perniciem.
3633 1887 3736 1949 Ne
3780 1886 3886 1950 hic
3931 1886 4095 1950 mihi
4141 1885 4422 1949 multum
4467 1884 4704 1950 verbo-

2755 1991 2903 2033 rum
2947 1970 3356 2053 perdendum
3402 1972 3516 2049 sit,
3563 1971 3912 2037 consulant
3956 1992 4226 2036 sensum
4271 1992 4701 2051 communem,

2755 2055 2811 2120 si
2855 2077 3050 2138 quem
3094 2055 3367 2121 habent:
3415 2066 3484 2121 et
3513 2057 3704 2121 facile
3738 2067 4168 2141 assequentur
4197 2058 4334 2122 vim
4366 2063 4560 2139 atque
4595 2079 4701 2122 ra-

2754 2142 3000 2205 tionem
3045 2143 3410 2225 parabolae.

2924 2280 3016 2343 Et
3059 2278 3316 2360 quando
3360 2279 3680 2356 satisfieri,
3717 2287 4033 2362 quantum
4069 2279 4140 2343 in
4176 2278 4364 2343 nobis
4402 2290 4518 2358 est,
4564 2301 4704 2345 om-

2752 2366 2947 2445 nibus
2993 2366 3319 2430 volumus:
3360 2365 3659 2429 nonnihil
3697 2365 4091 2431 disseremus
4128 2365 4253 2429 hoc
4286 2364 4425 2430 loco
4461 2365 4540 2430 de
4562 2367 4703 2430 ani-

2752 2471 3013 2515 marum
3047 2450 3282 2533 quiete,
3322 2472 3488 2533 quae
3525 2451 3594 2515 in
3639 2461 3816 2517 certa
3849 2451 3978 2516 fide
4013 2451 4518 2534 promissionum
4553 2450 4703 2531 Dei,

2755 2556 2794 2599 a
2817 2537 3194 2619 corporibus
3216 2537 3588 2601 solvuntur.
3629 2536 3970 2620 Siquidem
3992 2558 4109 2619 per
4130 2537 4354 2621 sinum
4375 2536 4705 2618 Abrahae,

2756 2622 2922 2686 nihil
2969 2622 3146 2687 aliud
3170 2644 3366 2705 quam
3405 2623 3688 2704 quictem
3733 2623 3914 2687 illam
3959 2624 4318 2705 scripturae
4362 2623 4548 2688 nobis
4592 2622 4707 2689 de-

2699 2702 2706 2771 l
2756 2709 3018 2791 signare
3045 2709 3290 2773 volunt.
3359 2710 3659 2773 Primum
3693 2732 3811 2773 nos
3844 2708 4129 2790 quictem
4153 2729 4481 2787 vocamus,
4508 2732 4709 2792 quam

702 2828 987 2904 Lazar0‚
1034 2827 1352 2893 Ioannem
1394 2828 1784 2909 Baptistam.
1851 2827 2075 2893 Verba
2129 2836 2349 2893 autem
2392 2826 2652 2892 Irenaei
2699 2778 2706 2899 l
2755 2793 2850 2858 illi
2896 2816 3218 2858 ‘nmmum’
3311 2794 3538 2875 Neque
3585 2818 3740 2859 ‘mne
3786 2795 4284 2859 abhorreremus
4301 2795 4359 2878 ²)
4401 2817 4440 2858 a
4496 2798 4708 2860 somni

703 2922 884 2981 sunt:
931 2914 1080 2977 Non
1125 2912 1411 2977 fabulam
1455 2914 1751 2979 narravit
1791 2914 1978 2979 nobis
2021 2914 2367 2991 Dominus,
2413 2913 2651 2977 Lazari
2701 2912 2706 2981 l
2757 2880 3046 2963 nomine’
3110 2880 3234 2944 ”igi
3302 2881 3434 2944 iam
3491 2902 3715 2945 ‘mmm
3772 2881 4128 2946 mendaciis
4173 2888 4583 2962 oomptum’
4639 2890 4710 2946 et

703 3007 770 3098 et
813 2998 1064 3077 divitis,
1111 3006 1230 3065 etc.
1318 2999 1412 3064 Et
1455 2998 1747 3084 Cyrillus
1771 3073 1775 3082 Ι
1799 2999 2076 3083 quum2)
2129 2999 2479 3083 respondet
2519 3000 2650 3064 Ar-
2701 2984 2706 3009 ⁹

702 3087 923 3165 nanis,
969 3086 1082 3168 qui
1126 3101 1209 3150 ex
1252 3106 1329 3150 eo
1364 3086 1504 3151 loco
1548 3085 1922 3151 machinam
1959 3088 2303 3152 struebant
2337 3086 2651 3151 adversus

702 3171 955 3236 Christi
999 3171 1412 3236 divinitatem
1427 3222 1441 3248 ‚
1486 3194 1622 3237 non
1665 3172 1908 3237 refellit
1947 3178 2023 3236 ut
2068 3172 2445 3254 parabolam
2460 3223 2475 3250 ,
2536 3170 2651 3236 sed

702 3265 778 3321 ut
821 3257 1164 3330 historiam
1206 3258 1694 3339 interpretatur.
1717 3257 1775 3340 ⁸)
1842 3258 1988 3322 Hoc
2031 3258 2244 3341 magis
2280 3256 2649 3333 ridiculum,

702 3342 874 3426 quod
910 3345 1113 3407 errori
1150 3363 1264 3406 suo
1298 3343 1741 3425 praetendunt
1772 3343 2131 3427 Augustini
2162 3365 2420 3422 nomen,
2457 3363 2651 3425 quem

702 3427 1096 3494 cavillantur
1139 3429 1210 3490 in
1253 3428 1428 3492 hanc
1482 3428 1855 3511 opinionem
1908 3429 2341 3494 consensisse:
2401 3430 2651 3511 opinor,

702 3513 859 3595 quia
903 3512 1186 3596 quodam
1221 3514 1370 3610 loco
1388 3516 1445 3594 ⁴)
1493 3512 1765 3579 dixerit:
1811 3515 1885 3578 in
1928 3513 2239 3598 parabola
2281 3537 2398 3598 per
2442 3516 2651 3579 Laza-

701 3620 851 3662 rum
873 3598 1217 3663 Christum
1239 3599 1770 3683 intelligendum:
1797 3618 1915 3682 per
1938 3600 2209 3666 divitem
2228 3601 2647 3666 Pharisaeos:

703 3705 906 3767 quum
944 3684 1115 3748 nihil
1158 3683 1332 3748 aliud
1376 3686 1701 3770 significet
1731 3707 1928 3768 quam
1959 3688 2401 3752 narrationem
2435 3694 2650 3751 trans-

703 3770 860 3834 ferri
905 3769 990 3834 ad
1032 3770 1436 3852 parabolam,
1494 3772 1548 3836 si
1594 3772 1834 3836 Lazari
1877 3793 2159 3853 persona
2200 3773 2494 3850 Christe,
2553 3771 2650 3836 di-
2701 3813 2704 3830 ,

698 3855 889 3934 vitis,
934 3854 1310 3920 Pharisaeis
1355 3856 1767 3922 attribuatur.
1856 3858 1987 3923 Hic
2043 3879 2186 3924 mos
2243 3867 2343 3924 est
2399 3878 2648 3936 eorum,

703 3942 815 4023 qui
859 3943 928 4004 in
973 3941 1487 4023 praeindicatam
1540 3944 1913 4026 opinionem
1957 3952 2092 4009 toto
2136 3946 2383 4027 impetu
2426 3945 2651 4008 ferun-

703 4033 843 4091 tur:
892 4048 1097 4109 quum
1142 4027 1368 4092 vident
1411 4029 1577 4092 nihil
1619 4030 1743 4094 sibi
1795 4050 1937 4094 esse
1980 4030 2246 4109 stabile,
2302 4051 2431 4114 quo
2477 4030 2651 4094 inni-

703 4120 947 4191 tantur,
993 4133 1126 4177 non
1171 4114 1577 4197 syllabarum
1623 4114 1981 4197 decipulas,
2035 4115 2151 4181 sed
2203 4118 2377 4200 ipsos
2430 4114 2658 4180 litera--

702 4219 854 4261 rum
898 4199 1112 4280 apices
1167 4199 1237 4263 in
1284 4222 1478 4265 suum
1523 4199 1935 4266 commodum
1979 4202 2260 4284 rapiunt.
2350 4203 2452 4266 Ne
2497 4201 2653 4284 quid

702 4290 920 4347 tamen
963 4283 1178 4348 adhuc
1220 4286 1626 4368 obstrepant,
1680 4286 1838 4351 alibi
1881 4287 2022 4368 ipse
2067 4288 2346 4370 scriptor
2388 4290 2652 4371 profite-

703 4377 841 4448 tur,
902 4389 972 4433 se
1028 4391 1148 4451 pro
1202 4371 1473 4440 historia
1526 4373 1830 4454 recipere.
1920 4373 2100 4437 Eant
2152 4396 2327 4440 nunc
2383 4385 2449 4438 et
2489 4396 2652 4438 ven-

705 4453 868 4518 dant
909 4475 1060 4519 suos
1103 4455 1316 4521 fumos
1358 4459 1428 4521 in
1471 4458 1688 4522 media
1729 4458 1890 4523 luce.
1957 4458 2188 4542 Neque
2222 4469 2445 4523 tamen
2489 4461 2653 4524 effu-

706 4561 861 4624 gere
918 4548 1220 4622 possunt,
1278 4544 1435 4623 quin
1491 4565 1747 4626 semper
1790 4546 1861 4608 in
1916 4544 2178 4610 eosdem
2221 4545 2517 4611 incidant
2559 4545 2654 4609 la-

706 4646 925 4708 queos.
1018 4625 1113 4690 Ut
1147 4627 1323 4690 enim
1367 4629 1799 4706 concedamus
1843 4651 1986 4695 esse
2075 4631 2408 4696 arabolam
2452 4630 2656 4714 (quod

702 4712 974 4776 minime
1006 4710 1302 4776 obtinere
1335 4718 1632 4795 possunt)
1680 4715 1836 4799 quid
1881 4653 2073 4780 aliug
2092 4717 2412 4794 evincent,
2459 4737 2656 4799 quam

705 4818 847 4863 esse
905 4796 1319 4863 collationem
1335 4849 1349 4875 ,
1406 4820 1571 4881 quae
1630 4801 1773 4866 sine
1817 4802 2093 4868 veritate
2137 4809 2309 4867 stare
2365 4823 2497 4866 non
2540 4823 2655 4884 po-

842 4985 902 5051 1)
942 4983 1017 5038 In
1050 4987 1151 5041 hoc
1185 4993 1441 5040 commate
1515 4987 1801 5041 lura1576
1825 5006 1963 5059 seqq.
1994 4990 2127 5043 vitio
2162 5006 2456 5058 operarum
2488 4990 2654 5044 inter-

708 5052 974 5109 ciderunt.
1183 5054 1244 5120 2)
1282 5055 1422 5126 dum,
1493 5053 1597 5108 552
1632 5071 1772 5126 seqq.
1977 5057 2039 5123 3)
2077 5058 2303 5114 Tertull.
2339 5060 2430 5114 lib.
2467 5058 2655 5113 adverss

707 5137 801 5175 sus
827 5121 1110 5193 Marcion.;
1146 5125 1402 5179 Irenaeus
1436 5125 1573 5179 libro
1594 5123 1686 5179 IV.
1723 5129 1911 5180 contra
1944 5128 2156 5182 haeres.
2192 5145 2312 5197 cap.
2345 5127 2404 5196 43
2443 5127 2657 5197 Origen.

709 5190 854 5243 hom.
871 5189 921 5242 5.
956 5192 1258 5262 inEzech.;
1293 5193 1450 5263 Cypr.
1489 5210 1519 5248 e
1560 5193 1727 5263 ist.3;
1751 5194 1972 5249 Hieron.
2008 5196 2210 5251 inEsa.
2246 5214 2363 5267 cap.
2385 5194 2655 5265 49.et65;

710 5257 949 5312 Hilarius
993 5261 1047 5314 in
1080 5261 1277 5316 Psalm.
1307 5261 1369 5331 33
1407 5261 1529 5333 Cyri
1552 5263 1588 5316 l.
1622 5263 1675 5316 in
1716 5262 1764 5317 1.
1801 5279 1921 5331 cap.
1952 5263 2137 5319 Ioann.
2177 5283 2298 5334 cap.
2339 5265 2425 5319 22.
2593 5265 2655 5330 4)

709 5324 829 5380 Lib.
853 5326 998 5380 vm.
1035 5328 1100 5382 de
1137 5330 1332 5386 Genesi
1369 5331 1438 5385 ad
1475 5333 1551 5387 lit.
2220 5373 2223 5374 ν

2755 2988 2962 3050 paene
3004 2966 3330 3049 pollutum
3374 2980 3561 3032 esset.
3621 2965 3880 3032 Deinde
3915 2988 4033 3050 per
4066 2967 4369 3050 quietem,
4416 2987 4549 3030 non
4594 2965 4710 3033 de-

2757 3052 3022 3130 sidiam,
3069 3061 3185 3116 aut
3219 3061 3595 3130 veternum,
3644 3061 3758 3117 aut
3800 3052 4044 3136 aliquid
4089 3052 4300 3117 simile
4355 3054 4706 3132 ebrietatis,

2756 3139 2946 3221 quale
2992 3139 3249 3203 animae
3292 3139 3650 3222 affingunt,
3696 3139 4156 3222 intelligimus:
4215 3137 4330 3203 sed
4374 3139 4710 3218 conscien-

2757 3225 2886 3289 tiae
2909 3223 3455 3306 tranquillitatem
3488 3232 3557 3288 et
3603 3225 4048 3290 securitatem:
4097 3247 4261 3306 quae
4299 3245 4500 3308 quum
4536 3247 4710 3290 sem-

2754 3332 2872 3393 per
2929 3309 3083 3375 fidei
3140 3310 3448 3375 adiuncta
3502 3312 3616 3386 sit,
3676 3332 4012 3393 nunquam
4073 3326 4291 3374 tamen
4349 3312 4709 3393 perficitur,

2756 3403 2888 3463 aut.
2916 3396 3052 3461 suis
3097 3397 3390 3460 numeris
3427 3404 3700 3474 constat,
3747 3397 3877 3461 nisi
3921 3404 4070 3480 post
4110 3402 4410 3460 mortem.
4499 3395 4712 3461 Audit

2759 3488 2877 3562 [fol.
2925 3487 3027 3561 11]
3075 3480 3340 3565 quidem
3385 3505 3466 3547 ex
3533 3503 3646 3547 ore
3690 3481 3821 3547 Dei
3875 3481 4360 3547 benedictiones
4413 3481 4711 3548 fidelium

2754 3567 3042 3646 ecclesia,
3088 3589 3255 3650 quae
3290 3567 3462 3633 hanc
3498 3576 3748 3633 terram
3782 3567 4027 3646 adhuc,
4064 3566 4251 3632 velut
4287 3567 4557 3647 advena,
4603 3570 4711 3632 in-

2754 3654 2922 3718 colit.
2991 3653 3375 3719 Ambulavit
3407 3654 3688 3737 populus
3722 3676 3909 3719 meus
3946 3655 4017 3718 in
4063 3653 4558 3736 pulchritudine
4592 3676 4712 3738 pa-

2754 3742 2867 3818 cis,
2908 3747 2975 3805 et
3005 3741 3076 3804 in
3115 3740 3555 3807 tabernaculis
3588 3740 3882 3819 fiduciae,
3922 3748 3990 3804 et
4024 3741 4095 3804 in
4138 3741 4361 3823 requie
4402 3739 4716 3823 opulenta

2756 3826 2911 3907 (Ies.
2939 3829 3043 3905 32,
3078 3828 3203 3908 18).
3272 3824 3460 3906 Quae
3480 3838 3547 3891 et
3579 3828 3722 3909 ipsa
3746 3848 4010 3891 rursum
4033 3826 4280 3909 gratias
4318 3841 4519 3910 agens
4543 3826 4712 3892 occi-

2755 3912 2858 3976 nit
2893 3911 3307 3976 benedicenti
3327 3911 3646 3976 Domino:
3686 3911 3991 3988 Domine,
4030 3911 4215 3976 dabis
4251 3911 4441 3975 nobis
4483 3931 4713 3994 pacem

2757 3997 2871 4079 (ib.
2900 4001 3001 4075 26,
3028 3997 3115 4079 3).
3154 3996 3397 4063 Omnia
3421 3998 3598 4062 enim
3621 4019 3819 4080 opera
3839 4008 4067 4063 nostra
4087 4006 4391 4080 operatus
4412 4019 4480 4062 es
4503 3997 4710 4064 nobis.

2757 4083 2951 4148 Hanc
2986 4102 3213 4166 pacem
3247 4082 3495 4148 habent
3534 4091 3797 4166 accepto
3836 4083 4178 4167 evangelio
4214 4082 4459 4162 fideles,
4506 4105 4712 4166 quum

2758 4169 2995 4247 Deum,
3021 4190 3216 4251 quem
3245 4170 3429 4251 prius
3452 4168 3732 4234 iudicem
3748 4170 4140 4253 cogitabant,
4155 4169 4277 4234 sibi
4293 4177 4546 4251 patrem
4571 4190 4714 4235 esse

2760 4254 3009 4321 vident:
3059 4276 3129 4319 se
3172 4276 3290 4336 pro
3332 4256 3488 4320 filiis
3531 4256 3697 4333 irae,
3735 4255 3905 4320 filios
3951 4257 4228 4340 gratiae:
4277 4255 4485 4320 effusa
4526 4255 4596 4318 in
4640 4277 4712 4320 se

2759 4342 3011 4406 viscera
3047 4339 3527 4405 misericordiae
3570 4342 3732 4416 Dei3
3778 4349 3855 4404 ut
3895 4341 4029 4414 iam
4065 4340 4231 4405 nihil
4277 4339 4453 4405 aliud
4490 4361 4529 4405 a
4568 4341 4713 4406 Deo

2761 4434 3159 4508 exspectent,
3183 4448 3383 4508 quam
3421 4425 3781 4496 bonitatem
3818 4435 3883 4491 et
3915 4426 4502 4492 mansuetudinem.
4577 4428 4712 4492 Ve-

2703 4539 2708 4554 ·
2760 4533 2929 4590 rum,
2968 4513 3278 4594 quoniam
3313 4512 3551 4576 militia
3585 4520 3704 4592 est,
3744 4513 3885 4577 vita
3908 4513 4194 4577 hominis
4231 4533 4429 4595 super
4464 4520 4712 4577 terram

2762 4596 2927 4679 (Iob.
2978 4602 3034 4676 7,
3088 4602 3173 4677 1),
3218 4619 3486 4663 necesse
3532 4605 3631 4663 est
3672 4619 3800 4677 eos,
3845 4599 3954 4682 qui
4003 4600 4300 4663 sentiunt
4344 4605 4410 4662 et
4452 4599 4711 4664 aculeos

2808 4685 3010 4748 eccati
3047 4691 3114 4747 et
3148 4685 3362 4748 carnis
3406 4684 3730 4767 reliquias,
3767 4685 3840 4748 in
3882 4685 4131 4749 mundo
4174 4705 4550 4767 pressuram
4593 4684 4712 4749 ha—

2759 4705 2946 4849 bere,
3000 4769 3071 4834 in
3122 4770 3266 4834 Deo
3323 4779 3542 4835 autem
3598 4770 4134 4836 consolationem:
4196 4776 4390 4852 atque
4443 4771 4537 4834 ita
4577 4791 4714 4835 non

2758 4855 2956 4938 plane
3000 4856 3218 4919 animo
3263 4876 3403 4921 esse
3459 4857 3815 4939 composito
3876 4863 3942 4919 et
3995 4856 4484 4940 imperturbato.
4577 4857 4712 4921 Ve-

2761 4962 2929 5020 rum,
2977 4962 3180 5024 quum
3216 4962 3481 5006 caruem
3518 4949 3585 5005 et
3621 4943 4219 5025 concupiscentiam
4262 4945 4475 5026 (quae,
4513 4963 4632 5009 ceu
4649 4942 4710 5026 ⁸)

2901 5129 2957 5197 1)
2992 5129 3150 5183 Hom.
3183 5126 3269 5183 25.
3306 5132 3359 5183 in
3395 5129 3622 5198 Matth.;
3661 5130 3855 5186 Homil.
3891 5130 3978 5184 57.
4015 5133 4066 5184 in
4104 5131 4347 5185 eundem.
4416 5130 4476 5184 In
4522 5145 4714 5198 parae-

2761 5200 2879 5252 nesi
2914 5199 2982 5253 ad
3005 5197 3212 5252 Theod.
3250 5200 3474 5268 lapsum.
3527 5199 3842 5269 Quanquam
3876 5201 4057 5255 homil.
4092 5199 4145 5252 4.
4181 5200 4235 5253 in
4270 5198 4465 5254 Matth.
4498 5198 4716 5253 videtur

2763 5283 2983 5322 narrare
3031 5275 3091 5321 ut
3133 5267 3430 5322 historiam.
3635 5268 3697 5332 2)
3737 5270 4116 5336 abhorremuS‚
4157 5266 4292 5322 1576
4330 5283 4357 5321 8
4420 5285 4466 5337 q.
4513 5268 4718 5337 quibus

2763 5336 2852 5391 hic
2887 5335 3264 5403 adstipulatur
3300 5338 3476 5391 versio
3506 5339 3726 5407 yauica.
3932 5335 3992 5402 3)
4033 5335 4171 5389 1542
4205 5342 4256 5391 et
4290 5283 4452 5391 153:
4491 5351 4604 5392 seu.
