5100 6061
367 426 441 486 21
1679 490 1702 515 ,
1928 421 2220 491 LIBER
2262 423 2315 488 1.
2406 422 2712 490 CAPUT
2757 424 2808 488 1.
4185 485 4198 498 .
4292 431 4376 495 22

367 613 719 690 Favonius,
766 634 898 677 non
943 612 1163 687 refert,
1212 616 1360 688 [pag.
1399 614 1463 689 9]
1522 609 1764 692 inquit,
1822 630 1953 692 qua
2005 612 2077 675 in
2134 620 2321 694 parte
2368 621 2375 685 1
2426 612 2497 675 in
2542 612 2946 683 iracundiam
2989 613 3394 696 propensior,
3440 614 3546 681 cui
3581 614 3828 679 multus
3865 616 4132 697 sanguis
4165 625 4233 680 et
4266 636 4374 682 ca·-

365 700 656 784 corporis
687 699 776 766 sit
809 696 1120 763 diadema.
1180 697 1423 761 Persae
1460 694 1777 779 Cydarim
1802 705 2049 762 vocant.
2099 697 2323 763 Verba
2369 690 2374 729 ¹
2424 696 2627 774 lidus,
2682 708 2758 763 ut
2808 698 3103 767 scribunt
3155 698 3557 782 philosophi,
3610 700 3877 783 praebet
3930 722 4191 767 causam
4244 702 4376 766 ira-

368 794 523 852 sunt
567 785 783 852 Curtii
827 782 936 848 lib.
963 783 1084 848 11.:
1134 781 1452 865 Cydarim
1497 782 1741 846 Persae
1786 784 2042 866 regium
2084 783 2319 865 capitis
2425 782 2722 848 candiae.
2823 787 2919 849 At
2972 806 3129 850 vero
3183 785 3502 850 miraculo
3561 807 3702 852 esse
3745 785 3965 862 debet,
4024 789 4138 869 qui
4195 798 4372 852 aeta-

366 873 685 939 vocabant
719 871 994 953 insigne.
1062 869 1209 934 Hoc
1244 867 1544 934 caerulea
1577 867 1778 933 fascia
1821 868 1966 933 albo
2011 868 2320 936 distincta
2425 876 2560 934 tem
2606 869 2929 951 sapientia
2970 870 3339 937 antevertit.
3432 871 3604 937 Nam
3648 882 3716 936 et
3748 874 3858 954 qui
3905 873 4165 936 venturi
4217 883 4375 937 sunt

366 958 766 1026 circumibat.
858 954 1051 1036 Quod
1096 975 1250 1019 vero
1304 955 1539 1019 attinet
1593 954 1675 1017 ad
1723 953 1893 1021 hanc
1937 963 2073 1019 tam
2117 955 2318 1021 licen·
2424 956 2496 1019 in
2540 954 2806 1020 virtutis
2848 955 3279 1039 adoptionem,
3325 957 3421 1021 ait
3461 958 3745 1022 Latinus
3787 959 4089 1037 Pacatus,
4136 970 4207 1023 ut
4242 981 4371 1024 non

366 1047 603 1111 tiosam
645 1044 714 1108 in
761 1062 951 1125 reges
990 1039 1524 1118 iurisdictionem,
1570 1060 1703 1105 non
1747 1040 2057 1122 ignorant
2078 1062 2321 1106 rerum
2426 1039 2682 1118 cadant,
2730 1040 3034 1106 titubant.
3766 1094 3776 1110 ,

367 1132 804 1196 humanarum
839 1126 1050 1211 periti,
1085 1128 1285 1209 -prius
1325 1147 1525 1209 quam
1564 1125 1915 1208 imperium
1949 1124 2321 1192 devenisset
2604 1126 2946 1191 Temeritas
3000 1127 3348 1206 hominum,
3415 1134 3472 1193 et
3528 1128 3920 1216 contunaelia]
4003 1129 4221 1210 Quam
4287 1131 4372 1193 sit

367 1217 447 1281 ad
502 1216 863 1282 Caesarum
918 1213 1398 1286 monarchiam,
1466 1232 1672 1295 regna
1736 1212 2320 1279 senatusconsultis
2426 1212 2645 1296 gravis
2710 1212 2974 1295 regibus
3037 1213 3460 1285 contumelia.
3532 1215 3687 1280 alibi
3769 1214 4109 1281 videbitur.
4213 1216 4369 1280 Ideo

369 1303 624 1369 deferri.
716 1301 946 1366 Cicero
1000 1299 1209 1382 Epist.
1268 1297 1373 1361 lib.
1435 1298 1556 1361 IX.
1618 1297 1702 1361 ad
1755 1298 2097 1380 Papirium
2151 1299 2318 1364 Pae-
2368 1276 2374 1417 ί
2424 1298 2774 1381 magnifice
2831 1299 3096 1364 sentire*
3132 1298 3211 1363 de
3264 1300 3557 1382 principe
3614 1299 3954 1379 debemus,
4016 1303 4200 1365 cuius
4255 1323 4370 1384 pa-

368 1398 538 1453 tum:
590 1388 764 1459 Nam
807 1385 974 1450 mihi
1019 1385 1179 1449 scito
1224 1384 1355 1448 iam
1400 1406 1438 1447 a
1480 1383 1746 1466 regibus
1791 1383 2042 1448 ultimis
2089 1384 2320 1450 allatas
2370 1426 2373 1465 ¹.
2425 1385 2726 1449 tientiam
2779 1383 2963 1449 nulla
3007 1384 3372 1458 temeritas,
3418 1386 3603 1451 nulla
3643 1387 4040 1451 contumelia
4083 1389 4366 1471 fregerit.

366 1496 507 1541 esse
541 1474 784 1551 literas,
830 1471 1063 1554 quibus
1105 1470 1267 1534 mihi
1302 1469 1547 1553 gratias
1581 1477 1797 1552 agant,
1844 1468 2015 1552 quod
2060 1490 2130 1534 se
2175 1492 2321 1535 mea
2368 1470 2373 1527 l
2426 1471 2705 1553 Legitur
2757 1471 2958 1535 etiam
3011 1471 3420 1536 contumacia
3474 1473 3545 1534 in
3593 1473 3981 1553 quibusdam
4038 1473 4370 1556 exempla-

367 1561 696 1627 sententia
741 1579 927 1641 reges
982 1556 1477 1639 appellaverim:
1536 1575 1696 1637 quos
1755 1576 1875 1638 ego
1935 1577 2066 1620 non
2127 1555 2319 1621 modo
2368 1544 2373 1641 l
2423 1556 2624 1633 ribuS,
2657 1558 2705 1638 ¹)
2763 1557 2981 1629 nescio
3033 1577 3120 1620 an
3177 1554 3597 1621 emendatius.
3687 1558 3949 1639 Regum
3993 1559 4168 1622 enim
4214 1568 4371 1623 sunt

365 1670 436 1712 re
483 1668 554 1711 es
595 1644 972 1728 appellatos,
1018 1642 1129 1708 sed
1174 1641 1440 1706 omnino
1485 1648 1676 1706 natos
1715 1643 2097 1707 nesciebam.
2188 1642 2318 1708 Po·
2368 1654 2372 1723 ]
2427 1642 2586 1707 haec
2639 1643 2914 1724 imperia
2969 1641 3075 1725 (ut
3129 1643 3222 1706 ait
3266 1641 3495 1708 Cicero
3549 1644 3618 1705 in
3661 1645 3948 1707 oratione
4002 1665 4122 1727 pro
4167 1643 4369 1708 Rabi-

364 1757 407 1817 p
481 1755 558 1797 us
605 1752 758 1797 vero
801 1730 944 1813 lege
988 1729 1172 1812 regia
1215 1749 1407 1795 omne
1462 1728 1565 1791 ius
1620 1727 1692 1790 in
1737 1727 2050 1793 Caesares
2103 1739 2318 1793 trans-
2368 1742 2372 1835 5
2424 1728 2552 1809 rio)
2606 1735 2753 1810 post
2810 1727 3290 1803 animadverte,
3355 1738 3419 1792 et
3475 1728 3646 1793 dicto
3702 1751 3874 1810 pare.
3988 1731 4160 1794 Item
4218 1731 4368 1793 illae

366 1819 536 1889 tulit.
2368 1846 2372 1895 Ι
2423 1816 2670 1892 minae;
2715 1814 2771 1879 si
2816 1824 2880 1879 te
2924 1813 3211 1879 secundo
3254 1813 3479 1879 limine
3521 1814 3630 1878 hic
3673 1813 4022 1891 offendere,
4071 1818 4362 1880 moriere.

2368 1900 2372 1917 ἱ

541 1902 913 1969 Iurisdictio
959 1898 1073 1987 est]
1133 1900 1261 1964 Hic
1306 1898 1752 1965 iurisconsulti
1797 1899 2170 1984 intelligant
2216 1900 2317 1964 iu·
2424 1898 2501 1966 Si
2535 1899 2824 1969 secunda
2858 1901 3037 1965 iussa
3071 1920 3206 1964 non
3240 1901 3510 1982 impune
3545 1911 4021 1982 exspectantur,
4058 1901 4370 1966 nimirum

364 1990 809 2057 risdictionem
852 1989 921 2050 in
968 2006 1209 2070 genere
1253 1993 1631 2068 sumptam,·
1666 2006 1831 2068 quae
1891 2006 2117 2050 omnes
2173 2006 2318 2068 spe·
2422 1987 2830 2051 contumacia
2873 1986 3020 2068 plus
3064 2007 3259 2068 quam
3303 1986 3599 2067 capitalis
3645 1997 3761 2051 cst.

367 2079 498 2144 cies
539 2074 933 2158 cognitionis
974 2072 1461 2154 complectitur.'
2602 2072 3180 2152 Tranquilli-§simis
3234 2092 3469 2152 quoque
3511 2072 3861 2152 pectoribus
3947 2072 4128 2137 Haec
4173 2074 4368 2137 etiam

541 2162 627 2226 In
668 2161 783 2224 hac
824 2163 1001 2224 tanta
1040 2155 1359 2244 facultate]
1397 2157 1633 2222 Virtus
1668 2177 1806 2221 non
1850 2156 2136 2221 exercita
2166 2179 2315 2240 par·
2367 2144 2371 2205 ἶ
2423 2157 2623 2222 verba
2667 2156 2921 2222 addunt
2963 2157 3329 2240 emphasim
3372 2180 3501 2222 non
3539 2157 3847 2241 negligen
3895 2179 4019 2234 am,
4066 2157 4234 2239 quod
4271 2160 4368 2222 iu-

367 2271 516 2315 vam
575 2245 869 2324 laudem,
928 2254 1002 2309 ut
1045 2243 1244 2328 vulgo
1298 2244 1545 2312 ferunt.
1603 2251 1909 2307 meretur.
2001 2243 2150 2306 Non
2206 2241 2315 2307 ad-
2366 2270 2371 2315 ι
2422 2265 2659 2308 venem
2723 2243 3071 2308 deturbare
3126 2243 3204 2307 de
3260 2242 3511 2325 placido
3576 2245 3778 2307 animi
3834 2255 4008 2307 statu
4068 2265 4195 2307 non
4252 2264 4369 2326 po-

365 2334 635 2400 modum
715 2332 1141 2416 magnificum
1221 2330 1437 2397 fuerat
1517 2327 1909 2394 mediocrem
1985 2330 2315 2393 fortunam
2365 2326 2371 2435 [
2421 2330 2674 2394 tuerint
2716 2330 3048 2394 temeritas
3094 2330 3435 2394 hominum
3481 2339 3547 2392 et
3585 2330 4010 2404 contumacia,
4055 2350 4220 2411 quae
4256 2351 4370 2412 pa-

367 2420 564 2505 probe
625 2417 1109 2483 administrare:
1178 2415 1291 2480 sed
1359 2424 1540 2480 tanta
1596 2437 1815 2479 rerum
1883 2416 2178 2480 omnium
2235 2415 2313 2479 li·
2366 2486 2369 2501 Ι
2421 2415 2724 2480 tientiam
2770 2417 3108 2481 excutiunt
3155 2415 3315 2480 viris
3358 2417 3867 2497 patientissimis,
3906 2425 3974 2478 et
4008 2415 4188 2479 omni
4224 2436 4371 2498 per-

365 2507 584 2573 centia
640 2525 770 2568 non
813 2505 1022 2582 abuti,
1083 2502 1207 2566 hoc
1255 2523 1408 2567 vero
1465 2500 1847 2566 admirabile
1894 2508 2008 2565 est.
2099 2502 2318 2583 Atque
2365 2550 2369 2589 4
2420 2502 2793 2566 turbatione
2838 2502 3076 2566 liberis.
3169 2502 3313 2566 Hoc
3358 2502 3537 2566 enim
3581 2503 3905 2585 significat
3962 2502 4147 2564 nobis
4190 2513 4370 2564 tran-

366 2592 432 2658 id
487 2592 689 2656 ctiam
755 2599 1112 2674 exaggerat
1166 2611 1203 2652 a
1255 2588 1787 2662 circumstantiis,
1846 2587 2013 2670 quod
2068 2588 2126 2651 is
2179 2588 2315 2669 ipse
2364 2592 2369 2637 ἲ
2418 2587 2738 2669 quillitas,
2797 2595 2876 2651 ut
2929 2588 3119 2654 facile
3182 2587 3576 2672 intelligitur
3626 2609 3708 2651 ex
3763 2587 3979 2651 verbis
4036 2587 4371 2652 Ciceronis

366 2680 479 2762 qui
534 2677 696 2743 adeo
747 2676 1088 2759 egregium
1138 2675 1603 2757 'imperatorem
1647 2674 2003 2756 praestitit,
2054 2695 2187 2737 non
2232 2674 2319 2745 sit
2421 2674 2685 2739 Tuscul.
2733 2672 2853 2737 IV.
2965 2674 3049 2738 In
3115 2674 3248 2751 his,
3320 2674 3562 2755 inquit,
3619 2672 4024 2755 explicandis
4079 2682 4368 2737 veterem

366 2772 663 2829 maturae
710 2762 811 2827 vir
855 2762 1106 2839 aetatis,
1154 2761 1258 2826 cui
1280 2755 1569 2825 ‘accedat
1610 2767 1790 2824 aetas
1826 2761 2155 2844 magistra,
2202 2757 2318 2824 sed
2419 2759 2603 2823 illam
2647 2757 2950 2842 equidem
2992 2760 3412 2843 Pythagorae
3451 2760 3755 2841 primum,
3803 2756 4038 2822 deinde
4074 2758 4370 2824 Platonis

367 2852 438 2914 in
491 2849 741 2914 lubrica
801 2857 1013 2912 aetate
1071 2846 1493 2911 constitutus:
1561 2847 1713 2928 quia
1771 2846 2164 2910 contumelia
2218 2844 2313 2908 la·
2364 2868 2368 2941 1
2420 2843 2919 2928 descriptionem
2976 2867 3243 2927 sequar:
3301 2847 3412 2927 qui
3469 2846 3757 2908 animum
3814 2845 3883 2908 in
3931 2844 4092 2908 duas
4150 2855 4369 2926 partes

367 2938 657 3011 cessitus‚
704 2956 868 3016 quae
906 2933 1155 3015 alioqui
1182 2931 1476 2997 homines
1520 2931 1992 3014 placidissimos
2028 2932 2195 2997 solet
2237 2931 2330 2997 de‘
2364 2952 2368 2963 ·
2420 2931 2744 2996 dividunt:
2806 2932 3082 2995 alteram
3125 2932 3399 2996 rationis
3451 2931 3830 3013 participem
3877 2930 4150 3007 faciunt,
4208 2930 4367 2994 alte-

369 3020 576 3108 gradu
622 3020 915 3086 deiicere.
1006 3019 1185 3103 Ergo
1244 3041 1555 3103 magnam
1596 3016 1806 3094 illam,
1862 3039 1982 3083 nec
2026 3017 2179 3082 ullis
2223 3017 2315 3083 le·
2364 2968 2369 3068 l
2420 3040 2562 3082 ram
2618 3028 2969 3102 expertem.
3061 3018 3143 3082 ln
3189 3017 3505 3101 participe
3561 3016 3838 3081 rat-ionis
3886 3027 4144 3099 ponunt
4188 3024 4366 3080 tran-

369 3105 559 3193 gibus
606 3117 999 3173 coarctatam
1047 3127 1264 3170 rerum
1312 3104 1680 3170 facultatem
1736 3104 1881 3168 ideo
1926 3125 2316 3169 commemo·
2365 3113 2369 3188 ξ
2419 3105 2838 3187 quillitatem,
2906 3105 2974 3169 id
3039 3114 3141 3169 est
3201 3103 3524 3187 placidam
3593 3104 4009 3186 quietamque
4065 3111 4369 3167 constan-

369 3206 487 3270 rat,
534 3196 707 3277 quia,
757 3205 830 3256 ut
874 3194 963 3256 ait
996 3191 1434 3270 HerodianuS,
1481 3191 1744 3256 difficile
1781 3200 1881 3256 est
1922 3191 1989 3254 in
2027 3192 2317 3256 maxima
2364 3193 2370 3292 ἱ
2420 3191 2608 3254 tiam:
2666 3192 2732 3255 in
2779 3191 2911 3255 illa·
2936 3191 3142 3255 altera
3185 3200 3403 3255 motus
3448 3189 3777 3266 turbid05‚
3826 3199 3964 3252 tum
4011 3190 4176 3266 irae,
4222 3198 4366 3252 tum

371 3282 632 3347 licentia
696 3277 1019 3343 moderari
1076 3279 1226 3350 sibi,
1295 3278 1606 3359 quasique
1663 3278 1921 3341 fraenos
1979 3276 2314 3359 imponere
2364 3311 2369 3354 f
2419 3277 2813 3358 cupiditatis,
2861 3278 3224 3345 contrarios
3268 3277 3691 3358 inimicosque
3733 3276 3986 3339 rationi.
4077 3276 4202 3339 Est
4245 3275 4365 3357 igi-

369 3366 849 3450 cupiditatibus.
1484 3426 1490 3438 ,
2365 3371 2369 3420 r
2420 3373 2530 3427 tur
2575 3362 3005 3445 tranquillum
3048 3369 3292 3445 pectus,
3341 3363 3504 3428 bene
3548 3363 3998 3444 compositum,
4045 3381 4167 3427 nec
4214 3360 4368 3425 ullis

541 3450 688 3538 Ira]
737 3450 944 3531 Quasi
980 3449 1238 3524 diceret,
1286 3451 1556 3513 affectus
1598 3448 1711 3512 ille
1746 3449 1949 3512 animi
1987 3450 2315 3532 praerabi-
2419 3449 2762 3514 affectibus
2806 3450 3177 3528 obnoxium,
3224 3470 3384 3531 quos
3429 3448 3669 3515 Graeci
3708 3437 3910 3527 πάθη,
3968 3445 4034 3511 id
4078 3461 4177 3512 est
4217 3466 4368 3530 pas-

369 3539 509 3616 dus,
557 3541 667 3620 qui
707 3537 872 3601 nihil
910 3535 1139 3601 suadet
1179 3533 1593 3610 moderabile,
1636 3536 2017 3616 praesertim
2059 3536 2127 3598 in
2164 3556 2315 3599 con·
2384 3536 2666 3612 aiones,
2725 3534 3076 3617 appellant.
3166 3534 3642 3617 Tranquillitas
3683 3535 3852 3617 ipsa,
3900 3534 4102 3598 animi
4145 3532 4368 3598 mode-

369 3624 714 3690 stituendis
771 3622 999 3705 poenis
1056 3641 1388 3704 nunquam
1452 3620 1969 3700 mediocritatem
2024 3610 2312 3698 servans,
2364 3657 2368 3742 ι
2420 3621 2589 3684 ratio
2610 3671 2623 3698 ,
2682 3628 2749 3683 et
2802 3622 2986 3702 quasi
3032 3622 3535 3703 aequanimitas:
3599 3641 3796 3702 quam
3840 3619 3994 3685 alibi
4053 3622 4367 3685 securita-

368 3711 541 3775 unde
584 3709 806 3774 Ennio
847 3708 1140 3772 insaniae
1186 3707 1478 3785 init-ium,
1534 3706 1813 3770 Horatio
1857 3708 2037 3770 furor
2081 3707 2313 3782 brevis,
2364 3745 2367 3788 ᾗ
2422 3715 2584 3785 tem,
2646 3705 2800 3770 alibi
2855 3727 3078 3788 pacem
3138 3714 3328 3772 vocat
3383 3706 3636 3771 Seneca
3706 3715 3946 3771 noster.
4052 3707 4367 3789 Theologi

367 3805 429 3861 et
473 3797 741 3873 Catoni,
802 3794 971 3876 quod
1030 3792 1200 3858 idem
1246 3803 1374 3869 est,
1433 3794 1615 3856 furor
1660 3793 2122 3875 temporarius,
2181 3814 2313 3856 non

364 3906 464 3947 me
491 3873 733 3946 'tamen
779 3881 998 3963 rapuit
1035 3890 1485 3943 transversum
1521 3879 1589 3941 in
1627 3878 1902 3943 alicuius
1938 3878 2309 3959 perniciem.

368 3966 712 4034 Sententia
747 3977 846 4031 est
882 3965 1203 4032 catholica
1235 3962 1411 4047 apud
1435 3963 1744 4040 GraecOS,
1770 3969 1999 4044 χαλέπη
2032 3972 2140 4042 μὲν
2173 3963 2313 4048 ὀργὴ

365 4057 677 4152 βαῇιλῆος,
727 4074 925 4135 quam
967 4051 1170 4115 latine
1217 4047 1470 4116 Setieca
1509 4048 1785 4131 protulit
1827 4051 1894 4114 iu
1942 4049 2203 4115 Medea:

846 4139 1036 4191 Gravis
1072 4139 1152 4190 ira
1188 4154 1371 4205 regum
1408 4145 1493 4189 est
1529 4152 1755 4204 semper.

366 4225 579 4291 Debet
647 4246 804 4308 ergo
868 4225 1172 4306 princeps
1236 4224 1559 4288 concitare
1628 4220 2125 4286 admirationem
2190 4223 2313 4301 sui,

367 4313 472 4393 qui
531 4311 862 4377 communi
916 4310 1088 4373 malo
1147 4319 1491 4391 exemptus
1544 4317 1657 4372 est.
1751 4307 1973 4387 Quare
2027 4325 2157 4372 non
2200 4307 2313 4379 abs

369 4419 436 4461 re
479 4397 648 4462 illud
693 4398 773 4461 ab
820 4394 1059 4460 Ovidio
1104 4397 1276 4459 inter
1319 4391 1544 4458 laudes
1591 4394 1823 4459 Liviae
1866 4395 2167 4476 positum,

2419 3813 2679 3875 semper
2733 3793 2868 3856 fere
2922 3814 3165 3876 pacem.
3267 3793 3453 3857 Haec
3506 3793 3721 3876 etiam·
3758 3793 3904 3874 ipsa
3946 3801 4045 3856 est
4089 3792 4366 3875 insignis

2416 3877 2529 3942 illa
2574 3877 2840 3956 εὐθυμία
2882 3876 3278 3955 Democriti,
3337 3877 3510 3942 dieta
3555 3879 3739 3960 quasi
3785 3879 3984 3942 animi
4033 3879 4362 3942 alacritas:

2419 3964 2499 4029 de
2533 3986 2663 4046 qua
2687 3963 2916 4030 Cicero
2950 3966 3020 4027 in
3046 3964 3129 4027 V.
3170 3963 3249 4028 de
3273 3964 3550 4030 Finibus
3585 3971 3652 4028 et
3680 3962 3811 4027 Dio
3859 3985 4011 4027 ones
4037 3963 4361 4028 Laertius.

2601 4050 3009 4115 ostentandae
3049 4071 3168 4131 per
3208 4056 3472 4114 terrores
3514 4050 3823 4130 potentiae
3900 4050 4361 4131 'tyrannorum

2419 4147 2519 4202 est
2576 4136 2699 4201 hoc
2758 4136 3052 4213 solenne,
3122 4147 3350 4218 putare
3409 4137 3727 4201 abiectam
3783 4157 3924 4199 esse
3980 4137 4359 4217 potentiam,

2416 4245 2616 4305 quam
2687 4244 2818 4286 non
2886 4221 3117 4287 alienis
3181 4222 3464 4286 miseriis
3531 4229 3897 4284 exerceant.
4001 4220 4115 4286 Sic
4169 4244 4363 4304 saepe
4431 4210 4446 4230 ⁰

2416 4309 2582 4374 tales
2635 4328 2951 4392 personae
3011 4330 3051 4372 a
3106 4309 3400 4391 Tragicis
3454 4307 3877 4370 inducuntur.
3976 4308 4151 4372 Nero
4192 4309 4364 4391 apud

2418 4394 2740 4460 Senecam
2783 4395 2852 4458 in
2895 4392 3199 4460 Octavia:

571 4499 687 4553 Nec
724 4500 973 4552 nocuisse
1012 4481 1135 4565 ulli,
1163 4507 1218 4550 et
1253 4498 1521 4550 fortunam
1558 4497 1809 4550 habuisse
1846 4496 2089 4563 nocendi,
3003 4481 3191 4535 Calcat
3225 4480 3486 4533 iacentem
3520 4479 3728 4545 vulgus·

673 4567 789 4622 Nec
825 4583 1127 4635 quenquam
1162 4583 1358 4620 ¹¹⁸¹'V08
1395 4566 1701 4620 extimuisse
1741 4581 1884 4619 suos.
2419 4567 2523 4630 Ita
2566 4565 2914 4631 saeviendo
2958 4567 3386 4649 experiuntur
3421 4573 3738 4647 quantum
3784 4565 3906 4629 sibi
3944 4566 4153 4631 liceat.

368 4656 455 4719 Et
508 4657 565 4719 si
625 4674 860 4719 verum
914 4663 1015 4717 est
1067 4652 1240 4734 quod
1296 4653 1388 4716 ait
1428 4650 1774 4717 Hebraeus
1828 4653 2312 4733 paroemiastes,
2594 4650 2939 4731 Gontiana»,
2983 4655 3107 4716 imo
3149 4649 3565 4737 constrictum]
3625 4651 3817 4717 Hanc
3861 4653 4144 4736 figuram
4186 4650 4365 4728 μετοί-

368 4742 476 4807 Ira
519 4742 731 4825 regis,
791 4740 1072 4805 nuncius
1116 4738 1371 4804 mortis:
1429 4759 1562 4802 non
1605 4737 1840 4802 ultima
1880 4737 2025 4802 laus
2070 4746 2195 4814 est,
2241 4737 2313 4801 in
2420 4762 2582 4800 νοιαν
2625 4749 2864 4805 vocant
2906 4737 3221 4815 rhetores,
3269 4759 3466 4819 quam
3507 4739 3930 4819 interpretari
3975 4738 4180 4820 possis
4215 4759 4367 4821 poe·

370 4823 845 4893 constituendis
897 4826 1120 4907 poenis
1175 4847 1257 4889 ne
1301 4823 1634 4888 tantulum
1678 4823 1940 4905 quidem
1985 4824 2121 4887 irae
2165 4844 2313 4905 per-
2419 4825 2799 4902 nitentiam,
2861 4845 3028 4907 quae
3083 4823 3254 4890 tollit
3310 4823 3480 4905 quod
3539 4823 3786 4888 dictum
3830 4833 3957 4902 est,
4019 4831 4086 4887 et
4129 4844 4247 4906 pro
4291 4846 4368 4889 eo

370 4915 638 4979 misisse.
764 4911 934 4976 Nolo
1010 4911 1119 4975 hic
1195 4910 1541 4993 indulgere
1606 4909 1865 4993 longius
1933 4908 2314 4974 ambitiosae
2419 4911 2634 4994 magis
2700 4910 3012 4974 idoneum
3076 4910 3348 4994 reponit.
3456 4908 3630 4974 Vide
3692 4911 4017 4975 Rutilium
4085 4910 4368 4994 Lupum.

370 4999 822 5075 ostentationi;
867 4997 1372 5063 declamationes
1415 4996 1784 5061 rhetoribus
1826 4994 2141 5077 relinquo.
2423 4994 2873 5076 Quintilianus
2929 5003 2995 5060 et
3039 4995 3268 5061 Cicero
3325 4997 3793 5066 correctionem
3839 5004 4094 5062 vocant.
4187 4996 4370 5060 Non-

541 5084 854 5149 Iuvenilis
894 5080 1192 5169 impetus]
1239 5081 1425 5147 Haec
1471 5090 1652 5146 aetas
1689 5083 1949 5147 veniam
1982 5080 2318 5146 interdum
2420 5104 2760 5165 nunquam
2805 5083 3233 5148 correctiones
3279 5090 3437 5147 sunt
3477 5083 3787 5160 ironicae,
3835 5091 3910 5146 ut
3951 5081 4065 5145 illa
4110 5080 4371 5148 Cicero-

373 5191 487 5253 pro
539 5170 809 5235 homine
867 5169 1267 5252 deprecatur.
1368 5168 1665 5244 Erravit,
1712 5168 2047 5250 inquiunt,
2093 5168 2316 5252 lapsus
3749 5198 3774 5214 κ

378 5267 474 5321 est
515 5257 750 5323 aetatis
794 5254 1123 5322 tirocinio:
1177 5255 1330 5318 anni
1374 5252 1889 5318 moderationem
1931 5252 2176 5318 addent
2193 5306 2207 5330 ,
2251 5262 2317 5319 et
3268 5295 3274 5305 ·

380 5345 520 5420 [pag.
567 5348 671 5420 ιο]
708 5341 1139 5425 prudentiam.
1211 5338 1527 5406 Naturale
1563 5346 1665 5404 est
1702 5345 1775 5402 ut
1810 5339 1971 5404 haec
2009 5347 2191 5405 aetas
2228 5341 2315 5405 sit
2569 5355 2627 5420 1)
2667 5356 2761 5410 Ita
2796 5358 2959 5412 eum
2994 5357 3259 5413 editiones
3297 5357 3529 5412 Senecae
3561 5355 3903 5410 recentiores.

3900 5440 3964 5494 2*

2424 5251 2559 5256 ,ῄᾎ-
2575 5249 2768 5256 -..ἦ
