5100 6061
747 434 868 497 387

751 620 1034 686 riculum
1070 621 1428 696 imminere,
1467 620 1593 684 nisi
1630 619 1887 683 obviam
1923 624 2128 693 eatur,
2166 618 2309 698 quis
2343 617 2511 681 mihi
2548 639 2699 682 con-

754 706 947 782 sulat,
972 715 1050 768 ut
1074 707 1307 769 tacitus
1332 727 1404 770 ac
1429 725 1694 770 securus
1721 704 1966 767 exitum
1998 702 2407 784 exspectem?
2471 702 2698 782 Quan-

761 803 882 868 tae,
922 791 1202 865 obsecre,
1248 790 1573 854 socordiae
1617 789 1684 853 id
1731 796 1918 866 esset,
1967 788 2245 851 otiosum
2273 797 2338 851 et
2381 788 2563 853 velut
2596 810 2698 852 os-

757 878 1066 941 citantem
1126 877 1475 941 cennivere
1533 873 1614 938 ad
1671 876 1812 939 eius
1868 874 2176 951 exitium,
2245 872 2327 938 ad
2373 874 2556 938 cuius
2600 875 2698 939 vi-

759 971 897 1027 tam
921 961 1232 1026 tuendam
1268 971 1334 1025 et
1366 958 1875 1026 conservandam
1902 959 2227 1023 excubare
2252 958 2527 1024 debeas?
2576 960 2698 1024 At-

758 1049 871 1129 qui
918 1068 1324 1130 supervacua
1368 1047 1473 1110 hic
1518 1047 1685 1110 feret
1733 1044 1990 1128 longior
2028 1045 2264 1122 erati0‚
2318 1044 2577 1126 quande
2627 1053 2698 1108 tu

755 1134 897 1215 ipse
929 1153 1044 1196 -me
1088 1134 1266 1197 omni
1305 1131 1684 1198 difficultate
1739 1130 1992 1195 liberas.
2059 1130 2231 1193 Nam
2275 1131 2331 1194 si
2375 1131 2699 1207 vicinitas,

759 1227 825 1282 et
868 1218 981 1281 illa
1023 1239 1155 1282 nen
1200 1217 1359 1281 adeo
1405 1219 1793 1299 propinqua,
1843 1223 2098 1279 tantum
2144 1214 2317 1295 apud
2362 1223 2424 1279 te
2469 1216 2699 1291 valuit,

759 1312 835 1367 ut
882 1303 1037 1367 dum
1081 1313 1259 1367 tuam
1306 1325 1462 1386 erga
1507 1303 1878 1367 Genevates
1937 1300 2350 1365 dilectionem
2405 1302 2508 1365 vis
2550 1321 2701 1383 pre-

759 1390 962 1465 fiteri‚
1019 1411 1148 1453 nen
1207 1388 1528 1452 dubitaris
1583 1395 1767 1451 tanta
1822 1387 2162 1450 atrocitate
2217 1408 2321 1451 me
2369 1408 2442 1452 ac
2487 1408 2701 1451 meam

2438 496 2450 511 ,
2483 381 3006 494 888ΡοΝ810

2750 1301 2755 1360 ὲ

2751 1371 2755 1394 Ι

758 1478 999 1539 famam
1043 1475 1385 1556 impetere,
1433 1474 1598 1537 mihi
1641 1473 1926 1555 profecto
1971 1471 2402 1536 humanitatis
2450 1472 2593 1553 lege
2636 1470 2702 1534 id
2752 1461 2756 1542 Ξ

673 1637 680 1640 ,
757 1560 1160 1636 concedetur,
1199 1567 1274 1623 ut
1309 1559 1464 1623 dum
1506 1559 1696 1640 cupio
1740 1557 1995 1639 publico
2030 1558 2169 1621 eius
2214 1558 2496 1622 civitatis
2533 1560 2702 1623 bene
2752 1605 2757 1628 .

2752 1663 2755 1672 ·
2808 1643 3059 1706 Verum
3104 1642 3303 1716 istud,
3348 1640 3518 1723 quod
3561 1640 3785 1704 multis
3838 1641 4059 1704 forsan
4102 1640 4405 1706 credibile
4457 1644 4753 1707 futurum

757 1645 1124 1722 consulere,
1200 1667 1363 1727 quae
1419 1644 1582 1707 mihi
1638 1642 1831 1723 lenge
1887 1642 2014 1707 alio
2081 1664 2277 1724 quam
2345 1643 2703 1709 vicinitatis

756 1731 900 1795 iure
945 1730 1398 1795 commendata
1439 1748 1578 1792 esse
1623 1726 1841 1804 debet,
1885 1728 2046 1791 mihi
2093 1729 2358 1793 consilia
2402 1735 2702 1793 cenatus-

756 1838 884 1898 que
928 1827 1090 1892 tues,
1128 1838 1286 1896 ques
1322 1817 1388 1877 in
1431 1815 1570 1878 eius
1605 1814 1957 1894 perniciem
1991 1812 2257 1879 tendere
2292 1835 2425 1878 nen
2462 1814 2701 1891 dubito,
2753 1863 2756 1880 .

759 1901 1177 1982 interpellare
1234 1901 1442 1962 liceat.
1509 1898 1616 1962 Ad
1656 1899 1849 1975 haec,
1896 1908 1970 1962 ut
2013 1900 2348 1964 ecclesiam
2397 1900 2702 1965 Geneva-
2752 1929 2756 1998 2

763 1989 927 2050 tium
970 1986 1240 2048 minime
1277 1980 1618 2066 respiciam
1662 1985 1875 2064 (cuius
1912 1993 2083 2048 certe
2120 2005 2342 2049 curam
2387 2007 2518 2050 nen
2564 2007 2702 2048 ma-

759 2073 861 2155 gis
904 2092 1098 2153 quam
1142 2072 1440 2152 propriae
1477 2071 1731 2132 animae
1777 2068 2052 2135 abiicere
2097 2071 2425 2152 possum),
2472 2070 2585 2135 sed
2629 2082 2705 2133 ut

760 2156 942 2221 nulle
1000 2156 1140 2219 eius
1196 2155 1411 2219 studio
1466 2156 1739 2228 afficiar,
1798 2154 1908 2219 ubi
1971 2164 2194 2220 tamen
2261 2156 2704 2220 ministerium

759 2263 981 2305 meum
1018 2240 1216 2321 (qued
1254 2241 1512 2323 quidem
1550 2249 1623 2303 ut
1656 2261 1696 2302 a
1731 2240 1997 2305 Christe
2033 2263 2174 2306 esse
2211 2244 2380 2318 nevi,
2419 2242 2512 2305 ita
2555 2262 2703 2306 san-

761 2327 961 2410 guine
1006 2347 1181 2403 mee,
1228 2328 1282 2390 si
1326 2349 1486 2408 opus
1531 2327 1642 2402 sit,
1701 2325 2169 2392 vindicandum
2222 2327 2386 2391 mihi
2428 2332 2544 2405 [fel.
2599 2331 2701 2406 19]

760 2412 891 2493 est)
937 2412 1094 2476 false
1155 2412 1525 2478 traducitur
1579 2431 1654 2475 ac
1698 2412 2167 2494 proscinditur,
2214 2414 2325 2495 qui
2360 2412 2525 2476 mihi
2573 2412 2704 2475 dis-

759 2497 1148 2562 simulanter
1201 2496 1267 2560 id
1321 2498 1492 2562 ferre
1538 2497 1767 2561 liceat?
1833 2498 2062 2580 Itaque
2118 2519 2246 2562 nen
2306 2500 2530 2580 aequis
2576 2497 2702 2562 lec-

691 2659 700 2666 „
761 2581 1006 2647 toribus
1040 2583 1231 2647 mede
1267 2582 1572 2660 iudicare,
1611 2582 1723 2647 sed
1766 2584 1888 2647 tibi
1931 2605 2199 2665 quoque,
2239 2582 2560 2660 Sadelete‚
2601 2605 2703 2647 re-

759 2677 990 2751 putare
1048 2678 1422 2751 promptum
1466 2677 1594 2745 est,
1651 2677 1808 2749 quot
1860 2679 1927 2733 οι
1960 2691 2156 2751 quam
2201 2670 2389 2735 iustis
2432 2670 2703 2734 rationi-

759 2755 881 2818 bus
919 2763 1196 2830 coactus,
1235 2756 1307 2817 in
1350 2754 1474 2819 hec
1509 2761 1839 2819 certamen
1876 2755 2350 2821 descenderim:
2390 2757 2445 2819 si
2482 2764 2704 2819 tamen

760 2848 1089 2904 certamen
1148 2839 1272 2904 dici
1331 2849 1646 2916 meretur,
1703 2840 1981 2923 simplex
2027 2848 2092 2905 et
2131 2840 2469 2906 moderata
2511 2841 2703 2904 inno-

759 2926 1010 2989 centiae
1054 2947 1238 2990 meae
1283 2924 1594 2991 adversus
1639 2925 2070 2991 calumniosas
2116 2933 2262 2991 tuas
2306 2927 2701 2993 criminatio-

759 3034 878 3076 nes
934 3010 1234 3076 defensiO.
1304 3013 1524 3077 Meam
1574 3013 2011 3078 innocentiam
2057 3012 2230 3089 dice,
2277 3012 2540 3077 tametsi
2584 3033 2702 3094 pre

760 3118 866 3160 me
899 3118 1090 3179 agere
1125 3120 1257 3162 nen
1283 3120 1562 3180 pessum,
1591 3099 1748 3179 quin
1781 3099 2062 3182 collegas
2092 3098 2287 3164 simul
2326 3119 2505 3162 meos
2528 3117 2701 3161 cem-

758 3183 1026 3264 piectar,
1064 3183 1448 3265 quibuscum
1479 3184 1765 3248 rationes
1801 3205 2024 3248 omnes
2062 3184 2156 3248 sic
2181 3184 2348 3247 mihi
2390 3184 2463 3247 in
2495 3183 2700 3247 admi-

758 3269 1143 3333 nistratione
1201 3269 1315 3333 illa
1366 3270 1630 3333 fuerunt
1686 3269 2097 3345 coniunctae,
2145 3279 2222 3332 ut
2264 3268 2578 3351 quidquid
2622 3268 2701 3333 de

757 3353 888 3418 illis
945 3353 1192 3418 dictum
1248 3356 1472 3430 fuerit,
1530 3355 1603 3418 in
1659 3376 1764 3419 me
1819 3354 2098 3419 libenter
2153 3355 2481 3437 recipiam.
2556 3355 2703 3418 Iam

759 3460 918 3502 vero
963 3460 1155 3519 quem
1198 3441 1488 3504 animum
1530 3439 1598 3503 in
1643 3460 1838 3505 causa
1880 3440 2003 3506 hac
2061 3439 2414 3505 adversum
2449 3448 2514 3505 te
2560 3461 2702 3505 sus-

759 3522 1058 3606 cipienda
1100 3524 1316 3601 habui,
1362 3546 1513 3590 eum
1556 3528 1698 3607 ipsa
1738 3547 1994 3607 queque
2038 3527 2290 3591 actione
2334 3527 2559 3591 testari
2604 3533 2702 3589 at-

760 3631 885 3691 que
930 3611 1288 3693 approbare
1332 3610 1619 3675 studebe.
1684 3612 1950 3676 Faciam
1995 3613 2169 3676 enim
2214 3619 2290 3676 ut
2332 3633 2557 3676 omnes
2599 3613 2700 3675 in—

761 3695 1078 3778 telligant,
1102 3716 1234 3759 non
1270 3717 1503 3761 causae
1539 3696 1728 3763 mede
1752 3696 2042 3762 bonitate
2069 3707 2136 3762 et
2171 3698 2510 3780 aequitate,
2549 3719 2702 3763 con-

761 3782 1067 3846 scientiae
1091 3782 1496 3858 rectitudine,
1523 3781 1731 3848 cordis
1769 3783 2160 3862 sinceritate,
2198 3785 2515 3849 sermonis
2552 3804 2702 3849 can-

761 3865 915 3931 dere
959 3887 1064 3930 me
1108 3888 1251 3931 esse
1295 3866 1500 3932 multe
1544 3869 1970 3949 superiorem:
2020 3868 2133 3933 sed
2177 3870 2374 3934 etiam
2429 3870 2501 3932 in
2545 3870 2702 3933 reti-

763 3952 980 4016 nenda
1022 3952 1293 4018 lenitate
1337 3963 1402 4016 et
1444 3953 1763 4018 modestia
1803 3954 2134 4035 aliquanto
2178 3955 2700 4019 constantiorem.

759 4039 983 4101 Erunt
1025 4060 1182 4102 sane
1218 4038 1452 4120 aliqua,
1491 4060 1655 4120 quae
1691 4041 1980 4104 animum
2017 4049 2202 4104 tuum
2239 4040 2343 4104 vel
2387 4052 2699 4124 pungent,

761 4123 866 4186 vel
906 4125 1069 4187 ferte
1103 4124 1302 4188 etiam
1335 4125 1771 4190 lancinabunt.
1821 4125 2007 4190 Dabo
2043 4134 2263 4190 tamen
2296 4147 2581 4208 operam,
2619 4147 2702 4189 ne

761 4230 888 4290 qua
922 4230 1051 4273 vex
1087 4211 1374 4290 asperior
1402 4231 1443 4274 a
1466 4231 1570 4274 me
1606 4220 1821 4275 exeat:
1870 4212 1996 4275 nisi
2034 4232 2229 4293 quam
2257 4212 2359 4276 vel
2395 4212 2702 4293 iniquitas

760 4295 1190 4360 accusationis
1235 4305 1417 4372 tuae,
1462 4317 1590 4377 qua
1631 4317 1776 4360 sum
1820 4297 1997 4377 prior
2045 4298 2410 4379 impetitus,
2457 4297 2562 4363 vel
2607 4298 2702 4361 rei

761 4381 1111 4445 necessitas
1158 4382 1516 4445 exterserit.
1586 4381 1868 4460 Deinde,
1915 4404 1997 4447 ne
2040 4382 2122 4446 ad
2166 4382 2452 4465 aliquam
2496 4404 2704 4464 usque

759 4466 1214 4547 intemperiem
1249 4476 1362 4529 aut
1396 4468 1847 4549 impotentiam
1882 4476 2181 4550 erumpat
2215 4468 2375 4531 haec
2418 4469 2561 4549 ipsa
2597 4489 2701 4533 as-

758 4553 1021 4634 peritaS,
1047 4572 1214 4616 neve
1239 4551 1375 4616 ulla
1409 4553 1814 4633 procacitatis
1848 4555 2059 4636 specie
2095 4555 2414 4637 ingenuos
2451 4554 2702 4618 animes

758 4636 1065 4702 offendat.

931 4724 1031 4787 Ac
1074 4722 1406 4804 principie,
1446 4724 1497 4786 si
1542 4744 1689 4787 cum
1726 4723 1852 4788 alie
1888 4725 2177 4807 quelibet
2212 4724 2330 4789 tibi
2365 4725 2703 4807 negotium

757 4815 960 4886 esset,
1005 4830 1139 4872 nen
1183 4807 1443 4873 aliunde
1484 4809 1708 4892 procul
1751 4808 1946 4875 dubio
1994 4812 2335 4892 inciperet,
2383 4831 2578 4891 quam
2622 4810 2700 4873 ab

760 4917 836 4959 eo
881 4902 1300 4977 argumente,
1347 4893 1516 4975 qued
1573 4915 1693 4977 ego
1737 4896 1804 4958 in
1858 4906 2064 4960 tetum
2112 4897 2465 4979 praeterire
2507 4896 2700 4959 insti-

761 4980 876 5044 tui.
935 4979 1293 5053 Consilium
1326 4981 1500 5044 enim
1537 4979 1859 5044 scribendi
1895 4989 2083 5045 tuum
2116 5003 2247 5045 nen
2283 4982 2423 5047 sine
2459 5003 2569 5044 ma
2616 5004 2702 5046 na

762 5067 973 5146 specie
1031 5066 1420 5147 exagitaret,
1479 5064 1678 5129 denec
1734 5064 1947 5146 palam
2003 5068 2275 5146 faceret,
2332 5075 2397 5131 te
2441 5003 2701 5150 quidvis

762 5151 975 5231 potius
1029 5151 1367 5215 scribendo
1424 5151 1808 5233 quaesiisse,
1855 5172 2049 5232 quam
2093 5152 2264 5236 qued
2308 5152 2697 5235 praet-endis.

763 5235 907 5299 Nisi
951 5238 1125 5300 enim
1169 5258 1476 5320 magnam
1514 5234 1810 5300 canderis
1847 5239 1942 5300 tui
1986 5236 2179 5302 fidem
2225 5240 2408 5321 prius
2452 5240 2731 5316 feceriS,¹

762 5320 1127 5402 suspicione
1180 5343 1313 5386 non
1357 5331 1566 5401 caret,
1611 5321 1777 5405 qued
1824 5322 2020 5388 homo
2064 5323 2345 5403 alienus,
2387 5325 2492 5389 cui
2535 5324 2702 5388 nihil

2752 2013 2757 2050 i

4626 419 4751 492 388‘

2802 624 2995 681 antea
3059 638 3204 682 cum
3271 617 3508 700 populo
3573 617 3923 699 genevensi
3978 613 4479 680 necessitudinis
4532 617 4743 696 fuerit,

2802 711 3056 767 tantam
3113 725 3285 767 nunc
3331 712 3598 784 repente
3656 701 4178 765 benevolentiam
4225 722 4379 783 erga
4425 722 4576 765 eum
4622 710 4745 766 tes-

2802 789 2994 866 taris,
3067 788 3250 853 cuius
3316 788 3569 851 nullum
3622 795 3814 850 antea
3870 788 4131 869 signum
4185 788 4535 850 exstiterit:
4586 796 4652 851 et
4690 789 4745 853 is

2804 873 3028 950 hemo,
3075 875 3186 955 qui
3239 894 3440 956 prope
3500 895 3539 937 a
3592 871 3877 955 pueritia
3929 870 4219 936 imbutus
4262 873 4547 936 romanis
4593 874 4747 937 arti-

2803 959 2945 1033 bus,
2992 959 3215 1040 quales
3251 959 3497 1024 scilicet
3531 977 3707 1021 nunc
3743 956 4086 1022 discuntur
4127 958 4199 1020 in
4242 978 4511 1022 romana
4547 959 4745 1038 curia,

2804 1044 2875 1107 in
2930 1044 3046 1108 illa
3100 1045 3472 1109 calliditatis
3528 1063 3602 1108 ac
3645 1044 4085 1107 versutiarum
4129 1044 4422 1106 emnium
4468 1045 4744 1123 officina,

2805 1128 3090 1212 adeoque
3121 1131 3189 1194 in
3224 1132 3375 1194 sinu
3411 1129 3772 1193 Clementis
3809 1127 4140 1209 educatus,
4176 1149 4352 1191 nunc
4386 1130 4583 1193 etiam
4618 1130 4746 1193 fac-

2804 1223 2910 1279 tus
2938 1216 3303 1292 cardinalis,
3331 1215 3568 1278 multas
3602 1223 3792 1277 notas
3827 1213 4044 1290 habes,
4080 1234 4245 1294 quae
4274 1222 4339 1278 te
4368 1226 4747 1298 suspectum

2806 1299 3129 1382 plerisque
3172 1304 3306 1364 fere
3350 1300 3647 1364 omnibus
3706 1299 3827 1362 hac
3873 1300 3941 1361 in
3986 1311 4171 1381 parte
4213 1299 4505 1365 reddant.
4575 1301 4748 1364 Insi-

2807 1387 3150 1450 nuationes
3193 1407 3348 1450 vere
3390 1386 3542 1449 illae
3587 1393 3758 1460 tuae,
3800 1384 4037 1465 quibus
4078 1386 4149 1448 in
4191 1384 4587 1467 simplicium
4634 1386 4747 1451 he-

2807 1472 3058 1534 minum
3100 1473 3350 1536 animes
3384 1473 3658 1534 influere
3698 1479 3764 1533 te
3799 1489 3985 1551 posse
4031 1469 4375 1547 credidisti,
4419 1471 4599 1536 nullo
4634 1494 4748 1536 ne-

2809 1557 2981 1638 gotio
3038 1557 3491 1621 refellerentur
3536 1555 3617 1618 ab
3670 1555 3937 1620 homine
3981 1576 4114 1619 nen
4156 1576 4424 1638 prorsus
4468 1556 4746 1640 stupide.

2806 1728 2908 1804 sit,
2956 1729 3105 1810 quia
3149 1729 3314 1792 mihi
3357 1726 3585 1792 cadere
3620 1747 3752 1789 nen
3795 1725 4060 1790 videtur
4101 1727 4171 1790 in
4217 1727 4552 1791 hominem
4586 1728 4752 1793 libe-

2807 1813 3049 1878 ralibus
3094 1813 3391 1878 omnibus
3437 1811 3749 1876 doctrinis
3795 1811 4173 1892 expolitum,
4221 1811 4585 1878 adscribere
4630 1814 4754 1878 tibi

2808 1901 2975 1966 nole.
3051 1902 3267 1984 Agam
3322 1901 3524 1982 igitur
3577 1895 3847 1981 perinde
3903 1901 4018 1973 [fol.
4089 1903 4195 1975 20]
4251 1910 4496 1975 tecum,
4556 1921 4631 1964 ac
4693 1900 4751 1965 si

2808 1987 3052 2070 optimo
3077 1988 3310 2064 anime,
3337 1980 3878 2067 quemadmodum
3906 1982 4153 2047 scilicet
4185 1984 4404 2047 virum
4436 1985 4565 2048 ista
4599 1985 4750 2048 doc-

2808 2074 3000 2148 trina,
3046 2072 3416 2155 prudentia,
3464 2070 3785 2152 gravitate
3828 2068 4194 2150 praeditum
4241 2067 4443 2145 decet,
4490 2068 4573 2134 ad
4612 2071 4752 2136 Gre-

2809 2165 3077 2223 nevates
3129 2157 3483 2241 scripseris,
3532 2155 3937 2235 suaserisque
3981 2155 4149 2218 bona
4190 2153 4319 2218 fide
4363 2155 4536 2235 ipsis,
4583 2177 4752 2237 quae

2810 2243 2891 2308 ad
2967 2265 3191 2309 eorum
3266 2244 3543 2308 salutem
3620 2239 4260 2321 incolumitatemque
4356 2240 4754 2318 videbantur

2808 2328 2920 2393 tibi
2954 2331 3301 2412 pertinere.
3358 2328 3628 2403 Verum,
3665 2323 4129 2408 qualiscunque
4166 2324 4281 2389 tibi
4316 2326 4575 2390 animus
4610 2327 4753 2392 fue-

2807 2416 2894 2479 rit
2937 2416 3271 2496 (queniam
3314 2433 3591 2499 gravare
3633 2425 3700 2477 te
3742 2410 3990 2475 invidia
4031 2411 4102 2474 in
4144 2409 4268 2475 hac
4322 2426 4509 2493 parte
4544 2413 4752 2495 nolo),

2808 2500 2981 2583 qued
3029 2510 3248 2566 tamen
3274 2521 3367 2578 ea,
3414 2519 3577 2581 quae
3614 2498 3745 2562 illis
3787 2497 4131 2560 aDomino
4166 2518 4284 2579 per
4326 2518 4755 2574 manusnos-

2807 2595 2941 2652 tras
2986 2588 3226 2667 tradita
3261 2597 3434 2663 sunt,
3471 2606 3668 2666 quam
3714 2583 4127 2647 acerbissima
4170 2591 4351 2664 potes
4395 2584 4756 2647 verberum

2808 2673 3200 2738 contumelia
3241 2673 3489 2737 laceras
3535 2678 3601 2733 et
3643 2667 4033 2734 labefactare
4078 2667 4160 2732 ad
4205 2679 4572 2732 extremum
4610 2689 4757 2733 mo-

2805 2758 2946 2846 liris
2964 2810 2977 2835 ,
3044 2760 3115 2822 in
3180 2780 3254 2823 eo
3321 2756 3439 2822 tibi
3498 2763 3751 2837 aperte,
3827 2754 4023 2818 velim
4087 2753 4315 2831 nolim,
4394 2754 4758 2819 reclamare

2806 2865 3014 2927 cogor.
3083 2843 3196 2910 Sic
3232 2845 3407 2909 enim
3450 2842 3715 2906 demum
3759 2837 4097 2904 ecclesiam
4141 2839 4489 2903 aedificant
4532 2847 4759 2921 pasto-

2805 2951 2928 3008 res,
2954 2932 3009 2995 si
3046 2952 3179 2994 nen
3215 2929 3452 2995 dociles
3486 2925 3677 2992 mede
3715 2926 3969 2990 animas
4004 2924 4086 2987 ad
4123 2925 4462 2989 Christum
4497 2925 4761 3007 placide

2805 3038 3006 3082 manu
3048 3016 3320 3094 ducunt,
3368 3014 3481 3080 sed
3525 3014 3759 3077 armati
3803 3011 4000 3076 etiam
4043 3023 4198 3075 sunt
4241 3008 4324 3075 ad
4361 3010 4762 3094 propulsan-

2806 3102 2922 3167 das
2980 3123 3206 3168 eorum
3261 3101 3803 3175 machinationes,
3873 3098 3985 3179 qui
4042 3099 4166 3162 Dei
4216 3118 4377 3179 opus
4432 3098 4761 3180 impedire

2806 3189 3159 3253 enituntur.
3222 3187 3510 3252 Tametsi
3555 3185 3785 3267 longas
3829 3185 4134 3268 ambages
4189 3183 4388 3247 habet
4431 3194 4546 3247 tua
4587 3184 4762 3265 Epi·

2806 3274 2998 3338 stola:
3052 3275 3122 3338 in
3178 3274 3300 3339 hac
3355 3280 3573 3337 tamen
3628 3270 3971 3353 praecipue
4026 3286 4281 3334 summa
4323 3270 4632 3345 vertitur,
4679 3279 4765 3332 ut

2804 3358 2949 3424 illes
3006 3361 3079 3424 in
3130 3366 3520 3442 potestatem
3562 3357 3814 3421 romani
3859 3355 4177 3437 pontificis
4225 3354 4530 3436 recipias,
4579 3353 4763 3437 qued

2806 3466 2999 3510 vocas
3052 3446 3124 3508 in
3182 3444 3380 3509 fidem
3434 3442 3995 3522 obedientiamque
4062 3440 4367 3505 ecclesiae
4423 3439 4759 3504 reducere.

2806 3528 2941 3595 Sed
2998 3531 3153 3612 quia
3207 3531 3280 3595 in
3324 3542 3520 3595 causa
3574 3549 3806 3609 parum
3862 3525 4202 3591 favorabili
4256 3524 4761 3608 praemelliendi

2806 3624 2992 3681 erant
3034 3618 3267 3695 animi,
3323 3615 3521 3697 longa
3574 3614 3868 3678 eratione
3911 3611 4255 3694 praefaris,
4302 3609 4380 3675 de
4420 3612 4761 3692 incompa-

2804 3702 2996 3767 rabili
3042 3709 3345 3766 aeternae
3388 3702 3563 3765 vitae
3609 3700 3795 3763 bene.
3873 3696 4132 3761 Deinde
4178 3696 4260 3761 ad
4298 3717 4561 3763 causam
4594 3716 4761 3777 pro-

2805 3787 2953 3871 pius
2998 3787 3277 3865 accedis,
3325 3806 3530 3869 quum
3575 3785 3979 3849 demonstras
4023 3783 4278 3847 nullam
4325 3802 4465 3847 esse
4508 3803 4760 3846 necen-

2806 3874 3037 3938 tiorem
3081 3871 3421 3938 animabus
3464 3877 3734 3953 pestem,
3781 3889 3979 3951 quam
4013 3888 4397 3950 perversum
4441 3866 4569 3949 Dei
4605 3866 4761 3932 cul-

2805 3968 2966 4023 tum.
3034 3958 3142 4022 Ad
3188 3960 3382 4036 haec,
3430 3957 3557 4022 Dei
3603 3958 3727 4020 rite
3772 3953 4021 4020 colendi
4056 3975 4201 4018 eam
4247 3974 4388 4018 esse
4432 3954 4761 4034 eptimam

2804 4045 3118 4127 regulam,
3161 4065 3325 4126 quae
3369 4043 3448 4107 ab
3494 4042 3765 4108 ecclesia
3806 4038 4282 4124 praescribitur.
4340 4039 4579 4104 Actum
4624 4038 4761 4120 igi·

2805 4139 2917 4195 tur
2939 4152 3078 4195 esse
3102 4127 3181 4193 de
3203 4151 3426 4195 eorum
3453 4128 3681 4203 salute,
3712 4128 3823 4210 qui
3858 4125 4163 4191 ecclesiae
4198 4126 4516 4188 unitatem
4551 4124 4761 4188 abru-

2805 4224 3058 4298 perunt,
3107 4215 3232 4279 nisi
3274 4215 3677 4296 resipiscant.
3745 4214 3985 4277 Postea
4022 4233 4181 4275 vero
4226 4209 4562 4275 contendis
4607 4228 4761 4271 ma-

2805 4302 3110 4366 nifestam
3146 4322 3285 4366 0880
3320 4301 3401 4365 ab
3437 4299 3706 4365 ecclesia
3740 4296 4183 4375 defectionem,
4228 4296 4399 4378 qued
4444 4317 4483 4359 a
4524 4306 4763 4359 vestra

2806 4387 3112 4451 societate
3150 4386 3457 4451 disiuncti
3493 4394 3661 4450 sunt.
3732 4383 4005 4461 Deinde,
4044 4382 4213 4464 qued
4250 4403 4289 4445 a
4324 4382 4509 4445 nobis
4544 4401 4759 4444 evan-

2804 4471 3049 4555 gelium
3093 4477 3496 4553 acceperunt,
3534 4470 3700 4534 nihil
3743 4492 3885 4535 esse
3928 4490 4123 4551 quam
4166 4488 4473 4550 magnam
4514 4466 4758 4548 impio-

2805 4578 2952 4620 rum
2997 4556 3370 4640 dogmatum
3421 4557 3833 4638 farraginem.
3900 4552 4066 4618 Inde
4109 4576 4263 4637 erge
4308 4553 4571 4617 demum
4614 4550 4759 4615 cel-

2802 4642 2971 4725 ligis,
3016 4642 3206 4725 quale
3250 4644 3373 4707 Dei
3419 4641 3729 4706 iudicium
3772 4662 3883 4707 eos
3926 4649 4214 4717 maneat,
4260 4639 4388 4703 nisi
4429 4639 4558 4702 tuis
4599 4637 4762 4701 istis

2803 4729 3068 4792 monitis
3111 4730 3575 4811 obtemperent.

2976 4812 3307 4894 Quoniam
3353 4822 3573 4877 autem
3619 4818 3687 4875 et
3722 4812 3788 4876 id
3832 4811 4189 4893 plurimum
4226 4829 4459 4874 causae
4498 4809 4757 4873 servie-

2802 4899 2932 4976 bat,
2967 4900 3165 4964 fidem
3200 4920 3461 4963 emnem
3496 4898 3711 4962 verbis
3748 4898 3987 4962 nostris
4023 4898 4356 4979 abrogare,
4396 4896 4467 4958 in
4501 4915 4573 4958 00
4608 4896 4759 4976 pri-

2803 5007 2988 5048 mum
3034 4985 3309 5063 laboraS,
3350 4991 3421 5049 ut
3456 4981 3629 5066 qued
3664 4984 3736 5047 in
3772 4984 3956 5047 nobis
3992 4982 4217 5048 salutis
4258 5003 4411 5047 suae
4454 4980 4761 5046 studium

2801 5079 3293 5153 perspexerunt,
3340 5070 3621 5135 sinistris
3666 5068 4140 5150 suspicionibus
4190 5088 4443 5151 graves.
4510 5066 4759 5148 Itaque

2805 5156 2973 5219 nihil
3027 5156 3204 5221 aliud
3260 5157 3461 5220 fuisse
3514 5153 3703 5219 nobis
3755 5156 4154 5237 prepositum
4206 5153 4557 5229 cavillam,
4614 5153 4757 5216 nisi

2807 5250 2881 5304 ut
2945 5243 3365 5306 ambitionem
3426 5248 3496 5305 et
3562 5240 3902 5305 avaritiam
3957 5238 4380 5322 expleremus.
4461 5236 4759 5318 Quando

2804 5327 3009 5411 igitur
3044 5326 3206 5393 haec
3242 5349 3349 5392 ars
3396 5339 3507 5391 tua
3550 5327 3691 5404 fuit,
3728 5325 3941 5391 labem
3976 5326 4161 5391 nobis
4196 5326 4476 5409 aliquam
4519 5343 4760 5405 asper-
