5100 6061
713 365 751 424 7
1083 346 1086 351 ’
2436 352 2994 420 PRAEFATIO.
4679 357 4721 420 8

714 559 1032 632 pugnant,
1079 546 1370 613 iudicare
1410 554 1795 629 «potuerunt,
1841 547 2014 610 inter
2054 543 2403 626 primarios
2446 542 2664 606 latini-
2716 582 2720 609 fl

2719 652 2723 721 3
2772 636 2944 691 runt.
3043 628 3124 692 Id
3187 630 3400 710 ipsum
3461 629 3915 710 experientur,
3974 631 4085 711 qui
4141 630 4345 695 bonas
4402 631 4597 695 horas
4650 631 4718 695 in

2721 746 2722 753 1
2772 714 2910 778 eius
2965 714 3238 779 lectione
3295 714 3727 793 collocabunt,
3790 729 3873 779 ex
3917 737 4046 797 qua
4091 716 4378 781 fructum
4439 717 4720 781 referent

2718 818 2724 875 ζ
2771 800 2966 864 simul
3011 821 3085 865 ac
3133 800 3548 883 voluptatem.
3640 800 3972 865 Futurum
4011 803 4080 865 in
4125 823 4339 867 meam
4387 802 4581 867 fidem
4618 824 4719 867 16-

717 637 870 700 tatis
927 654 1229 719 proceres
1291 640 1659 698 numerant.
1773 630 1998 696 Facile
2052 630 2177 693 fuit
2240 627 2447 693 Fabio
2515 648 2663 693 cum

717 721 918 803 larvis
976 724 1142 785 citra
1192 719 1486 802 pulveris
1547 719 1792 783 iactum
1859 715 2111 782 luctari.
2215 714 2432 804 Homo
2487 714 2663 777 enim

717 815 1015 872 mortuus
1059 827 1192 877 non
1235 804 1605 882 mordebat;
1653 804 1801 868 vivo
1848 801 2225 883 videntique
2269 798 2661 883 obstrepere,

2773 562 2940 606 men.
3033 543 3203 606 Nam
3251 543 3501 607 Brutus
3558 551 3626 607 et
3683 543 3823 608 eius
3882 543 4184 624 aequales
4240 543 4420 610 nobis
4464 544 4718 610 excide-

719 915 848 957 non
892 895 1052 957 item
1097 891 1400 956 licuisset.
1490 889 1553 952 N
1555 911 1626 954 ec
1670 898 1889 952 tamen
1926 909 2077 952 eum
2122 887 2217 950 ita
2254 887 2433 950 omni
2472 884 2667 951 laude
2717 878 2725 965 j
2771 885 2969 968 cipio,
3028 896 3102 949 ut
3158 886 3414 950 nullum
3459 887 3807 968 impensae
3863 908 4097 970 operae
4139 888 4497 970 poeniteat,
4555 888 4718 953 dun-

716 979 1052 1061 spoliavit,
1117 987 1191 1042 ut
1253 996 1403 1049 606,
1446 974 1780 1057 reliquerit
1833 973 1929 1037 illi
1997 992 2322 1038 summam
2381 971 2662 1046 laudem,
2717 978 2726 1011 '
2771 981 2959 1035 taxat
3023 973 3133 1055 qui
3200 982 3394 1036 natus
3460 993 3589 1036 non
3658 973 3744 1036 sit
3809 973 4021 1039 Musis
4088 973 4589 1039 adversantibus
4653 986 4721 1039 et

719 1064 1060 1147 Siquidem
1121 1062 1203 1128 ab
1257 1061 1488 1127 ultima
1541 1061 1855 1125 memoria
1924 1060 2164 1124 latinos
2220 1067 2506 1123 oratores
2563 1078 2668 1122 re-

718 1158 964 1234 petens,
1011 1149 1266 1233 copiam
1308 1147 1502 1231 unius
1546 1146 1840 1212 Senecae
1884 1147 2055 1210 inter
2098 1165 2321 1209 omnes
2362 1144 2664 1209 celebrat.

718 1237 811 1301 Et
853 1258 970 1302 6111
1013 1236 1118 1301 1116
1163 1233 1364 1300 verba
1407 1231 1811 1317 perdantur?
1903 1232 2039 1296 Res
2082 1232 2152 1294 in
2191 1240 2502 1313 promptu
2545 1240 2662 1295 est.

607 1326 611 1330 ’
719 1321 914 1403 Quod
959 1321 1041 1387 ad
1083 1342 1188 1386 166
1231 1320 1484 1397 attinet,
1527 1339 1659 1382 non
1703 1318 1951 1402 pigebit
1991 1319 2062 1381 in
2106 1316 2392 1380 medium
2430 1316 2667 1380 afferre

719 1407 886 1491 quod
956 1407 1192 1483 sentio,
1260 1426 1395 1469 non
1460 1414 1536 1468 ut
1593 1403 1909 1487 religione
1976 1404 2195 1485 aliqua
2260 1402 2666 1485 obstringam

718 1494 1015 1559 lectores:
1078 1493 1344 1557 stabunt
1398 1492 1508 1574 qui
1555 1490 1779 1554 volent
1823 1499 2045 1554 nostro
2102 1488 2369 1564 iudicio,
2440 1487 2553 1552 alii
2597 1508 2666 1552 se

720 1580 841 1663 ipsi
886 1578 1256 1651 consulent,
1316 1590 1431 1641 aut
1487 1576 1566 1641 de
1626 1576 1889 1640 cohorte
1945 1576 2327 1658 peritiorum
2386 1573 2665 1637 iudicem

721 1666 947 1730 ferent.
1039 1661 1113 1729 Si
1161 1662 1317 1746 quid
1362 1684 1480 1745 ego
1521 1660 1833 1746 intellige,
1882 1663 1984 1725 vir
2026 1663 2149 1725 tuit
2192 1662 2472 1725 eximiae
2518 1680 2665 1724 eru·
2716 1668 2722 1727 ξ

2717 1590 2722 1651 .‘
2771 1572 3020 1639 accedit
3070 1573 3330 1657 60111066
3384 1575 3454 1637 16
3509 1573 3741 1639 studiis
3797 1576 4036 1640 nostris
4083 1577 4481 1641 exercitati0.

2717 1024 2723 1167 1
2772 1054 3041 1156 Gratiis.
3132 1057 3279 1121 'ribi
3328 1080 3509 1134 vero,
3555 1057 3996 1123 illustrissime
4040 1059 4295 1137 Claudi,
4345 1060 4465 1125 has
4509 1060 4718 1125 homi-

2770 1166 2876 1208 ms
2943 1143 3123 1208 dotes
3186 1143 3524 1226 splendide
3588 1144 3965 1226 praedicare
4030 1146 4196 1209 nihil
4263 1167 4427 1228 opus
4495 1147 4716 1210 fuerit:

2771 1251 2889 1312 per
2937 1240 2999 1293 te
3043 1230 3182 1311 ipse
3227 1231 3435 1327 magis
3479 1231 3683 1312 sapis,
3753 1242 3950 1314 quam
3991 1241 4065 1296 ut
4107 1234 4497 1297 monitorem
4551 1231 4718 1297 desi-

2772 1315 2975 1381 deres.
3064 1314 3289 1381 Habes
3340 1326 3521 1379 intus
3582 1337 3655 1381 ac
3713 1316 3887 1380 domi
3954 1318 4062 1401 (61
4105 1317 4371 1399 (1161161)
4428 1317 4719 1384 vividum
4757 1328 4763 1333 ’

2767 1401 2932 1466 illud
2977 1424 3052 1467 ac
3098 1402 3363 1466 liberale
3408 1402 3774 1484 ingenium,
3821 1403 4135 1469 iudicium
4177 1424 4326 1469 acre
4369 1413 4436 1468 et
4478 1404 4720 1487 reposi-

2771 1498 2930 1564 tum,
2978 1488 3361 1552 memoriam
3403 1487 3686 1567 uberem,
3735 1500 3801 1553 et
3843 1490 4114 1554 minime
4159 1491 4436 1556 fluxam:
4483 1480 4716 1589 quibus
4790 1512 4796 1518 ·

2772 1669 2847 1723 ut
2910 1661 3005 1723 ita
3071 1660 3325 1742 loquar,
3395 1659 3875 1727 consultoribus
3931 1662 4167 1740 1161116,
4233 1661 4423 1728 facile
4479 1576 4718 1745 1101161ιέ16,

719 1751 1013 1829 (11110616,
1074 1760 1139 1814 61
1191 1748 1471 1832 insignis
1512 1746 1869 1813 facundiae.
1962 1746 2176 1828 Quam
2223 1748 2400 1811 enim
2445 1766 2666 1810 rerum
2717 1746 2720 1845 j
2771 1744 3141 1811 discernere
3186 1745 3342 1828 quid
3386 1746 3634 1811 distent
3679 1766 3832 1813 aera
3874 1746 4148 1830 lupinis,
4192 1756 4260 1813 et
4300 1769 4500 1831 quam
4546 1748 4717 1814 bona

717 1837 1020 1921 peritiam
1065 1834 1321 1917 assequi
1367 1850 1517 1899 non‘
1545 1835 1831 1916 potuerit
1873 1833 2030 1898 felix
2071 1832 2236 1897 illud
2282 1830 2662 1931 ingenium?

718 1923 1009 1988 Naturae
1075 1920 1393 2005 mysteria
1444 1942 1607 2004 quae
1675 1919 1758 1985 ad
1811 1941 1957 1984 eam
2010 1919 2460 2002 philosophiae
2514 1939 2667 2000 par-

720 2018 853 2073 tem
900 2007 1245 2090 pertinent,
1269 2005 1489 2089 *quam
1534 2006 1775 2071 Graeci
1816 2005 1917 2083 τὴν
1962 2004 2211 2088 φυσικὴν
2256 2013 2523 2082 vocant,
2583 2002 2666 2067 ad

721 2116 1011 2177 unguem
1048 2092 1341 2159 callebat.
1434 2090 1653 2172 Quum
1694 2112 1850 2157 vero
1895 2097 1952 2155 ἐν
1995 2100 2120 2165 τοῖς
2163 2090 2401 2168 ἠθικοῖς
2443 2098 2668 2155 versa-

720 2189 861 2255 tur,
919 2179 1006 2243 ibi
1062 2179 1468 2262 potissimum
1513 2188 1774 2262 regnat,
1822 2188 1888 2242 et
1931 2179 2117 2261 quasi
2161 2180 2231 2242 in
2280 2197 2507 2258 campo
2548 2196 2666 2241 suo

716 2266 949 2330 currit:
998 2265 1352 2329 dialecticis
1395 2263 1784 2342 instructus,
1832 2276 2152 2347 quantum
2198 2265 2358 2330 satis
2398 2268 2540 2327 erat
2584 2260 2668 2325 ad

620 2359 643 2376 ⁶
716 2352 1027 2416 orationis
1071 2350 1336 2416 cultum.
1411 2350 1756 2415 -Historias
1801 2364 2073 2428 veteres,
2119 2350 2371 2432 quoties
2415 2370 2498 2412 ex
2542 2369 2667 2412 usu

606 2492 617 2498 -
716 2436 900 2512 foret,
947 2438 1261 2501 memoria
1304 2437 1883 2518 complectebatur:
1925 2458 2053 2519 qua
2094 2444 2319 2501 tamen
2361 2454 2666 2499 nonnun-

718 2542 914 2605 quam
961 2522 1181 2604 lapsus
1223 2532 1351 2600 est,
1408 2522 1566 2586 dum
1612 2521 1736 2587 sibi
1792 2523 2069 2587 nimium
2114 2522 2429 2606 indulget.
2518 2520 2666 2595 Iam

717 2629 871 2673 vero
915 2629 1127 2672 sermo
1170 2629 1373 2691 purus
1419 2629 1495 2674 ac
1530 2608 1775 2689 nitidus
1821 2631 2012 2674 suum
2048 2609 2295 2675 scilicet
2329 2606 2666 2673 saeculum

716 2693 1031 2758 redolens.
1121 2692 1350 2760 Genus
1409 2694 1664 2759 dicendi
1722 2695 1992 2779 elegans
2035 2716 2110 2761 ac
2155 2692 2484 2759 floridum:
2547 2693 2665 2757 sti-

715 2779 817 2843 lus
863 2780 1272 2857 illaboratus,
1331 2799 1404 2845 ac
1449 2781 1591 2844 sine
1636 2780 1969 2846 anxietate
2027 2783 2265 2846 fluens:
2325 2778 2666 2845 character

716 2864 1078 2942 mediocris,
1121 2866 1328 2947 qualis
1369 2865 1829 2948 philosophum
1868 2867 2078 2932 decet:
2119 2865 2410 2950 assurgit
2444 2874 2663 2929 tamen

715 2950 1073 3030 interdum,
1130 2962 1205 3015 ut
1248 2962 1561 3036 appareat
1615 2952 2062 3018 sublimiorem
2106 2954 2201 3017 illi
2246 2972 2482 3018 venam
2531 2971 2664 3013 606
2715 2998 2718 3034 3

716 3038 998 3104 defuisse
1017 3091 1032 3115 ‚
1080 3040 1136 3102 si
1181 3039 1565 3105 affectasset.
1657 3039 2025 3105 Verborum
2070 3040 2403 3104 luxuriam
2447 3057 2519 3102 66
2567 3036 2664 3100 (11-

714 3125 1056 3222 cacitatem
1092 3124 1383 3207 plerique
1417 3146 1643 3190 omnes
1675 3125 1771 3188 illi
1807 3128 2233 3209 exprobrant:
2273 3126 2457 3190 cuius
2493 3133 2668 3188 certe
2717 3137 2720 3156 ¹

715 3211 991 3274 nimium
1037 3231 1178 3275 6666
1224 3213 1446 3276 fateor.
1538 3212 1848 3294 Haecque
1909 3210 2127 3277 dulcia
2171 3231 2314 3277 esse
2362 3209 2520 3272 vitia
2564 3209 2667 3272 in-

716 3303 1068 3378 terpretor,
1130 3296 1366 3378 quibus
1411 3296 1747 3362 abundare
1793 3295 2117 3363 Senecam
2175 3298 2267 3362 ait
2310 3294 2667 3375 Quintilia-

715 3402 860 3446 nus.
932 3382 1447 3464 Dispositionem
1492 3383 1691 3446 etiam
1729 3382 2046 3463 desidero,
2092 3404 2224 3448 non
2270 3391 2668 3465 postremam

716 3573 956 3630 semus,
1002 3554 1317 3636 quantula
1360 3554 1601 3619 erunt?
1674 3554 1852 3620 Illud
1895 3555 2086 3620 modo
2123 3564 2480 3631 succurrat,
2520 3553 2670 3617 nul-

714 3638 856 3703 lum
901 3660 1191 3722 unquam
1236 3641 1378 3704 sine
1422 3641 1620 3705 venia
1676 3641 1996 3723 placuisse
2051 3642 2405 3726 ingenium.
2500 3638 2668 3703 Nolo
2721 3665 2724 3710 1

715 3724 824 3787 hic
880 3724 1153 3789 haerere
1212 3724 1488 3805 diutius,
1556 3748 1766 3791 unum
1820 3728 1941 3794 hoc
2002 3728 2202 3793 semel
2259 3728 2507 3792 dictum
2567 3726 2669 3801 sit,

717 3808 1037 3875 Senecam
1106 3818 1401 3876 nostrum
1456 3833 1598 3877 esse
1658 3811 1937 3879 alterum
1994 3812 2354 3880 secundum
2382 3839 2385 3840 ⁷
2411 3810 2673 3876 Cicero-

720 3917 903 3975 nem,
959 3907 1025 3961 et
1064 3881 1513 3980 philosophiae
1559 3907 1624 3963 et
1678 3899 2084 3982 eloquentiae
2143 3919 2452 3965 romanae
2496 3896 2672 3962 6016-
2726 3957 2729 3970 ,

2773 1853 2924 1914 pars
2982 1833 3225 1897 latinae
3282 1832 3542 1915 linguae
3600 1842 3854 1897 constet
3895 1835 3963 1898 in
4009 1832 4276 1899 Seneca.
4368 1833 4720 1900 001616611-

2772 1918 2972 1982 161106
3018 1928 3293 1994 6061106,
3341 1919 3453 2000 (161
3498 1920 3565 1982 16
3611 1917 3808 1983 fidem
3853 1941 3923 1984 se
3958 1927 4145 1985 tuam
4184 1921 4544 1998 conferunt,
4585 1941 4719 1984 non

2771 2003 2965 2068 aliter
3006 2005 3298 2087 accipies,
3345 2025 3419 2069 ac
3463 2008 3727 2089 frugum
3763 2016 4138 2071 nostrarum
4173 2006 4512 2089 primitias,
4554 2026 4720 2089 quae

2773 2090 2887 2155 tibi
2925 2091 3068 2154 1616
3103 2091 3461 2172 meritoque
3496 2099 3963 2156 consecrantur
3991 2100 4186 2174 atque
4223 2100 4716 2175 nuncupantur:

2772 2196 2907 2240 non
2950 2175 3095 2241 ideo
3139 2176 3368 2252 solum,
3415 2177 3567 2258 quia
3610 2198 3716 2241 me
3760 2177 3880 2241 tibi
3926 2186 4137 2243 totum
4178 2198 4451 2261 meaque
4500 2179 4720 2242 omnia

2717 2261 2992 2343 p’debeo,
3038 2283 3272 2326 verum
3317 2263 3516 2327 etiam
3561 2263 3772 2346 magis
3817 2264 3988 2346 quod
4032 2264 4211 2329 domi
4254 2272 4513 2330 vestrae
4556 2285 4719 2348 puer

2717 2364 2721 2441 1
2772 2348 3102 2425 educatus,
3146 2347 3378 2413 iisdem
3423 2358 3637 2413 tecum
3675 2349 3908 2415 studiis
3941 2351 4258 2429 initiatus,
4304 2352 4587 2434 primam
4619 2350 4720 2416 vi-

2771 2441 2878 2498 tae
2923 2447 2988 2499 et
3031 2435 3367 2498 literarum
3418 2434 3825 2517 disciplinam
3880 2437 4166 2501 familiae
4222 2444 4481 2503 vestrae
4537 2435 4718 2501 nobi-

2772 2519 3061 2585 lissimae
3118 2529 3449 2602 acceptam
3510 2522 3737 2587 refer0.
3828 2523 4057 2605 Neque
4102 2542 4257 2589 vero
4301 2523 4408 2589 hic
4453 2543 4719 2606 magno-

2770 2608 2926 2689 pere
2982 2606 3374 2671 contendam
3419 2628 3546 2689 quo
3601 2626 3815 2673 meam
3871 2610 3990 2674 tibi
4044 2608 4438 2674 industriam
4483 2628 4718 2692 appro-

2771 2693 2927 2757 bare
2991 2693 3269 2775 possim,
3325 2714 3552 2774 quam,
3621 2704 3696 2758 ut
3758 2696 4009 2759 ferebat
4060 2695 4514 2761 benevolentia
4564 2714 4722 2777 erga

2771 2799 2877 2842 me
2945 2788 3061 2843 tua
3127 2778 3512 2861 singularis,
3568 2780 3817 2845 iamdiu
3880 2780 4164 2863 benigne
4229 2780 4570 2863 amplexus
4625 2801 4716 2845 es.

2773 2865 2877 2929 Ab
2918 2864 3061 2928 aliis
3105 2864 3451 2931 lectoribus
3487 2874 3815 2950 utcunque
3851 2866 4311 2933 animadversa
4342 2867 4556 2955 fuerit,
4594 2867 4715 2931 etsi

2773 2971 2908 3014 non
2967 2950 3259 3014 omnium
3318 2960 3563 3033 puncta
3616 2953 3785 3017 ferre
3842 2953 4222 3038 contigerit,
4280 2954 4361 3018 ab
4407 2952 4717 3037 aequissi-

2773 3058 2880 3101 mo
2941 3045 3162 3102 tamen
3217 3058 3471 3120 quoque
3526 3040 3914 3105 arbitratore
3965 3060 4097 3105 non
4139 3039 4490 3123 pessimam
4533 3039 4719 3104 habi-

2775 3134 2917 3187 tum
2960 3123 3042 3187 iri
3086 3124 3252 3187 mihi
3297 3125 3578 3207 gratiam
3612 3125 3812 3208 plane
3857 3125 4127 3193 confido,
4193 3125 4258 3190 N
4259 3145 4365 3190 am
4401 3147 4604 3207 quum
4645 3125 4720 3188 in

2717 3233 2720 3290 ;
2773 3217 2961 3282 16616
3015 3210 3430 3293 ingeniorum
3485 3212 3802 3276 varietate
3857 3212 4162 3277 omnibus
4206 3211 4378 3279 velle
4432 3211 4714 3294 obsequi,

2776 3295 3064 3374 difficile,
3125 3294 3400 3361 fortasse
3444 3297 3642 3362 etiam
3686 3296 4057 3381 improbum
4101 3306 4300 3376 esset,
4358 3297 4527 3381 quod
4570 3295 4721 3361 reli·

2718 3395 2738 3472 3,
2776 3402 2977 3463 ouum
3022 3388 3165 3445 erat
3207 3381 3371 3446 mihi
3418 3384 3744 3465 proposui,
3792 3392 3870 3448 ut
3912 3384 4177 3467 optimis
4222 3405 4327 3448 me
4364 3403 4719 3448 accommo-

716 3467 1028 3532 orationis
1073 3467 1301 3533 lucem.
1372 3466 1587 3548 Quod·
1608 3468 1665 3534 si
1706 3470 1869 3534 vitia
1913 3491 2061 3535 cum
2104 3468 2459 3536 virtutibus
2508 3487 2669 3549 pen·
2719 3483 2720 3520 1

2777 3467 3021 3532 darem.
3123 3466 3205 3530 Id
3262 3489 3484 3550 quam*
3514 3489 3828 3553 prospere
3885 3471 4181 3548 cesserit,
4251 3469 4360 3534 alii
4418 3468 4720 3546 viderint,

2775 3554 3033 3635 quando
3085 3552 3167 3617 de
3210 3575 3316 3617 me
3369 3555 3507 3637 ipse
3552 3556 3695 3622 sine
3752 3558 4167 3640 arrogantiae
4212 3557 4424 3638 specie
4464 3554 4721 3638 magni-

2775 3640 3076 3705 ficentius
3122 3639 3444 3721 spondere
3489 3663 3618 3706 non
3664 3644 3892 3709 ausim.
3981 3643 4166 3707 Vale.
4651 3689 4656 3700 -

2993 3757 3297 3837 Parisiis,
3351 3761 3573 3843 'pridie
3629 3762 3856 3826 Nonas
3915 3762 4209 3845 April-es,
4270 3783 4440 3826 anno
4497 3760 4725 3825 salutis

3132 3855 3397 3911 nostrae
3450 3851 3631 3911 1532.
