5100 6061
312 393 428 453 217

309 578 843 642 resurrectionem
909 577 1080 642 beati
1148 578 1414 641 sumus?
1481 578 1626 641 Imo
1667 597 1820 641 vero
1887 597 2053 659 quae
2106 585 2251 639 tan-

1820 384 2772 453 PSYCHOPANNYOHIA.

4174 399 4297 459 218

2303 590 2308 683 Ι
2357 586 2475 641 etc.
2549 577 3026 642 Manducemus
3063 586 3129 643 et
3166 577 3479 656 bibamus,
3520 603 3663 647 cras
3709 584 3884 647 enim
3927 584 4297 649 moriemur.

310 672 372 726 ta
426 671 525 729 est
577 663 1081 729 christianorum
1153 662 1493 728 hominum
1548 663 1836 740 miseria,
1895 683 2058 745 quae
2112 683 2250 725 om·
2302 690 2307 739 1
2356 661 2601 741 Satius,
2647 663 2880 745 inquit,
2928 671 3100 728 esset
3143 664 3307 729 illud
3352 667 3570 732 valere
3615 669 3788 732 inter
3828 690 3965 746 nos,
4012 670 4298 734 Mandu-

308 751 482 813 nium
529 749 871 814 hominum
916 750 1246 813 miseriam
1290 757 1580 832 superat,
1627 750 1681 812 si
1726 769 1957 812 verum
2002 756 2103 812 est
2142 768 2250 812 eos

309 856 443 900 esse
484 836 552 897 in
597 837 853 917 requie,
893 835 1049 898 dum
1096 835 1361 898 interim
1408 835 1515 898 alii
1561 842 1967 917 torquentur,
2013 844 2082 898 et
2124 835 2248 897 mi-

305 922 391 985 ris
444 919 654 985 modis
711 920 1130 985 cruciantur?
1232 920 1361 986 Hic
1417 942 1526 986 eos
1585 918 1928 997 admoneO,
1989 921 2044 983 si
2111 921 2247 983 elu-

308 1005 496 1070 dendi
544 1007 890 1072 consilium
937 1014 1109 1071 esset
1166 1006 1366 1092 (quod
1422 1007 1548 1088 ipsi
1592 1028 1800 1070 unum
1858 1006 2248 1087 moliuntur)

305 1101 521 1175 patere
580 1092 745 1155 mihi
802 1091 1097 1157 elabendi
1154 1092 1387 1157 locum.
1481 1091 1660 1172 Quid
1705 1093 1878 1155 enim
1924 1090 2245 1175 prohibet,

305 1198 486 1243 sanos
532 1178 849 1261 quosdam
888 1178 1186 1243 homines
1224 1179 1409 1260 sequi
1455 1179 1566 1262 qui
1612 1178 2121 1261 disputationem
2167 1176 2245 1240 il-
2298 1254 2303 1263 .

304 1264 428 1328 lam
484 1264 843 1346 accipiunt,
891 1286 1025 1328 non
1078 1263 1158 1328 de
1197 1264 1432 1327 ultima
1498 1264 1692 1327 modo
1749 1264 2245 1338 resurrectione,

304 1370 425 1432 (1110
480 1371 564 1413 ex
620 1352 1041 1434 corruptione
1096 1351 1484 1430 recipiemus
1540 1370 1813 1431 corpora
1856 1350 2246 1431 incorrupti—

303 1436 464 1514 bilia,
506 1436 621 1500 sed
661 1436 738 1500 de
775 1437 929 1513 vita,
971 1457 1136 1518 quae
1182 1436 1368 1500 nobis
1406 1443 1704 1518 superest
1742 1443 1891 1516 post
1932 1435 2102 1499 hanc
2146 1434 2246 1498 vi-

304 1531 429 1585 tam
466 1522 831 1598 mortalem,
872 1543 1064 1603 quam
1102 1523 1366 1586 nomine
1401 1521 1898 1586 resurrectionis
1932 1521 2002 1584 in
2043 1521 2245 1602 scrip-

305 1608 458 1671 turis
496 1607 829 1692 designari
885 1610 1199 1671 usitatum
1244 1607 1384 1672 est?
1478 1607 1701 1688 Quum
1747 1607 1920 1670 enim
1982 1606 2236 1683 dicitur,

305 1691 714 1758 Sadducaeos
757 1715 1000 1777 negare
1054 1694 1615 1770 resurrectionem,
1661 1714 1794 1756 non
1838 1693 2119 1757 refertur
2163 1690 2246 1755 ad

302 1799 594 1861 corpora:
621 1780 735 1844 sed
759 1780 1139 1862 simpliciter
1163 1778 1418 1857 dicitur,
1444 1801 1527 1843 ex
1555 1800 1779 1843 eorum
1796 1778 2117 1860 opinione,
2145 1778 2244 1840 ni—

301 1864 387 1927 hil
412 1886 755 1948 superesse
781 1866 1034 1929 homini
1056 1871 1203 1948 post
1224 1872 1516 1929 mortem.
1566 1863 1774 1930 Cuius
1797 1866 1890 1928 rei
1914 1862 2246 1945 probabile
2296 1870 2299 1933 ζ

234 1996 243 2007 .
301 1958 392 2013 est
432 1959 927 2035 argumentum,
962 1949 1132 2033 quod
1167 1952 1404 2028 omnia,
1448 1951 1682 2033 quibus
1724 1950 1817 2017 ibi
1852 1951 2245 2014 sententiam

303 2057 476 2101 suam
515 2037 800 2102 adstruit
823 2037 1092 2115 Ρο11108,
1140 2058 1272 2100 000
1310 2036 1511 2101 verbo
1536 2037 1778 2101 elevari
1820 2044 2141 2119 poterant,
2188 2036 2244 2097 si

301 2143 678 2205 responsum
704 2133 891 2201 esset,
922 2125 1173 2187 animas
1197 2122 1459 2204 quidem
1489 2124 1738 2187 vivere:
1767 2141 2039 2204 corpora
2065 2141 2242 2198 vero,

300 2228 450 2289 quae
484 2210 561 2272 in
598 2209 939 2292 pulverem
978 2218 1458 2286 evanescerent,
1495 2209 1679 2273 nullo
1715 2208 1907 2272 modo
1945 2207 2245 2272 suscitari

299 2314 488 2376 posse.
585 2295 914 2377 Exempla
959 2295 1395 2359 subiiciamus.
1487 2293 1679 2375 Quod
1733 2295 1847 2357 ait:
1906 2294 2089 2376 Ergo
2133 2293 2243 2375 qui

300 2380 363 2443 in
406 2380 675 2446 Christo
719 2380 1146 2457 dormierunt,
1191 2381 1558 2462 perierunt:
1597 2380 1867 2444 refutari
1913 2386 2165 2461 poterat
2208 2399 2247 2440 a

302 2465 729 2550 philosophis,
789 2468 902 2551 qui
945 2467 1204 2531 animae
1248 2467 1802 2531 immortalitatem
1846 2466 2098 2529 fortiter
2142 2486 2243 2528 as-

305 2550 615 2618 serebant.
708 2553 813 2617 Ad
871 2552 937 2616 id
984 2552 1153 2635 quod
1196 2552 1379 2617 dicit:
1428 2551 1604 2633 Quid
1649 2552 1889 2617 facient
1933 2551 2042 2633 qui
2086 2549 2244 2632 bap-

303 2638 581 2702 tizantur
616 2659 733 2721 pro
769 2640 1043 2703 mortuis
1082 2639 1140 2721 (l
1189 2636 1336 2702 Cor.
1382 2643 1476 2715 15,
1527 2637 1681 2721 29)?
1738 2636 1926 2703 facile
1962 2643 2105 2700 erat
2142 2656 2243 2698 re—

2355 768 2596 824 000108,
2624 759 2742 813 ete.
2789 749 2846 812 si
2890 750 3051 815 haec
3096 771 3262 833 quae
3304 752 3594 833 patimur
3637 756 3705 817 in
3735 755 4111 838 corporibus
4149 777 4299 821 nos-

2354 832 2474 896 tris
2520 834 2881 916 opprobria,
2921 857 3050 899 non
3090 857 3193 914 ea,
3241 857 3441 917 quam
3486 847 3857 921 speramus,
3904 840 4113 924 gloria
4154 863 4299 906 mu-

2354 927 2672 983 tarentur.
2764 918 2954 1000 Quod
3001 943 3135 986 non
3177 923 3474 988 futurum
3519 933 3635 1002 est,
3684 928 3809 991 nisi
3855 927 3924 989 in
3972 948 4298 993 resurrec-

2354 1005 2530 1069 tione
2586 1007 2822 1070 earnis.
2910 1008 3170 1072 Deinde
3211 1015 3286 1071 ut
3330 1008 3450 1073 hoc
3489 1011 3812 1092 praesidio
3849 1010 4102 1089 cedam,
4149 1033 4299 1096 pos-

2355 1112 2502 1153 sum
2559 1091 2665 1155 hic
2720 1092 2993 1155 alteram
3049 1096 3365 1157 rationem
3427 1096 3681 1160 addere.
3773 1097 3928 1162 Ideo
3985 1120 4104 1162 nos
4158 1120 4299 1163 esse

2353 1178 2651 1241 omnibus
2697 1176 3067 1241 hominibus
3111 1180 3639 1273 miserabiliores,
3687 1185 3742 1247 si
3787 1204 3918 1247 non
3955 1185 4040 1247 sit
4083 1205 4299 1249 resur-

2353 1263 2570 1327 reetio.
2663 1262 2839 1343 Quia
2883 1266 3141 1328 tametsi
3184 1279 3335 1329 ante
3380 1270 3916 1334 resurrectionem
3976 1269 4147 1334 beati
4189 1292 4299 1335 su-

2350 1369 2528 1425 mus,
2589 1369 2721 1412 non
2779 1357 2999 1412 tamen
3055 1350 3195 1413 sine
3248 1355 3737 1419 resurreetione.
3827 1355 3913 1417 In
3957 1355 4080 1419 hoc
4123 1356 4299 1420 enim

2353 1434 2576 1498 beatos
2612 1456 2753 1499 esse
2790 1444 3163 1499 sanctorum
3192 1438 3459 1525 spiritvs
3497 1439 3787 1517 dicimus,
3825 1442 3976 1523 quia
4011 1443 4300 1523 acquies-

2350 1528 2509 1584 cunt
2544 1524 2610 1583 in
2650 1542 2763 1602 spe
2800 1521 3027 1585 beatae
3067 1524 3589 1588 resurrectionis:
3632 1547 3796 1607 quae
3841 1528 3893 1589 si
3931 1548 4063 1591 non
4108 1535 4296 1603 esset,

2350 1606 2595 1687 periret
2637 1606 2796 1671 haec
2842 1607 3056 1672 omnis
3093 1608 3442 1673 beatitudo.
3490 1611 3615 1673 Est
3647 1612 3849 1695 igitur
3874 1635 4102 1676 verum
4137 1611 4297 1676 illud

2349 1691 2562 1769 Pauli,
2610 1714 2729 1755 nos
2753 1713 2894 1757 esse
2929 1693 3429 1759 miserabiliores
3466 1697 3766 1760 omnibus
3809 1698 4202 1777 hominibus,
4241 1700 4295 1762 si

2350 1798 2478 1841 non
2526 1778 2614 1841 sit
2655 1780 3061 1844 resurrectio
3121 1779 3258 1845 Nec
3281 1802 3428 1845 cum
3472 1780 3602 1846 illis
3628 1782 3842 1847 verbis
3886 1794 4136 1867 pugnat
4175 1784 4298 1849 hoc

2350 1862 2612 1947 dogma:
2659 1864 2878 1929 beatos
2892 1886 3032 1929 esse
3059 1873 3433 1931 sanctorum
3458 1867 3741 1948 spiritus,
3781 1878 3934 1932 ante
3969 1891 4296 1935 resurrec-

2352 1951 2624 2025 tionem,
2674 1950 2786 2014 sed
2832 1961 3096 2033 propter
3139 1954 3700 2018 resurrectionem.

2522 2122 2882 2189 Proferunt
2926 2123 3126 2187 etiam
3170 2123 3343 2204 quod
3399 2124 3470 2187 in
3516 2126 3788 2207 epistola
3834 2126 3917 2190 ad
3960 2125 4295 2191 Hebraeos

2350 2207 2610 2291 legitur,
2638 2206 2719 2271 de
2742 2209 3074 2274 veteribus
3097 2207 3390 2292 patribus
3415 2212 3648 2293 (Hebr.
3682 2216 3777 2289 ll,
3811 2216 3885 2275 13
3908 2214 4042 2291 ss.).
4100 2212 4297 2278 quta

2348 2292 2546 2357 fidem
2584 2293 2872 2359 defuncti
2910 2304 3063 2359 sunt
3097 2316 3322 2359 omnes
3359 2297 3486 2372 isti,
3524 2318 3660 2361 non
3697 2299 3980 2380 acceptis
4024 2300 4297 2380 promis-

2349 2379 2669 2443 sionibus:
2714 2379 2828 2443 sed
2872 2402 2911 2443 a
2952 2381 3147 2464 longe
3192 2402 3300 2446 eas
3346 2382 3725 2460 salutanteS‚
3774 2384 3926 2466 quia
3943 2385 4298 2466 peregrini

2350 2472 2416 2528 et
2473 2465 2765 2547 hospites
2820 2475 2977 2530 sunt
3033 2488 3240 2550 super
3284 2478 3548 2533 terram.
3641 2467 3775 2548 Qui
3816 2471 3990 2534 enim
4033 2469 4157 2549 1100
4201 2470 4298 2533 (11-

2348 2557 2522 2628 cunt,
2572 2551 2942 2635 significant-
2986 2576 3054 2617 se
3093 2555 3373 2635 pat-riam
3409 2555 3748 2636 inquirere.
3822 2556 3912 2619 Et
3947 2557 4002 2620 si
4037 2554 4296 2638 quidem

2293 2687 2299 2703 ,
2347 2636 2557 2717 ipsius
2597 2637 3078 2713 meminissent,
3128 2639 3208 2703 de
3252 2661 3379 2720 qua
3422 2642 3751 2716 exierunt,
3797 2640 4126 2705 habebant
4166 2643 4296 2705 uti-

305 2724 644 2805 spondere:
683 2726 836 2806 quia
871 2726 1125 2788 animae
1162 2738 1307 2806 post
1341 2732 1619 2788 mortem
1657 2723 2056 2805 superstites.
2137 2719 2243 2784 Ad
2294 2734 2298 2807 ᾗ
2348 2744 2473 2804 que
2496 2730 2884 2804 potestatem
2912 2724 3311 2789 revertendi:
3341 2746 3518 2789 nunc
3544 2735 3762 2789 autem
3804 2727 4133 2790 meliorem
4177 2732 4295 2805 [fol.

303 2808 453 2874 illud
489 2832 684 2875 vero:
722 2811 819 2876 Ut
853 2810 1007 2893 quid
1043 2831 1162 2875 nos
1198 2810 1646 2891 periclitamur
1668 2810 1846 2873 omni
1881 2808 2042 2872 hora
2067 2806 2243 2889 (ibid.
2294 2812 2298 2885 Ι
2353 2814 2460 2886 39]
2507 2816 2844 2890 appetunt,
2882 2808 2950 2872 id
2985 2820 3110 2883 est,
3154 2810 3513 2875 coelestem.
3579 2811 3795 2878 .Unde
3830 2813 3900 2874 in
3943 2812 4119 2877 hunc
4158 2833 4296 2875 mo-

312 2902 393 2969 15,
420 2896 580 2977 31)?
627 2917 750 2961 nos
795 2917 1119 2979 exponere
1164 2896 1460 2979 fragilem
1509 2895 1679 2961 11000
1716 2897 1918 2959 vitam
1960 2915 2077 2975 pro
2123 2894 2243 2956 im-

303 2982 709 3060 mortalitate,
745 2984 816 3048 in
851 3004 979 3066 qua
1018 2981 1271 3046 meliori
1301 2987 1418 3063 [fol.
1447 2986 1552 3061 38]
1594 2983 1797 3047 nostri
1839 2989 2025 3064 parte
2061 2979 2244 3044 vive-

304 3088 452 3132 mus.
514 3069 667 3132 ]am
691 3069 976 3132 multum
1005 3069 1353 3134 verborum
1390 3071 1743 3150 posuimus,
1783 3089 2058 3150 quorum
2096 3066 2242 3130 nul—

304 3152 397 3218 lus
436 3176 601 3219 usus
646 3156 878 3220 fuisset
920 3157 1095 3219 inter
1150 3155 1407 3220 dociles,
1497 3155 1649 3237 Ipse
1693 3155 1868 3218 enim
1912 3151 2243 3235 apostolus

307 3260 412 3302 nos
433 3261 575 3306 0880
612 3242 888 3306 01180108
925 3240 1100 3317 dicit,
1139 3244 1194 3306 si
1231 3242 1302 3305 in
1336 3241 1459 3304 hac
1494 3249 1753 3305 tantum
1780 3241 1919 3304 vita
1953 3241 2025 3302 10
2054 3237 2245 3302 Chri-

309 3335 396 3388 sto
434 3348 791 3409 speramus.
883 3326 1076 3407 Quod
1112 3329 1253 3392 sine
1287 3327 1729 3393 controversia
1761 3325 2080 3409 liquidum
2117 3332 2241 3388 est:

305 3411 400 3473 vel
446 3433 519 3477 eo
566 3419 767 3491 teste,
815 3414 924 3496 qui
970 3414 1215 3477 fatetur
1257 3420 1464 3477 motos
1510 3414 1628 3476 sibi
1667 3433 1872 3494 paene
1915 3410 2130 3493 pedes,
2176 3418 2243 3472 et

307 3517 499 3577 paene
536 3498 780 3563 effusos
817 3521 1098 3583 gressus,
1147 3498 1303 3563 dum
1342 3498 1521 3563 videt-
1563 3518 1785 3580 pacem
1832 3504 2242 3579 peccatorum

306 3582 365 3644 in
419 3592 597 3649 terra
657 3585 858 3668 (Psal.
910 3588 1008 3664 73,
1055 3589 1090 3647 2
1136 3585 1273 3668 ss.).
1362 3585 1455 3648 Et
1507 3604 1668 3648 sane
1734 3585 1789 3647 si
1846 3591 1999 3647 ante
2043 3581 2242 3663 pedes

306 3671 697 3751 respicimus,
735 3671 1001 3737 beatum
1046 3671 1334 3736 dicemus
1370 3670 1703 3753 populum,
1749 3670 1852 3734 0111
1897 3669 2117 3733 omnia
2159 3688 2241 3730 ex

308 3758 620 3820 sententia
654 3757 949 3821 affluunt.
1042 3756 1118 3821 Si
1156 3778 1308 3822 vero
1343 3756 1603 3839 longius
1640 3754 2052 3819 extendimus
2088 3774 2240 3818 ocu-

306 3837 420 3919 los,
476 3842 714 3906 beatus
770 3844 896 3908 erit
937 3843 1248 3925 110110108,
1295 3843 1480 3907 cuius
1521 3842 1849 3905 Dominus
1894 3841 2077 3904 Deus
2122 3846 2238 3915 est,

304 3944 491 4006 penes
546 3949 742 4010 quem
800 3941 899 3993 est
950 3931 1168 3993 exitus
1221 3930 1464 3992 mortis.
1557 3927 1693 3991 Nos
1737 3937 1957 3990 tamen
2001 3925 2241 3989 certius

307 4010 539 4094 aliquid
586 4013 976 4094 adferemus,
1023 4014 1191 4097 quod
1235 4036 1369 4078 non
1414 4012 1609 4077 modo
1652 4015 1943 4095 ipsorum
1987 4010 2246 4075 refellat

304 4094 561 4177 obiecta,
609 4099 724 4164 sed
749 4122 1132 4184 germanam
1171 4099 1443 4183 apostoli
1488 4107 1777 4162 mentem
1821 4097 2101 4180 explicet
2142 4097 2240 4174 iis,

304 4184 404 4263 qui
432 4187 598 4250 citra
618 4185 973 4251 verborum
996 4186 1476 4251 contentionem
1500 4184 1749 4248 discere
1772 4184 2007 4249 volent.
2069 4182 2242 4246 Nam

304 4267 504 4334 sinon
529 4280 632 4336 est
655 4273 872 4337 0011118
900 4274 1313 4338 resurrectio:
1353 4271 1613 4348 merito,
1635 4270 1741 4334 vel
1765 4271 1845 4335 ob
1871 4271 1992 4334 hoc
2015 4290 2241 4345 unum,

304 4353 583 4422 infelices
627 4367 819 4424 vocat
861 4359 1031 4442 pios:
1076 4357 1248 4440 quod
1296 4366 1390 4422 tot
1430 4356 1737 4436 vulnera,
1783 4355 2059 4439 flagella,
2109 4363 2242 4418 tor-

302 4453 548 4520 menta,
596 4444 1040 4523 contumeliaS,
1088 4444 1355 4509 ultimas
1390 4443 1670 4525 denique
1710 4442 2130 4507 necessitates
2175 4441 2242 4504 in

308 4530 675 4621 corporibus
735 4530 873 4594 suis
916 4530 1282 4612 perferunt,
1319 4550 1483 4612 quae
1525 4536 1760 4611 putant
1793 4528 2117 4592 destinata
2159 4527 2242 4590 ad
2291 4525 2297 4602 ἰ

306 4615 880 4694 immortalitatem,
917 4615 1175 4700 quando
1219 4615 1479 4699 quidem
1527 4616 1651 4680 hac
1684 4636 1798 4697 spe
1843 4636 1959 4679 sua
2001 4613 2240 4678 fallun-

304 4703 423 4762 tur.
515 4699 691 4781 Quid
729 4702 905 4766 enim
939 4703 1168 4786 magis,
1215 4723 1350 4767 non
1390 4703 1522 4765 iam
1567 4701 1706 4766 (1100
1751 4702 2083 4777 miserum,
2129 4698 2242 4763 sed

302 4782 664 4867 ridiculum,
692 4809 888 4870 quam
914 4796 1204 4870 spectare
1229 4808 1457 4852 eorum
1492 4808 1780 4870 corpora,
1818 4787 1928 4868 qui
1963 4786 2032 4849 in
2068 4785 2241 4849 diem

302 4870 546 4951 vivunt,
573 4872 877 4939 omnibus
916 4873 1156 4938 delitiis
1193 4872 1497 4952 delibuta,
1538 4871 2062 4937 Christianorum
2100 4891 2242 4936 cor-

299 4975 466 5037 pora,
511 4959 702 5037 fame,
745 4960 1003 5043 frigore,
1048 4958 1286 5042 plagis,
1330 4959 1506 5023 omni
1545 4958 2084 5023 contumeliarum
2123 4978 2242 5038 ge-

301 5062 451 5106 nere
495 5045 812 5109 confecta:
859 5047 911 5109 si
951 5055 1019 5110 et
1040 5045 1278 5109 horum
1315 5053 1382 5109 et
1418 5044 1683 5109 illorum
1730 5065 1998 5126 corpora
2026 5065 2109 5107 ex
2135 5063 2242 5107 00-

299 5147 418 5208 quo
460 5128 837 5196 intereunt?
917 5132 1190 5196 Possem
1226 5131 1400 5194 enim
1435 5129 1502 5193 id
1540 5151 1622 5194 ex
1660 5131 1799 5195 eius
1835 5130 2053 5195 verbis
2089 5150 2239 5194 con-

298 5212 585 5293 firmare,
642 5238 808 5299 quae
864 5216 1155 5282 subiicit:
1213 5216 1309 5281 Ut
1365 5215 1518 5298 quid
1574 5216 2019 5298 periclitamur
2064 5215 2241 5279 omni

298 5297 501 5366 hora?
580 5301 889 5384 Quotidie
926 5305 1167 5368 morior
1200 5324 1318 5385 per
1352 5312 1639 5366 vestram
1675 5301 1951 5385 gloriam
1987 5302 2239 5380 fratres,

2349 2893 2507 2957 dum
2555 2895 3054 2959 ratiocinantur:
3109 2896 3185 2959 Si
3222 2904 3540 2978 appetunt
3594 2898 3875 2979 patriam
3932 2898 4292 2976 coelestem,

2350 3000 2507 3063 ergo
2529 2990 2663 3045 non
2705 2979 3052 3063 possident.
3122 2982 3258 3046 Nos
3294 3004 3450 3047 vero
3487 2985 3606 3048 sic:
3648 2981 3721 3048 Si
3762 2990 4097 3067 appetunt,
4141 3004 4296 3066 ergo

2350 3076 2532 3130 sunt:
2581 3087 2714 3131 non
2760 3069 2936 3131 enim
2994 3069 3168 3134 cadit
3213 3070 3571 3151 appetitus,
3619 3071 3748 3133 nisi
3794 3072 3861 3134 in
3908 3069 4292 3136 subiectum.

2349 3153 2467 3230 Et,
2528 3152 2699 3235 quod
2753 3152 2834 3217 ab
2877 3153 3009 3217 illis
3053 3154 3261 3219 solum
3307 3176 3388 3219 ex
3438 3155 3674 3220 rimere
3719 3176 3946 3234 conor,
3990 3158 4298 3220 convenit

2349 3260 2489 3302 esse
2535 3259 2804 3303 8008001
2839 3238 2988 3303 11001
3027 3249 3095 3304 et
3128 3240 3304 3319 mali,
3342 3263 3384 3304 u
3431 3242 3452 3303 i
3496 3249 3596 3306 est
3636 3243 3979 3324 appetituS,
4025 3242 4137 3324 qui
4179 3249 4297 3305 aut

2349 3335 2690 3407 sequatur,
2744 3325 2918 3407 quod
2962 3326 3115 3392 boni
3162 3327 3441 3408 speciem
3487 3329 3789 3411 praefert,
3836 3335 3951 3392 aut
3995 3328 4293 3411 refugiat,

2349 3410 2517 3493 quod
2576 3410 2822 3475 malum
2882 3413 3096 3476 visum
3136 3412 3354 3477 fuerit.
3446 3414 3795 3496 Appetitas
3851 3414 3990 3493 ille,
4047 3414 4292 3493 dicunt,

2348 3497 2516 3561 iacet
2575 3497 2643 3559 in
2702 3498 2859 3561 Deo.
2952 3496 3100 3577 Quo
3157 3499 3326 3563 nihil
3370 3520 3438 3561 m
3531 3500 3581 3563 's
3625 3499 3976 3565 ridiculum
4019 3500 4292 3583 cogitari

2347 3589 2461 3645 aut
2494 3583 2656 3664 fingi
2692 3590 2924 3664 potest.
3015 3583 3356 3666 Siquidem
3392 3605 3429 3649 e
3516 3584 3741 3663 11011118,
3787 3586 4068 3652 alterum
4112 3587 4296 3652 evin-

2344 3669 2583 3733 cimus:
2631 3676 2745 3732 aut
2800 3667 3023 3732 Deum
3078 3669 3411 3752 quidpiam
3468 3681 3773 3753 appetere
3817 3673 4055 3737 melius
4098 3693 4296 3752 quam

2346 3753 2570 3818 habet:
2627 3763 2742 3817 aut
2799 3754 3042 3835 aliquid
3100 3777 3240 3819 esse
3284 3756 3355 3819 in
3399 3755 3576 3834 Deo,
3623 3757 3794 3838 quod
3841 3779 3973 3821 non
4017 3759 4104 3822 sit
4146 3756 4291 3822 Dei.

2346 3837 2533 3919 Quae
2578 3860 2683 3902 res
2727 3838 2889 3902 mihi
2932 3841 3370 3905 coniecturam
3397 3842 3580 3920 facit,
3612 3844 3682 3905 in
3719 3864 3791 3906 re
3827 3844 3997 3907 seria
4040 3864 4148 3907 eos
4191 3842 4292 3905 lu-

2346 3925 2516 3989 dere.
2610 3926 2828 4007 Atque
2872 3933 2950 3989 ut
2995 3925 3154 3991 haec
3198 3928 3593 4000 omittamus,
3640 3927 3798 4009 quid
3842 3928 3985 3992 vult
4028 3928 4149 3992 sibi
4190 3949 4293 3991 re-

2349 4010 2646 4077 vertendi
2670 4011 2997 4093 potestas?
3066 4011 3369 4077 Redeant
3403 4015 3622 4096 itaque
3659 4013 3738 4077 ad
3778 4034 3907 4090 cor,
3946 4021 4013 4076 et
4048 4012 4294 4095 aliquid

2347 4097 2582 4161 melius
2618 4095 2908 4174 audiant,
2948 4118 3141 4180 quam
3175 4098 3500 4166 hactenus
3536 4106 3899 4163 senserunt.
3956 4096 4037 4162 Si
4070 4107 4294 4164 tamen

2347 4203 2731 4266 persuasum
2786 4182 3059 4261 habent,
3108 4184 3280 4266 quod
3325 4186 3391 4248 in
3437 4185 3666 4266 primis
3710 4183 3909 4249 labris
3954 4185 4293 4250 circumfe-

2347 4276 2523 4333 runt.
2615 4269 2941 4351 Loquitur
2995 4271 3324 4354 apostolus
3378 4269 3458 4334 de
3504 4269 3840 4334 Abraham
3887 4281 3955 4333 et
3997 4274 4135 4335 eius
4177 4292 4293 4353 po-

2348 4356 2670 4431 steritate,
2730 4357 2839 4437 qui
2898 4358 3072 4421 inter
3126 4365 3472 4420 extraneos
3538 4354 3918 4419 habitarunt
3985 4357 4057 4420 in
4116 4365 4293 4420 terra

2347 4439 2590 4524 aliena:
2631 4449 2887 4506 tantum
2928 4464 3057 4507 non
3096 4441 3372 4520 exsules,
3412 4449 3589 4506 certe
3626 4441 3950 4524 inquilini,
4002 4443 4114 4507 vix
4151 4464 4291 4507 cor-

2347 4549 2507 4611 pora
2532 4535 2830 4611 tegentes
2868 4528 3225 4593 humilibus
3263 4528 3578 4611 tuguriis:
3624 4527 3812 4593 iuxta
3833 4529 3960 4592 Dei
3986 4549 4288 4612 praecep-

2345 4623 2485 4677 tum
2531 4612 2701 4696 quod
2751 4614 3059 4678 Abrahae
3088 4614 3316 4678 datum
3356 4615 3586 4691 fuerat,
3629 4623 3704 4677 ut
3743 4614 3953 4679 exiret
3993 4615 4071 4678 de
4114 4621 4291 4679 terra

2347 4721 2468 4763 sua
2520 4708 2589 4763 et
2644 4698 2723 4763 de
2776 4701 3156 4782 cognatione
3213 4722 3347 4765 sua.
3450 4699 3577 4763 His
3633 4702 4022 4783 promiserat
4086 4702 4286 4778 Deus,

2345 4784 2516 4868 quod
2562 4784 2855 4849 nondum
2898 4785 3302 4850 exhibuerat.
3393 4783 3873 4851 Salutaverunt
3914 4807 4068 4870 ergo
4126 4787 4287 4850 emi-

2346 4892 2473 4935 nus
2513 4871 2996 4953 promissiones,
3036 4880 3102 4935 et
3136 4872 3207 4934 in
3243 4879 3422 4937 certa
3455 4872 3585 4936 fide
3619 4872 3906 4936 defuncti
3940 4879 4112 4951 sunt,
4150 4872 4287 4936 fore

2347 4957 2520 5036 olim,
2556 4964 2629 5019 ut
2663 4965 3027 5038 praestaret
3059 4956 3245 5022 Deus
3281 4959 3603 5041 promissa
3637 4979 3772 5022 sua.
3852 4958 4051 5022 quta
4089 4980 4282 5041 quam

2344 5042 2542 5108 fidem
2587 5043 2860 5106 confessi
2907 5051 3088 5121 sunt,
3135 5065 3268 5107 non
3313 5065 3453 5109 esse
3501 5044 3624 5109 sibi
3668 5050 3905 5107 statam
3950 5043 4172 5108 sedem
4213 5045 4286 5110 in

2345 5129 2558 5207 terris,
2605 5135 2673 5193 et
2716 5137 2903 5192 extra
2946 5136 3191 5195 terram
3238 5129 3361 5195 sibi
3402 5151 3541 5194 esse
3584 5130 3886 5211 patriam,
3931 5150 4127 5213 quam
4171 5152 4284 5214 ap-

2344 5222 2667 5297 peterent:
2717 5235 2949 5297 nempe
2992 5216 3071 5280 10
3097 5215 3291 5281 00010.
3380 5216 3464 5279 In
3506 5217 3636 5279 fine
3680 5235 3836 5280 vero
3881 5218 4110 5299 capitis
4153 5217 4284 5301 sig-

2345 5302 2570 5366 nificat
2612 5320 2722 5364 eos
2765 5321 2987 5368 omnes
3005 5352 3019 5380 ,
3065 5323 3225 5385 quos
3263 5302 3609 5379 recensuit,
3654 5321 3789 5365 non
3835 5301 4102 5384 adeptos
4145 5324 4286 5368 esse
4326 5316 4331 5322 ’
