5100 6061
1932 436 1935 441 ’
1978 435 2714 504 PROLEGOMENA.
4045 446 4367 515 XXXIX

354 625 455 689 ita
501 624 830 691 dicendae.
933 626 1069 692 Eas
1126 627 1193 691 in
1251 626 1484 691 itinere
1537 626 1753 692 italico
1810 648 1980 691 anno
2032 628 2193 688 1536
2252 635 2549 711 suscepto
2603 629 2958 695 Calvinum
3014 630 3349 714 scripsisse
3404 632 3562 696 dicit
3607 631 4056 715 Colladonius,
4111 637 4180 701 in
4226 639 4366 705 eius

341 738 488 803 vita
533 738 767 822 gallice
806 735 995 803 edita.
1089 737 1347 819 Quibus
1391 760 1548 804 vero
1594 738 1874 821 scriptae
1919 740 2070 815 sint,
2117 738 2187 802 id
2230 740 2301 802 in
2343 740 2562 823 priore
2606 747 2793 805 autor
2835 765 2918 806 110
2961 743 3232 807 obscure
3274 744 3538 825 quidem
3584 745 3856 826 indicat,
3892 749 3962 811 in
4006 750 4365 831 posteriore

346 872 507 915 suae
552 852 783 915 aetatis
829 850 1178 917 lectoribus
1235 852 1429 915 certis
1488 850 1876 933 quibusdam
1926 850 2182 915 indiciis
2226 851 2482 917 facilius
2516 852 2789 917 fortasse
2834 854 3348 937 dignoscendum
3392 856 3732 938 prodebat:
3781 880 3899 923 nos
3944 859 4024 924 de
4068 867 4362 944 utraque,

357 970 621 1047 praeter
675 962 948 1042 famam,
1009 970 1245 1027 testem
1301 961 1559 1027 nullum
1610 961 1955 1028 habemus:
2013 963 2173 1028 haec
2217 970 2465 1043 autem,
2520 986 2724 1046 quum
2763 964 2978 1046 ipsum
3021 966 3263 1030 Bezam
3307 988 3685 1049 sponsorem
3728 967 3996 1049 habeat,
4044 971 4170 1036 alio
4214 974 4364 1038 vin-

344 1075 490 1141 dice
535 1075 805 1140 minime
851 1085 1014 1159 eget.
1107 1076 1359 1141 Ambae
1416 1074 1538 1139 hoc
1603 1077 1890 1139 maxime
1933 1084 2203 1159 urgent,
2260 1076 2433 1139 inter
2479 1075 2800 1159 evangelii
2841 1078 3190 1158 puritatem
3236 1088 3304 1141 et
3357 1099 3543 1144 sacra
3589 1082 3908 1163 papistica
3951 1091 4087 1147 tam
4132 1104 4365 1166 parum

357 1189 740 1267 convenire,
805 1194 997 1270 atque
1053 1186 1216 1253 haec
1273 1186 1372 1251 illi
1430 1188 1589 1251 adeo
1646 1209 2040 1270 repugnare,
2096 1194 2171 1250 ut
2225 1188 2280 1251 si
2334 1189 2477 1269 quis
2530 1188 2716 1252 illam
2760 1189 3054 1270 profiteri
3097 1190 3508 1253 contenderit
3552 1192 3656 1254 his
3699 1212 3904 1275 usquc
3950 1194 4098 1276 plus
4142 1197 4363 1260 minus

352 1299 688 1379 addictus,
745 1299 803 1362 is
846 1300 1088 1364 mirum
1135 1307 1452 1382 quantum
1514 1299 1649 1363 falli
1693 1320 1763 1364 se
1807 1300 2130 1382 patiatur,
2183 1300 2316 1362 imo
2362 1300 2687 1365 sinceram
2733 1299 2983 1365 Christi
3027 1300 3225 1364 fidem
3266 1322 3416 1365 eum
3458 1302 3751 1366 nondum
3797 1306 4171 1387 amplexum
4221 1329 4363 1373 csse

343 1412 586 1477 merito
642 1411 905 1475 dixeris
1006 1413 1311 1477 Fuerunt
1367 1412 1543 1477 enim
1604 1418 1745 1474 tum
1798 1411 2111 1495 temporis
2154 1412 2219 1474 in
2268 1411 2489 1476 Gallia
2534 1412 2746 1490 multi,
2793 1411 2933 1494 qui,
2993 1431 3363 1494 quanquam
3422 1413 3633 1495 aliquo
3691 1416 3972 1497 purioris
4028 1418 4363 1502 religionis

338 1524 564 1589 studio
608 1525 786 1602 tacti,
833 1531 1057 1587 tamen
1102 1524 1316 1606 palam
1366 1532 1433 1587 et
1475 1523 1675 1588 liber'e
1719 1545 1928 1607 papae
1972 1522 2336 1587 valedicere
2382 1524 2485 1590 vel
2531 1546 2664 1588 non
2712 1524 3058 1602 audebant,
3107 1523 3212 1588 vel
3258 1524 3452 1587 etiam
3499 1526 3718 1611 minus
3759 1530 4199 1592 necessarium
4241 1551 4362 1613 pu-

340 1636 610 1717 tabant,
663 1636 849 1718 quasi
896 1635 1239 1701 Christum
1300 1638 1517 1701 animo
1544 1636 1785 1702 ¹colere
1831 1635 1989 1700 satis
2035 1644 2222 1714 esset,
2269 1644 2694 1699 externorum
2739 1657 2892 1700 vero
2945 1636 3192 1699 rituum
3237 1634 3635 1700 consuetudo
3691 1659 3796 1702 res
3847 1640 4062 1704 media
4106 1649 4174 1705 et
4216 1642 4364 1706 nul-

336 1749 476 1814 lius
519 1747 853 1839 momenti.
948 1747 1129 1828 Quos
1172 1748 1417 1812 Noster
1461 1749 1622 1813 satis
1666 1748 1879 1830 lepide
1924 1746 2610 1813 Pseudo-Nicodemos
2652 1747 2969 1829 appellat,
3016 1759 3090 1811 ut
3134 1748 3365 1830 quibus
3409 1748 3626 1831 aliqua
3668 1758 3842 1813 esset
3884 1752 4208 1836 evangelii
4249 1774 4363 1817 cu-

326 1862 621 1939 riositas,
666 1862 877 1925 maior
921 1870 1144 1924 tamen
1190 1858 1269 1924 de
1313 1859 1612 1925 civilibus
1655 1859 2013 1925 commodis
2058 1868 2125 1922 et
2168 1860 2353 1942 vulgi
2396 1861 2701 1941 opinione
2747 1860 3127 1924 sollicitudo

657 1973 851 2037 Prior
896 1973 1169 2055 epistola
1215 1979 1314 2036 est
1359 1971 1459 2035 de‘
1498 1972 1916 2055 fugiendis
1959 1971 2390 2053 impiorum
2434 1970 2779 2036 illicitis
2827 1972 3095 2037 sacris
3136 1980 3217 2037 et
3260 1973 3634 2054 puritate
3681 1964 4190 2038 christianae
4231 1997 4363 2040 re-

349 2086 697 2169 ligionis
764 2083 1307 2162 observanda,
1369 2104 1532 2167 quae
1588 2084 1831 2168 scripta
1888 2084 2086 2148 fuisse
2142 2083 2430 2148 traditur
2481 2083 2749 2147 Nicolao
2823 2081 3224 2161 Duchemin‚
3301 2105 3429 2165 quo
3509 2084 3715 2147 amico
3776 2093 3841 2147 et
3896 2085 4151 2168 hospite
4207 2086 4363 2151 olim

356 2197 677 2262 Aureliae
746 2217 904 2261 usus
979 2198 1194 2260 fuerat
1237 2195 1584 2275 Calvinus,
1663 2196 1923 2260 officiali
1977 2206 2200 2277 postea
2257 2193 2431 2277 apud
2489 2215 3030 2260 cenomanensem
3097 2194 3317 2261 sedem
3378 2195 3738 2279 designato,
3844 2197 4072 2261 Altera
4118 2211 4216 2261 est
4272 2198 4363 2263 de

355 2309 815 2376 christiani
872 2308 1218 2372 hominis
1275 2309 1555 2373 officio
1602 2309 1678 2371 in
1732 2306 2221 2372 sacerdotiis
2274 2308 2586 2389 papalis
2642 2306 3038 2387 ecelesiae
3095 2308 3221 2372 vel
3298 2306 3984 2373 administrandis
4043 2310 4173 2375 vel
4224 2312 4362 2375 ab·

337 2420 758 2486 iiciendis.
848 2421 1069 2486 Huius
1115 2420 1515 2485 occasionem
1562 2421 1789 2485 fecisse
1834 2414 2046 2484 fertur
2091 2419 2430 2484 Gerardus
2476 2420 2717 2483 Ruffus
2763 2443 2808 2484 s.
2859 2419 3169 2499 Roussel‚
3224 2420 3335 2501 qui
3380 2420 3554 2495 olim,
3603 2418 3758 2483 dum
3804 2422 4180 2486 sorbonicus
4220 2443 4362 2486 ma—

334 2535 552 2619 gister
593 2545 754 2613 erat,
798 2533 1061 2616 pietatis
1104 2532 1323 2598 studia
1376 2530 1773 2615 magnopere
1819 2531 2189 2608 adiuverat,
2244 2539 2466 2613 post-ea
2508 2553 2665 2595 vero
2722 2531 2979 2596 abbatia.
3023 2531 3331 2614 quadam,
3377 2552 3450 2596 ac
3494 2531 3799 2615 deinceps
3842 2534 4217 2615 episcopatu
4259 2533 4362 2597 in-

340 2646 532 2712 sulae
576 2646 789 2712 Uliari
844 2647 914 2710 in
972 2646 1213 2711 finibus
1270 2643 1670 2724 Santonum,
1735 2663 1897 2726 quae
1942 2642 2135 2707 hodie
2180 2642 2427 2707 Oleron
2468 2643 2724 2721 dicitur,
2773 2643 3050 2707 donatus
3063 2678 3086 2722 ,-
3140 2666 3269 2707 non
3328 2643 3517 2708 modo
3575 2644 3735 2709 satis
3790 2654 4041 2708 rectum
4092 2666 4362 2735 cursum

340 2780 486 2823 non
528 2758 758 2836 tenuit,
806 2779 1036 2823 verum
1083 2759 1280 2821 etiam
1316 2756 1546 2820 heram
1590 2778 1776 2821 suam
1804 2756 2142 2821 Navarra-e
2186 2755 2504 2838 reginam,
2553 2762 2719 2819 teste
2761 2756 2967 2833 Beza,
3015 2754 3350 2838 paullatim
3399 2755 3607 2837 quoad
3654 2755 4040 2838 religionem
4093 2777 4360 2837 pessum

346 2870 550 2936 dedit.
640 2870 850 2935 Plura
896 2869 974 2934 de
1021 2872 1125 2934 his
1166 2869 1417 2933 dabunt
1460 2869 1576 2933 tibi
1621 2868 1853 2952 Henry
1900 2867 1969 2931 in
2015 2868 2153 2932 vita
2197 2865 2460 2932 Calvini
2504 2868 2579 2931 T.
2620 2866 2672 2930 Ι.
2720 2889 2780 2950 p.
2815 2871 2964 2946 185;
3014 2866 3376 2945 Staehelin,
3424 2868 3492 2931 in
3538 2866 3766 2931 eadem
3805 2889 3952 2951 pag.
4009 2872 4128 2930 1¹10
4153 2890 4325 2950 seqq.
4339 2892 4357 2948 ;

343 2983 423 3050 C.
474 2981 799 3061 Schmidt,
849 2981 1111 3048 Gerard
1154 2982 1455 3059 Roussel,
1505 2960 1753 3046 Sti-asb.
1809 2983 1969 3043 1845
2016 3000 2159 3063 pag.
2214 2984 2331 3043 113
2361 3001 2530 3062 seqq.

652 3095 945 3158 Exstant
1001 3095 1238 3159 harum
1299 3093 1723 3176 epistolarum
1782 3092 2098 3156 editiones
2142 3091 2307 3155 dua-e
2362 3113 2522 3174 quas
2578 3091 2802 3174 paucis
2858 3090 3219 3156 describere
3275 3092 3475 3156 lubet.
3578 3093 3895 3174 Princeps
3939 3089 4138 3155 habet
4181 3090 4357 3157 hunc

334 3206 656 3289 titulum22
1482 3260 1497 3281 ,
2615 3187 2616 3190 ¹

657 3303 1165 3415 IOANNIS
1232 3304 1468 3387 OAL
1504 3304 1509 3419 fi
1543 3327 1718 3395 vnn,
1765 3325 2156 3380 sAcRARffl
2202 3325 2637 3380 LirnnARVM
2679 3326 2756 3379 IN
2821 3324 2829 3392 ι
2887 3302 3272 3385 Ecclesia
3310 3303 3797 3386 Geneuensi
3829 3304 4357 3414 professoris,

334 3436 792 3547 Epistolae
864 3441 873 3544 Ι
948 3435 1205 3540 duae,
1270 3435 1374 3517 de
1439 3437 1693 3516 rebus
1756 3434 1914 3515 hoc
1980 3433 2313 3514 saeculo
2360 3427 2507 3514 ’00-
2541 3429 2548 3543 j
2583 3433 2836 3542 gnitu
2912 3432 3286 3542 apprime
3356 3432 3869 3542 necessarijs.
3955 3431 3966 3534 Ι
4125 3463 4359 3534 PRIOR,

332 3560 446 3625 De
504 3559 834 3643 fugiendis
888 3559 1240 3640 impiorum
1297 3558 1542 3624 illicitis
1589 3557 1809 3635 sacriS,
1867 3557 1876 3640 1
1942 3567 2008 3620 et
2061 3556 2347 3638 puritate
2390 3555 2806 3620 Christianae
2865 3555 3196 3638 religionis
3247 3559 3256 3640 Ι
3306 3557 3732 3621 obseruanda.
3800 3557 3809 3640 Ι
3871 3567 4198 3642 ALTERA,
4255 3564 4360 3630 De

336 3671 714 3737 Christiani
761 3670 1044 3735 hominis
1090 3671 1298 3734 officio
1344 3671 1411 3734 in
1459 3670 1876 3757 salcerdotijs
1921 3668 2188 3750 Papalis
2229 3668 2535 3732 ecclesiae
2585 3667 2685 3731 vel
2723 3663 3343 3752 admini-lst-randis‚
3393 3670 3497 3734 vel
3544 3669 3939 3751 abiJcicndis.
3995 3674 4004 3755 Ι
4059 3683 4106 3734 Ι.
4133 3682 4361 3746 Regum.

332 3784 407 3837 18
444 3785 453 3850 Ι
485 3781 876 3848 VSQVEQVO
914 3781 1237 3844 claudicatis
1273 3784 1330 3834 m
1370 3781 1513 3834 duas
1549 3773 1941 3850 coyitatieucs?
1986 3779 2051 3831 Si
2070 3777 2383 3845 Dominus!
2416 3786 2494 3831 est
2528 3777 2702 3846 DcaS,
2738 3780 3025 3846 sequimini
3057 3795 3204 3833 cum.-
3245 3779 3311 3832 Sa·
3331 3786 3508 3833 autem
3534 3780 3704 3847 Βααῖ,μ
3736 3796 3814 3832 se·
3839 3783 3844 3844 l
3869 3785 4105 3849 quzmim'
4137 3785 4305 3837 illum.
4347 3787 4352 3852 Ι

330 3876 816 3946 BASILEAE
857 3878 867 3963 Ι
906 3888 981 3942 M.
1026 3889 1091 3940 D.
1135 3886 1410 3940 xxxvn.
3155 3933 3164 3952 .

657 3991 909 4054 Forma
955 3990 1375 4072 quaternaria
1411 3989 1545 4053 fere
1581 3995 1844 4053 nostrae
1881 3986 2247 4052 octonariae
2281 3987 2515 4050 maiori
2560 3986 2862 4068 aequalis.
2936 3986 3256 4070 Plagulae
3295 3987 3516 4051 dee-em
3555 3989 3850 4072 (A-K).
3919 3989 4108 4054 Folio
4145 3993 4356 4072 primo

341 4124 540 4169 verso
584 4103 728 4168 sive
775 4122 919 4186 pag.
950 4106 1005 4166 2.
1055 4110 1273 4166 exstat
1296 4101 1557 4167 Calvini
1601 4102 1944 4184 p1·aefatio;
1992 4099 2290 4181 sequitur
2321 4097 2620 4181 Epistola
2654 4099 2835 4180 prior
2876 4120 3021 4182 pag.
3051 4104 3300 4177 3—44„
3349 4099 3555 4163 altera
3598 4122 3744 4183 pag.
3772 4105 4042 4164 45—78.
4113 4102 4357 4167 Finem

329 4214 594 4283 faciunt
628 4215 907 4298 paginae
954 4236 1069 4278 sex
1114 4234 1243 4278 non
1283 4221 1685 4292 numeratae,
1732 4233 2006 4294 quarum
2052 4213 2262 4294 prima
2299 4208 2567 4274 exhibet
2602 4210 2798 4274 effata
2828 4210 3063 4277 biblica
3100 4213 3226 4276 duo
3262 4213 3601 4295 posteriori
3628 4212 3937 4294 epistolae
3963 4213 4354 4297 epigraphes

337 4328 486 4395 vice
535 4328 623 4410 (si
664 4327 761 4391 ita
808 4328 1021 4392 dicere
1064 4328 1162 4391 fas
1209 4326 1335 4410 est)
1384 4327 1486 4393 vel
1534 4347 1649 4408 pro
1709 4325 2047 4390 corollario
2101 4324 2414 4400 subiecta,
2468 4332 2602 4385 tres
2668 4323 2914 4386 habent
2970 4324 3251 4388 indicem
3304 4346 3528 4388 rerum
3554 4376 3570 4402 ,
3627 4324 3861 4404 quinta
3915 4333 4131 4389 errata
4186 4348 4354 4392 non-

332 4440 530 4504 nulla
566 4439 813 4504 indicat
849 4437 1276 4517 emendanda,
1317 4460 1467 4504 cum
1500 4439 2003 4520 subscriptione:
2050 4443 2413 4499 BASILEAE
2435 4443 2579 4497 PER
2604 4439 3197 4518 BALTHA18AREM
3233 4445 3508 4500 LASIUM
3542 4446 3640 4499 ET
3677 4444 3687 4512 1
3738 4444 3994 4499 Thomam
4034 4447 4353 4515 Platterum,

331 4560 543 4614 Mense
574 4559 583 4627 Ι
613 4559 846 4627 Martie,
879 4562 887 4626 Ι
919 4560 1120 4614 ANNO
1157 4551 1250 4616 M.
1275 4549 1756 4615 DAEXXVH.
1846 4548 2097 4615 Ultima
2152 4547 2426 4628 denique
2472 4545 2668 4611 habet
2705 4546 3026 4612 emblema
3075 4548 3239 4612 illud
3284 4549 3625 4613 Minervae
3670 4549 3844 4630 quod
3888 4550 4348 4631 descripsimus

318 4666 405 4729 in
448 4663 757 4747 Prolegg.
807 4662 955 4727 Vol.
1004 4664 1057 4726 I.
1105 4683 1250 4746 pag.
1298 4663 1527 4727 XXX.
1568 4663 1679 4727 sed
1725 4665 1858 4728 iam
1913 4683 2059 4726 cum
2108 4659 2337 4744 adagio
2384 4657 2465 4722 ad
2508 4659 2688 4742 leges
2733 4660 3102 4742 prosodicas
3146 4668 3463 4726 correcto:
3513 4661 3626 4724 Tu
3665 4659 3877 4725 nihil
3922 4660 4186 4726 invita
4229 4659 4347 4722 di-

320 4797 481 4843 ces
524 4777 889 4840 faciesve
934 4777 1326 4841 Minerva.
1419 4777 1587 4860 Typi
1634 4774 1901 4857 ubique,
1958 4776 2012 4839 si
2053 4772 2523 4856 praefationem
2566 4772 2930 4854 exceperis,
2986 4773 3249 4837 cursivi.
3340 4773 3630 4856 Margini
3685 4774 4135 4839 inscribuntur
4191 4770 4349 4835 alle-

311 4895 495 4975 gata
538 4887 775 4953 biblica
820 4889 981 4952 satis
1025 4889 1407 4970 frequentia.
1496 4886 1859 4970 Exemplar
1902 4887 2101 4951 huius
2139 4884 2441 4950 editionis
2484 4890 2701 4946 exstat-
2744 4884 2810 4946 in
2847 4893 3071 4947 nostra
3117 4885 3508 4951 bibliotheca
3551 4886 3935 4951 calviniana.

645 5002 1021 5082 Antequam
1081 4998 1164 5063 ad
1210 4998 1338 5063 alia
1386 5009 1795 5064 transeamus
1836 4998 1915 5062 de
1961 4999 2391 5083 typographis
2448 4999 2792 5065 dicendum
2838 4999 3116 5078 quorum
3159 4997 3427 5061 nomina
3483 4998 3870 5080 subscriptio
3910 4995 4063 5059 libri
4108 4996 4345 5078 prodit.

290 5112 614 5180 morum
657 5133 856 5195 opera
901 5112 1077 5176 hunc
1119 5133 1191 5175 re
1234 5132 1391 5176 vcra
1431 5131 1745 5176 excusum
1788 5112 2008 5189 fuisse,
2047 5133 2180 5175 non
2225 5119 2324 5176 est
2368 5111 2540 5193 quod
2582 5112 2653 5175 in
2698 5109 2965 5173 dubium
3013 5129 3317 5175 vocemus
3330 5134 3346 5189 ;
3392 5133 3622 5175 verum
3665 5107 4021 5172 eorundem
4065 5109 4348 5190 sumpti-

290 5228 459 5293 bus
509 5223 757 5288 editum
800 5246 1135 5307 negamus.
1225 5221 1586 5288 Incidimus
1632 5224 1806 5286 enim
1852 5225 1919 5286 in
1964 5223 2190 5289 literas
2226 5223 2539 5306 quasdam
2595 5222 2684 5285 Ιο.
2735 5220 3041 5303 Oporini,
3099 5222 3502 5288 celeberrimi
3545 5220 3910 5284 basiliensis
3950 5220 4347 5304 typographi

284 5349 388 5406 et
444 5333 856 5418 bibliopolae,
905 5336 1006 5402 dic
1050 5335 1437 5401 Palmarum
1483 5336 1551 5419 (i.
1594 5357 1645 5398 0.
1679 5339 1778 5396 25.
1804 5334 2062 5418 Martii)
2121 5334 2412 5400 eiusdem
2456 5334 2612 5398 anni
2656 5332 2738 5397 ad
2783 5332 3136 5398 Calvinum
3182 5334 3379 5411 datas,
3427 5332 3664 5415 quibus
3705 5330 3814 5395 ille
3857 5331 4152 5428 libellum
4195 5354 4346 5396 nos-
