<?xml version="1.0" encoding="UTF-8"?>
<!DOCTYPE html PUBLIC "-//W3C//DTD XHTML 1.0 Transitional//EN"
    "http://www.w3.org/TR/xhtml1/DTD/xhtml1-transitional.dtd">
<html xmlns="http://www.w3.org/1999/xhtml" xml:lang="en" lang="en">
 <head>
  <title>
</title>
<meta http-equiv="Content-Type" content="text/html;charset=utf-8" />
  <meta name='ocr-system' content='tesseract 3.04.00' />
  <meta name='ocr-capabilities' content='ocr_page ocr_carea ocr_par ocr_line ocrx_word'/>
</head>
<body>
  <div class='ocr_page' id='page_1' title='image "./ioanniscalvinio15calvgoog_0206.png"; bbox 0 0 5100 6061; ppageno 0'>
   <div class='ocr_carea' id='block_1_1' title="bbox 769 430 894 491">
    <p class='ocr_par' dir='ltr' id='par_1_1' title="bbox 769 430 894 491">
     <span class='ocr_line' id='line_1_1' title="bbox 769 430 894 491; baseline -0.016 0"><span class='ocrx_word' id='word_1_1' title='bbox 769 430 894 491; x_wconf 86' lang='grc'><strong>287</strong></span> 
     </span>
    </p>
   </div>
   <div class='ocr_carea' id='block_1_2' title="bbox 725 605 2724 2840">
    <p class='ocr_par' dir='ltr' id='par_1_2' title="bbox 725 605 2724 2840">
     <span class='ocr_line' id='line_1_2' title="bbox 725 605 2717 687; baseline -0.007 -7"><span class='ocrx_word' id='word_1_2' title='bbox 725 674 730 680; x_wconf 88' lang='grc'><strong>.</strong></span> <span class='ocrx_word' id='word_1_3' title='bbox 761 637 957 682; x_wconf 86' lang='lat' dir='ltr'><strong>curus</strong></span> <span class='ocrx_word' id='word_1_4' title='bbox 1003 613 1259 678; x_wconf 89' lang='lat' dir='ltr'><strong>audias:</strong></span> <span class='ocrx_word' id='word_1_5' title='bbox 1309 612 1439 676; x_wconf 89' lang='lat' dir='ltr'><strong>iam</strong></span> <span class='ocrx_word' id='word_1_6' title='bbox 1483 631 1794 677; x_wconf 87' lang='lat' dir='ltr'><strong>converso</strong></span> <span class='ocrx_word' id='word_1_7' title='bbox 1830 607 1914 673; x_wconf 90' lang='lat' dir='ltr'><strong>ad</strong></span> <span class='ocrx_word' id='word_1_8' title='bbox 1959 615 2025 671; x_wconf 93' lang='lat' dir='ltr'><strong>te</strong></span> <span class='ocrx_word' id='word_1_9' title='bbox 2047 626 2367 685; x_wconf 89' lang='lat' dir='ltr'><strong>sermone,</strong></span> <span class='ocrx_word' id='word_1_10' title='bbox 2412 605 2717 687; x_wconf 87' lang='lat' dir='ltr'><strong>experiar</strong></span> 
     </span>
     <span class='ocr_line' id='line_1_3' title="bbox 764 689 2717 783; baseline -0.007 -17"><span class='ocrx_word' id='word_1_11' title='bbox 764 723 926 766; x_wconf 91' lang='lat' dir='ltr'><strong>num</strong></span> <span class='ocrx_word' id='word_1_12' title='bbox 971 699 1210 783; x_wconf 88' lang='lat' dir='ltr'><strong>aliquis</strong></span> <span class='ocrx_word' id='word_1_13' title='bbox 1245 696 1460 763; x_wconf 89' lang='lat' dir='ltr'><strong>adhuc</strong></span> <span class='ocrx_word' id='word_1_14' title='bbox 1504 697 1577 761; x_wconf 91' lang='lat' dir='ltr'><strong>in</strong></span> <span class='ocrx_word' id='word_1_15' title='bbox 1619 703 1685 760; x_wconf 89' lang='lat' dir='ltr'><strong>te</strong></span> <span class='ocrx_word' id='word_1_16' title='bbox 1728 693 2012 759; x_wconf 78' lang='lat' dir='ltr'><strong>resideat</strong></span> <span class='ocrx_word' id='word_1_17' title='bbox 2048 689 2176 757; x_wconf 92' lang='lat' dir='ltr'><strong>Dei</strong></span> <span class='ocrx_word' id='word_1_18' title='bbox 2216 692 2434 769; x_wconf 89' lang='lat' dir='ltr'><strong>timor,</strong></span> <span class='ocrx_word' id='word_1_19' title='bbox 2482 712 2608 773; x_wconf 90' lang='lat' dir='ltr'><strong>quo</strong></span> <span class='ocrx_word' id='word_1_20' title='bbox 2654 699 2717 753; x_wconf 88' lang='lat' dir='ltr'><strong>te</strong></span> 
     </span>
     <span class='ocr_line' id='line_1_4' title="bbox 763 775 2716 868; baseline -0.008 -15"><span class='ocrx_word' id='word_1_21' title='bbox 763 787 921 853; x_wconf 89' lang='lat' dir='ltr'><strong>olim</strong></span> <span class='ocrx_word' id='word_1_22' title='bbox 977 806 1109 851; x_wconf 92' lang='lat' dir='ltr'><strong>non</strong></span> <span class='ocrx_word' id='word_1_23' title='bbox 1169 784 1434 868; x_wconf 87' lang='lat' dir='ltr'><strong>penitus</strong></span> <span class='ocrx_word' id='word_1_24' title='bbox 1488 802 1768 848; x_wconf 82' lang='lat' dir='ltr'><strong>vacuum</strong></span> <span class='ocrx_word' id='word_1_25' title='bbox 1809 800 1950 844; x_wconf 88' lang='lat' dir='ltr'><strong>esse</strong></span> <span class='ocrx_word' id='word_1_26' title='bbox 1992 779 2188 844; x_wconf 91' lang='lat' dir='ltr'><strong>sensi.</strong></span> <span class='ocrx_word' id='word_1_27' title='bbox 2256 775 2448 841; x_wconf 82' lang='lat' dir='ltr'>Istud</span> <span class='ocrx_word' id='word_1_28' title='bbox 2492 784 2716 839; x_wconf 89' lang='lat' dir='ltr'><strong>tamen</strong></span> 
     </span>
     <span class='ocr_line' id='line_1_5' title="bbox 763 863 2714 945; baseline -0.007 -7"><span class='ocrx_word' id='word_1_29' title='bbox 763 870 1250 938; x_wconf 86' lang='lat' dir='ltr'><strong>dissimulatum</strong></span> <span class='ocrx_word' id='word_1_30' title='bbox 1306 869 1423 934; x_wconf 92' lang='lat' dir='ltr'><strong>tibi</strong></span> <span class='ocrx_word' id='word_1_31' title='bbox 1479 866 1654 945; x_wconf 83' lang='lat' dir='ltr'><strong>nolo,</strong></span> <span class='ocrx_word' id='word_1_32' title='bbox 1707 866 1932 930; x_wconf 89' lang='lat' dir='ltr'><strong>mirari</strong></span> <span class='ocrx_word' id='word_1_33' title='bbox 1978 884 2083 929; x_wconf 92' lang='lat' dir='ltr'><strong>me</strong></span> <span class='ocrx_word' id='word_1_34' title='bbox 2128 884 2261 927; x_wconf 90' lang='lat' dir='ltr'><strong>non</strong></span> <span class='ocrx_word' id='word_1_35' title='bbox 2305 863 2462 927; x_wconf 84' lang='lat' dir='ltr'><strong>satis</strong></span> <span class='ocrx_word' id='word_1_36' title='bbox 2505 882 2714 945; x_wconf 92' lang='lat' dir='ltr'><strong>posse,</strong></span> 
     </span>
     <span class='ocr_line' id='line_1_6' title="bbox 763 945 2716 1042; baseline -0.007 -19"><span class='ocrx_word' id='word_1_37' title='bbox 763 957 974 1042; x_wconf 83' lang='lat' dir='ltr'><strong>qualis</strong></span> <span class='ocrx_word' id='word_1_38' title='bbox 1019 958 1106 1022; x_wconf 89' lang='lat' dir='ltr'><strong>sit</strong></span> <span class='ocrx_word' id='word_1_39' title='bbox 1146 956 1258 1020; x_wconf 92' lang='lat' dir='ltr'><strong>ille</strong></span> <span class='ocrx_word' id='word_1_40' title='bbox 1295 963 1446 1019; x_wconf 89' lang='lat' dir='ltr'><strong>tuus</strong></span> <span class='ocrx_word' id='word_1_41' title='bbox 1470 960 1716 1037; x_wconf 80' lang='lat' dir='ltr'><strong>stupor,</strong></span> <span class='ocrx_word' id='word_1_42' title='bbox 1761 958 1836 1016; x_wconf 90' lang='lat' dir='ltr'><strong>ut</strong></span> <span class='ocrx_word' id='word_1_43' title='bbox 1870 972 2076 1033; x_wconf 90' lang='lat' dir='ltr'><strong>quum</strong></span> <span class='ocrx_word' id='word_1_44' title='bbox 2105 957 2202 1013; x_wconf 88' lang='lat' dir='ltr'><strong>tot</strong></span> <span class='ocrx_word' id='word_1_45' title='bbox 2236 948 2510 1012; x_wconf 89' lang='lat' dir='ltr'><strong>Domini</strong></span> <span class='ocrx_word' id='word_1_46' title='bbox 2546 945 2716 1011; x_wconf 91' lang='lat' dir='ltr'><strong>iudi-</strong></span> 
     </span>
     <span class='ocr_line' id='line_1_7' title="bbox 765 1032 2717 1122; baseline -0.007 -14"><span class='ocrx_word' id='word_1_47' title='bbox 765 1045 882 1109; x_wconf 86' lang='lat' dir='ltr'><strong>ciis</strong></span> <span class='ocrx_word' id='word_1_48' title='bbox 906 1064 982 1107; x_wconf 85' lang='lat' dir='ltr'><strong>ac</strong></span> <span class='ocrx_word' id='word_1_49' title='bbox 1007 1044 1156 1108; x_wconf 90' lang='lat' dir='ltr'><strong>telis</strong></span> <span class='ocrx_word' id='word_1_50' title='bbox 1190 1041 1494 1106; x_wconf 85' lang='lat' dir='ltr'><strong>letalibus</strong></span> <span class='ocrx_word' id='word_1_51' title='bbox 1519 1039 1936 1122; x_wconf 87' lang='lat' dir='ltr'><strong>configantur</strong></span> <span class='ocrx_word' id='word_1_52' title='bbox 1957 1037 2181 1120; x_wconf 87' lang='lat' dir='ltr'><strong>ignavi</strong></span> <span class='ocrx_word' id='word_1_53' title='bbox 2217 1042 2528 1118; x_wconf 83' lang='lat' dir='ltr'><strong>pastores,</strong></span> <span class='ocrx_word' id='word_1_54' title='bbox 2568 1032 2717 1096; x_wconf 91' lang='lat' dir='ltr'><strong>nul-</strong></span> 
     </span>
     <span class='ocr_line' id='line_1_8' title="bbox 762 1118 2718 1208; baseline -0.007 -14"><span class='ocrx_word' id='word_1_55' title='bbox 762 1130 905 1194; x_wconf 90' lang='lat' dir='ltr'><strong>lum</strong></span> <span class='ocrx_word' id='word_1_56' title='bbox 941 1150 1168 1193; x_wconf 91' lang='lat' dir='ltr'><strong>eorum</strong></span> <span class='ocrx_word' id='word_1_57' title='bbox 1200 1128 1272 1190; x_wconf 90' lang='lat' dir='ltr'><strong>in</strong></span> <span class='ocrx_word' id='word_1_58' title='bbox 1306 1132 1372 1190; x_wconf 92' lang='lat' dir='ltr'><strong>te</strong></span> <span class='ocrx_word' id='word_1_59' title='bbox 1400 1125 1596 1208; x_wconf 85' lang='lat' dir='ltr'><strong>dirigi</strong></span> <span class='ocrx_word' id='word_1_60' title='bbox 1630 1124 1904 1188; x_wconf 89' lang='lat' dir='ltr'><strong>sentias:</strong></span> <span class='ocrx_word' id='word_1_61' title='bbox 1955 1143 2160 1205; x_wconf 92' lang='lat' dir='ltr'><strong>quum</strong></span> <span class='ocrx_word' id='word_1_62' title='bbox 2181 1121 2279 1185; x_wconf 92' lang='lat' dir='ltr'><strong>illi</strong></span> <span class='ocrx_word' id='word_1_63' title='bbox 2307 1128 2550 1198; x_wconf 89' lang='lat' dir='ltr'><strong>tamen,</strong></span> <span class='ocrx_word' id='word_1_64' title='bbox 2592 1118 2718 1182; x_wconf 92' lang='lat' dir='ltr'><strong>nisi</strong></span> 
     </span>
     <span class='ocr_line' id='line_1_9' title="bbox 766 1203 2718 1300; baseline -0.008 -18"><span class='ocrx_word' id='word_1_65' title='bbox 766 1237 885 1300; x_wconf 86' lang='lat' dir='ltr'><strong>per</strong></span> <span class='ocrx_word' id='word_1_66' title='bbox 918 1223 1106 1280; x_wconf 89' lang='lat' dir='ltr'><strong>tuum</strong></span> <span class='ocrx_word' id='word_1_67' title='bbox 1139 1213 1333 1289; x_wconf 73' lang='lat' dir='ltr'><strong>latua,</strong></span> <span class='ocrx_word' id='word_1_68' title='bbox 1361 1210 1698 1277; x_wconf 85' lang='lat' dir='ltr'><strong>vulnerari</strong></span> <span class='ocrx_word' id='word_1_69' title='bbox 1724 1230 1855 1274; x_wconf 90' lang='lat' dir='ltr'><strong>non</strong></span> <span class='ocrx_word' id='word_1_70' title='bbox 1879 1209 2148 1293; x_wconf 80' lang='lat' dir='ltr'><strong>possint.</strong></span> <span class='ocrx_word' id='word_1_71' title='bbox 2207 1205 2385 1287; x_wconf 80' lang='lat' dir='ltr'><strong>Quid</strong></span> <span class='ocrx_word' id='word_1_72' title='bbox 2420 1203 2637 1270; x_wconf 85' lang='lat' dir='ltr'><strong>enim?</strong></span> <span class='ocrx_word' id='word_1_73' title='bbox 2668 1206 2718 1287; x_wconf 83' lang='lat'><strong>ยน)</strong></span> 
     </span>
     <span class='ocr_line' id='line_1_10' title="bbox 766 1290 2720 1383; baseline -0.006 -18"><span class='ocrx_word' id='word_1_74' title='bbox 766 1301 1125 1383; x_wconf 87' lang='lat' dir='ltr'><strong>Postquam</strong></span> <span class='ocrx_word' id='word_1_75' title='bbox 1170 1298 1453 1380; x_wconf 78' lang='lat' dir='ltr'>episcopi</span> <span class='ocrx_word' id='word_1_76' title='bbox 1497 1304 1565 1360; x_wconf 92' lang='lat' dir='ltr'><strong>et</strong></span> <span class='ocrx_word' id='word_1_77' title='bbox 1607 1317 1849 1360; x_wconf 90' lang='lat' dir='ltr'><strong>nomen</strong></span> <span class='ocrx_word' id='word_1_78' title='bbox 1889 1302 1958 1360; x_wconf 92' lang='lat' dir='ltr'><strong>et</strong></span> <span class='ocrx_word' id='word_1_79' title='bbox 1998 1295 2214 1358; x_wconf 90' lang='lat' dir='ltr'><strong>locum</strong></span> <span class='ocrx_word' id='word_1_80' title='bbox 2259 1299 2461 1369; x_wconf 92' lang='lat' dir='ltr'><strong>tenes,</strong></span> <span class='ocrx_word' id='word_1_81' title='bbox 2499 1290 2720 1354; x_wconf 90' lang='lat' dir='ltr'><strong>omnia</strong></span> 
     </span>
     <span class='ocr_line' id='line_1_11' title="bbox 762 1377 2720 1469; baseline -0.006 -19"><span class='ocrx_word' id='word_1_82' title='bbox 762 1407 883 1469; x_wconf 86' lang='lat' dir='ltr'><strong>pro</strong></span> <span class='ocrx_word' id='word_1_83' title='bbox 938 1385 1219 1468; x_wconf 78' lang='lat' dir='ltr'><strong>episcopi</strong></span> <span class='ocrx_word' id='word_1_84' title='bbox 1269 1385 1410 1447; x_wconf 88' lang='lat' dir='ltr'><strong>iure</strong></span> <span class='ocrx_word' id='word_1_85' title='bbox 1451 1404 1526 1447; x_wconf 91' lang='lat' dir='ltr'><strong>ac</strong></span> <span class='ocrx_word' id='word_1_86' title='bbox 1569 1388 1891 1465; x_wconf 73' lang='lat' dir='ltr'><strong>potestate</strong></span> <span class='ocrx_word' id='word_1_87' title='bbox 1934 1379 2382 1456; x_wconf 89' lang='lat' dir='ltr'><strong>administras,</strong></span> <span class='ocrx_word' id='word_1_88' title='bbox 2423 1377 2720 1442; x_wconf 90' lang='lat' dir='ltr'><strong>omnium</strong></span> 
     </span>
     <span class='ocr_line' id='line_1_12' title="bbox 764 1462 2719 1548; baseline -0.006 -12"><span class='ocrx_word' id='word_1_89' title='bbox 764 1473 838 1536; x_wconf 90' lang='lat' dir='ltr'><strong>in</strong></span> <span class='ocrx_word' id='word_1_90' title='bbox 881 1480 947 1535; x_wconf 90' lang='lat' dir='ltr'><strong>te</strong></span> <span class='ocrx_word' id='word_1_91' title='bbox 995 1470 1265 1536; x_wconf 91' lang='lat' dir='ltr'><strong>coniecti</strong></span> <span class='ocrx_word' id='word_1_92' title='bbox 1308 1476 1464 1534; x_wconf 90' lang='lat' dir='ltr'><strong>sunt</strong></span> <span class='ocrx_word' id='word_1_93' title='bbox 1508 1468 1708 1546; x_wconf 90' lang='lat' dir='ltr'><strong>oculi,</strong></span> <span class='ocrx_word' id='word_1_94' title='bbox 1760 1468 1941 1532; x_wconf 84' lang='lat' dir='ltr'><strong>volut</strong></span> <span class='ocrx_word' id='word_1_95' title='bbox 1975 1466 2046 1529; x_wconf 92' lang='lat' dir='ltr'><strong>in</strong></span> <span class='ocrx_word' id='word_1_96' title='bbox 2089 1464 2426 1548; x_wconf 84' lang='lat' dir='ltr'><strong>religionis</strong></span> <span class='ocrx_word' id='word_1_97' title='bbox 2464 1462 2719 1526; x_wconf 89' lang='lat' dir='ltr'><strong>antisti-</strong></span> 
     </span>
     <span class='ocr_line' id='line_1_13' title="bbox 765 1551 2718 1635; baseline -0.006 -13"><span class='ocrx_word' id='word_1_98' title='bbox 765 1567 900 1622; x_wconf 88' lang='lat' dir='ltr'><strong>tem</strong></span> <span class='ocrx_word' id='word_1_99' title='bbox 919 1608 935 1635; x_wconf 99' lang='lat'><strong>,</strong></span> <span class='ocrx_word' id='word_1_100' title='bbox 993 1556 1189 1620; x_wconf 89' lang='lat' dir='ltr'><strong>fidem</strong></span> <span class='ocrx_word' id='word_1_101' title='bbox 1234 1555 1544 1620; x_wconf 89' lang='lat' dir='ltr'><strong>ecclesiae</strong></span> <span class='ocrx_word' id='word_1_102' title='bbox 1595 1562 1776 1618; x_wconf 92' lang='lat' dir='ltr'><strong>tuam</strong></span> <span class='ocrx_word' id='word_1_103' title='bbox 1835 1551 2169 1635; x_wconf 82' lang='lat' dir='ltr'><strong>obligasti:</strong></span> <span class='ocrx_word' id='word_1_104' title='bbox 2239 1570 2394 1631; x_wconf 86' lang='lat' dir='ltr'><strong>que,</strong></span> <span class='ocrx_word' id='word_1_105' title='bbox 2460 1568 2718 1631; x_wconf 81' lang='lat' dir='ltr'><strong>quaeso,</strong></span> 
     </span>
     <span class='ocr_line' id='line_1_14' title="bbox 764 1633 2719 1727; baseline -0.006 -20"><span class='ocrx_word' id='word_1_106' title='bbox 764 1650 1113 1727; x_wconf 88' lang='lat' dir='ltr'><strong>praetextu</strong></span> <span class='ocrx_word' id='word_1_107' title='bbox 1169 1641 1453 1706; x_wconf 89' lang='lat' dir='ltr'><strong>officium</strong></span> <span class='ocrx_word' id='word_1_108' title='bbox 1507 1641 1726 1722; x_wconf 88' lang='lat' dir='ltr'><strong>ipsum</strong></span> <span class='ocrx_word' id='word_1_109' title='bbox 1771 1639 1886 1704; x_wconf 88' lang='lat' dir='ltr'><strong>abs</strong></span> <span class='ocrx_word' id='word_1_110' title='bbox 1928 1647 1993 1702; x_wconf 90' lang='lat' dir='ltr'><strong>te</strong></span> <span class='ocrx_word' id='word_1_111' title='bbox 2038 1635 2331 1701; x_wconf 90' lang='lat' dir='ltr'><strong>reiicies?</strong></span> <span class='ocrx_word' id='word_1_112' title='bbox 2381 1634 2513 1713; x_wconf 79' lang='lat' dir='ltr'><strong>Tu,</strong></span> <span class='ocrx_word' id='word_1_113' title='bbox 2559 1633 2719 1698; x_wconf 92' lang='lat' dir='ltr'><strong>dum</strong></span> 
     </span>
     <span class='ocr_line' id='line_1_15' title="bbox 766 1720 2714 1806; baseline -0.006 -13"><span class='ocrx_word' id='word_1_114' title='bbox 766 1738 954 1795; x_wconf 84' lang='lat' dir='ltr'><strong>tuum</strong></span> <span class='ocrx_word' id='word_1_115' title='bbox 999 1725 1443 1803; x_wconf 91' lang='lat' dir='ltr'><strong>commodum,</strong></span> <span class='ocrx_word' id='word_1_116' title='bbox 1491 1725 1650 1789; x_wconf 88' lang='lat' dir='ltr'><strong>dum</strong></span> <span class='ocrx_word' id='word_1_117' title='bbox 1694 1732 1999 1806; x_wconf 90' lang='lat' dir='ltr'><strong>potestas,</strong></span> <span class='ocrx_word' id='word_1_118' title='bbox 2047 1721 2203 1787; x_wconf 91' lang='lat' dir='ltr'><strong>dum</strong></span> <span class='ocrx_word' id='word_1_119' title='bbox 2238 1720 2714 1804; x_wconf 87' lang='lat' dir='ltr'><strong>praerogativa,</strong></span> 
     </span>
     <span class='ocr_line' id='line_1_16' title="bbox 764 1804 2720 1896; baseline -0.005 -17"><span class='ocrx_word' id='word_1_120' title='bbox 764 1814 924 1880; x_wconf 89' lang='lat' dir='ltr'><strong>dum</strong></span> <span class='ocrx_word' id='word_1_121' title='bbox 981 1813 1267 1896; x_wconf 83' lang='lat' dir='ltr'><strong>dignitas</strong></span> <span class='ocrx_word' id='word_1_122' title='bbox 1311 1813 1563 1895; x_wconf 84' lang='lat' dir='ltr'><strong>agitur,</strong></span> <span class='ocrx_word' id='word_1_123' title='bbox 1612 1812 1952 1893; x_wconf 90' lang='lat' dir='ltr'><strong>episcopus</strong></span> <span class='ocrx_word' id='word_1_124' title='bbox 1993 1809 2262 1892; x_wconf 86' lang='lat' dir='ltr'><strong>agnosci</strong></span> <span class='ocrx_word' id='word_1_125' title='bbox 2307 1806 2515 1871; x_wconf 82' lang='lat' dir='ltr'><strong>voles:</strong></span> <span class='ocrx_word' id='word_1_126' title='bbox 2561 1804 2720 1869; x_wconf 90' lang='lat' dir='ltr'><strong>dum</strong></span> 
     </span>
     <span class='ocr_line' id='line_1_17' title="bbox 765 1891 2718 1981; baseline -0.006 -16"><span class='ocrx_word' id='word_1_127' title='bbox 765 1901 881 1966; x_wconf 90' lang='lat' dir='ltr'><strong>abs</strong></span> <span class='ocrx_word' id='word_1_128' title='bbox 931 1908 998 1964; x_wconf 88' lang='lat' dir='ltr'><strong>te</strong></span> <span class='ocrx_word' id='word_1_129' title='bbox 1043 1899 1360 1981; x_wconf 80' lang='lat' dir='ltr'><strong>exigitur,</strong></span> <span class='ocrx_word' id='word_1_130' title='bbox 1424 1905 1494 1962; x_wconf 91' lang='lat' dir='ltr'><strong>ut</strong></span> <span class='ocrx_word' id='word_1_131' title='bbox 1547 1895 1721 1979; x_wconf 91' lang='lat' dir='ltr'><strong>quod</strong></span> <span class='ocrx_word' id='word_1_132' title='bbox 1775 1895 2069 1960; x_wconf 89' lang='lat' dir='ltr'><strong>muneris</strong></span> <span class='ocrx_word' id='word_1_133' title='bbox 2123 1903 2223 1958; x_wconf 91' lang='lat' dir='ltr'><strong>est</strong></span> <span class='ocrx_word' id='word_1_134' title='bbox 2275 1893 2374 1956; x_wconf 90' lang='lat' dir='ltr'><strong>tui</strong></span> <span class='ocrx_word' id='word_1_135' title='bbox 2429 1891 2718 1958; x_wconf 87' lang='lat' dir='ltr'><strong>vicissim</strong></span> 
     </span>
     <span class='ocr_line' id='line_1_18' title="bbox 765 1978 2717 2070; baseline -0.005 -21"><span class='ocrx_word' id='word_1_136' title='bbox 765 1993 1085 2070; x_wconf 82' lang='lat' dir='ltr'><strong>praestes,</strong></span> <span class='ocrx_word' id='word_1_137' title='bbox 1133 1985 1349 2067; x_wconf 90' lang='lat' dir='ltr'><strong>episco</strong></span> <span class='ocrx_word' id='word_1_138' title='bbox 1399 1999 1524 2047; x_wconf 86' lang='lat' dir='ltr'><strong>um</strong></span> <span class='ocrx_word' id='word_1_139' title='bbox 1572 2004 1714 2047; x_wconf 90' lang='lat' dir='ltr'><strong>esse</strong></span> <span class='ocrx_word' id='word_1_140' title='bbox 1768 1993 1833 2046; x_wconf 88' lang='lat' dir='ltr'><strong>te</strong></span> <span class='ocrx_word' id='word_1_141' title='bbox 1882 1980 2198 2064; x_wconf 84' lang='lat' dir='ltr'><strong>negabis?</strong></span> <span class='ocrx_word' id='word_1_142' title='bbox 2269 1978 2420 2043; x_wconf 88' lang='lat' dir='ltr'><strong>Noli</strong></span> <span class='ocrx_word' id='word_1_143' title='bbox 2463 1984 2717 2059; x_wconf 80' lang='lat' dir='ltr'><strong>putare,</strong></span> 
     </span>
     <span class='ocr_line' id='line_1_19' title="bbox 766 2062 2723 2149; baseline -0.005 -13"><span class='ocrx_word' id='word_1_144' title='bbox 766 2092 806 2137; x_wconf 95' lang='lat' dir='ltr'><strong>o</strong></span> <span class='ocrx_word' id='word_1_145' title='bbox 853 2073 1020 2136; x_wconf 91' lang='lat' dir='ltr'><strong>bone</strong></span> <span class='ocrx_word' id='word_1_146' title='bbox 1075 2071 1209 2145; x_wconf 91' lang='lat' dir='ltr'><strong>vir,</strong></span> <span class='ocrx_word' id='word_1_147' title='bbox 1275 2091 1354 2133; x_wconf 88' lang='lat' dir='ltr'><strong>ve</strong></span> <span class='ocrx_word' id='word_1_148' title='bbox 1424 2068 1664 2133; x_wconf 90' lang='lat' dir='ltr'><strong>talibus</strong></span> <span class='ocrx_word' id='word_1_149' title='bbox 1719 2067 1985 2149; x_wconf 88' lang='lat' dir='ltr'><strong>ineptiis</strong></span> <span class='ocrx_word' id='word_1_150' title='bbox 2027 2066 2249 2131; x_wconf 90' lang='lat' dir='ltr'><strong>Deum</strong></span> <span class='ocrx_word' id='word_1_151' title='bbox 2292 2085 2570 2146; x_wconf 92' lang='lat' dir='ltr'><strong>quocum</strong></span> <span class='ocrx_word' id='word_1_152' title='bbox 2615 2062 2723 2127; x_wconf 90' lang='lat' dir='ltr'><strong>hic</strong></span> 
     </span>
     <span class='ocr_line' id='line_1_20' title="bbox 766 2149 2722 2240; baseline -0.006 -18"><span class='ocrx_word' id='word_1_153' title='bbox 766 2157 886 2222; x_wconf 91' lang='lat' dir='ltr'><strong>tibi</strong></span> <span class='ocrx_word' id='word_1_154' title='bbox 930 2157 1271 2240; x_wconf 89' lang='lat' dir='ltr'><strong>negotium</strong></span> <span class='ocrx_word' id='word_1_155' title='bbox 1307 2163 1423 2233; x_wconf 91' lang='lat' dir='ltr'><strong>est,</strong></span> <span class='ocrx_word' id='word_1_156' title='bbox 1460 2154 1812 2219; x_wconf 86' lang='lat' dir='ltr'><strong>ludificari:</strong></span> <span class='ocrx_word' id='word_1_157' title='bbox 1857 2166 1975 2217; x_wconf 89' lang='lat' dir='ltr'><strong>aut</strong></span> <span class='ocrx_word' id='word_1_158' title='bbox 2007 2149 2246 2217; x_wconf 87' lang='lat' dir='ltr'><strong>talibus</strong></span> <span class='ocrx_word' id='word_1_159' title='bbox 2283 2149 2537 2215; x_wconf 79' lang='lat' dir='ltr'><strong>cavillis</strong></span> <span class='ocrx_word' id='word_1_160' title='bbox 2577 2168 2722 2213; x_wconf 87' lang='lat' dir='ltr'><strong>ver-</strong></span> 
     </span>
     <span class='ocr_line' id='line_1_21' title="bbox 764 2233 2721 2322; baseline -0.007 -12"><span class='ocrx_word' id='word_1_161' title='bbox 764 2245 926 2310; x_wconf 86' lang='lat' dir='ltr'><strong>bum</strong></span> <span class='ocrx_word' id='word_1_162' title='bbox 981 2245 1119 2306; x_wconf 92' lang='lat' dir='ltr'><strong>eius</strong></span> <span class='ocrx_word' id='word_1_163' title='bbox 1178 2240 1355 2306; x_wconf 91' lang='lat' dir='ltr'><strong>eludi</strong></span> <span class='ocrx_word' id='word_1_164' title='bbox 1408 2261 1629 2322; x_wconf 91' lang='lat' dir='ltr'><strong>posse,</strong></span> <span class='ocrx_word' id='word_1_165' title='bbox 1685 2238 1944 2322; x_wconf 88' lang='lat' dir='ltr'><strong>quando</strong></span> <span class='ocrx_word' id='word_1_166' title='bbox 1988 2259 2072 2303; x_wconf 93' lang='lat' dir='ltr'><strong>ne</strong></span> <span class='ocrx_word' id='word_1_167' title='bbox 2115 2236 2414 2301; x_wconf 90' lang='lat' dir='ltr'><strong>homines</strong></span> <span class='ocrx_word' id='word_1_168' title='bbox 2458 2233 2721 2317; x_wconf 92' lang='lat' dir='ltr'><strong>quidem</strong></span> 
     </span>
     <span class='ocr_line' id='line_1_22' title="bbox 765 2317 2721 2412; baseline -0.006 -18"><span class='ocrx_word' id='word_1_169' title='bbox 765 2331 963 2394; x_wconf 89' lang='lat' dir='ltr'><strong>istam</strong></span> <span class='ocrx_word' id='word_1_170' title='bbox 1005 2330 1078 2392; x_wconf 90' lang='lat' dir='ltr'><strong>in</strong></span> <span class='ocrx_word' id='word_1_171' title='bbox 1118 2333 1408 2412; x_wconf 83' lang='lat' dir='ltr'><strong>tyranno</strong></span> <span class='ocrx_word' id='word_1_172' title='bbox 1450 2325 1817 2390; x_wconf 86' lang='lat' dir='ltr'><strong>barbariem</strong></span> <span class='ocrx_word' id='word_1_173' title='bbox 1862 2326 2126 2401; x_wconf 88' lang='lat' dir='ltr'><strong>ferrent,</strong></span> <span class='ocrx_word' id='word_1_174' title='bbox 2176 2324 2230 2387; x_wconf 91' lang='lat' dir='ltr'><strong>si</strong></span> <span class='ocrx_word' id='word_1_175' title='bbox 2275 2317 2561 2386; x_wconf 89' lang='lat' dir='ltr'><strong>rodendo</strong></span> <span class='ocrx_word' id='word_1_176' title='bbox 2606 2341 2721 2402; x_wconf 91' lang='lat' dir='ltr'><strong>po-</strong></span> 
     </span>
     <span class='ocr_line' id='line_1_23' title="bbox 767 2406 2721 2499; baseline -0.006 -20"><span class='ocrx_word' id='word_1_177' title='bbox 767 2416 924 2499; x_wconf 90' lang='lat' dir='ltr'><strong>pulo</strong></span> <span class='ocrx_word' id='word_1_178' title='bbox 978 2414 1342 2496; x_wconf 89' lang='lat' dir='ltr'><strong>principem</strong></span> <span class='ocrx_word' id='word_1_179' title='bbox 1396 2433 1467 2477; x_wconf 90' lang='lat' dir='ltr'><strong>se</strong></span> <span class='ocrx_word' id='word_1_180' title='bbox 1508 2432 1648 2478; x_wconf 88' lang='lat' dir='ltr'><strong>esse</strong></span> <span class='ocrx_word' id='word_1_181' title='bbox 1705 2409 2138 2495; x_wconf 78' lang='lat' dir='ltr'><strong>praedicaret,</strong></span> <span class='ocrx_word' id='word_1_182' title='bbox 2194 2406 2480 2491; x_wconf 85' lang='lat' dir='ltr'><strong>regendo</strong></span> <span class='ocrx_word' id='word_1_183' title='bbox 2519 2425 2721 2491; x_wconf 90' lang='lat' dir='ltr'><strong>nega-</strong></span> 
     </span>
     <span class='ocr_line' id='line_1_24' title="bbox 766 2492 2722 2577; baseline -0.006 -12"><span class='ocrx_word' id='word_1_184' title='bbox 766 2508 887 2566; x_wconf 89' lang='lat' dir='ltr'><strong>ret.</strong></span> <span class='ocrx_word' id='word_1_185' title='bbox 956 2500 1049 2563; x_wconf 75' lang='lat' dir='ltr'><strong>Et</strong></span> <span class='ocrx_word' id='word_1_186' title='bbox 1089 2507 1314 2563; x_wconf 88' lang='lat' dir='ltr'><strong>tamen</strong></span> <span class='ocrx_word' id='word_1_187' title='bbox 1356 2496 1550 2562; x_wconf 88' lang='lat' dir='ltr'><strong>audio</strong></span> <span class='ocrx_word' id='word_1_188' title='bbox 1594 2497 1709 2562; x_wconf 90' lang='lat' dir='ltr'><strong>abs</strong></span> <span class='ocrx_word' id='word_1_189' title='bbox 1753 2505 1835 2573; x_wconf 92' lang='lat' dir='ltr'><strong>te,</strong></span> <span class='ocrx_word' id='word_1_190' title='bbox 1877 2496 2101 2577; x_wconf 90' lang='lat' dir='ltr'><strong>tuique</strong></span> <span class='ocrx_word' id='word_1_191' title='bbox 2145 2493 2394 2558; x_wconf 89' lang='lat' dir='ltr'><strong>ordinis</strong></span> <span class='ocrx_word' id='word_1_192' title='bbox 2439 2492 2722 2557; x_wconf 89' lang='lat' dir='ltr'><strong>homini-</strong></span> 
     </span>
     <span class='ocr_line' id='line_1_25' title="bbox 767 2578 2722 2663; baseline -0.005 -12"><span class='ocrx_word' id='word_1_193' title='bbox 767 2585 919 2663; x_wconf 89' lang='lat' dir='ltr'><strong>bus,</strong></span> <span class='ocrx_word' id='word_1_194' title='bbox 980 2605 1176 2650; x_wconf 88' lang='lat' dir='ltr'><strong>voces</strong></span> <span class='ocrx_word' id='word_1_195' title='bbox 1229 2583 1392 2649; x_wconf 90' lang='lat' dir='ltr'><strong>istas</strong></span> <span class='ocrx_word' id='word_1_196' title='bbox 1447 2581 1721 2650; x_wconf 91' lang='lat' dir='ltr'><strong>subinde</strong></span> <span class='ocrx_word' id='word_1_197' title='bbox 1780 2581 2042 2647; x_wconf 88' lang='lat' dir='ltr'><strong>iactari:</strong></span> <span class='ocrx_word' id='word_1_198' title='bbox 2105 2578 2495 2657; x_wconf 87' lang='lat' dir='ltr'><strong>sacerdotia,</strong></span> <span class='ocrx_word' id='word_1_199' title='bbox 2554 2598 2722 2661; x_wconf 90' lang='lat' dir='ltr'><strong>quae</strong></span> 
     </span>
     <span class='ocr_line' id='line_1_26' title="bbox 770 2664 2722 2753; baseline -0.005 -16"><span class='ocrx_word' id='word_1_200' title='bbox 770 2672 894 2737; x_wconf 88' lang='lat' dir='ltr'><strong>sub</strong></span> <span class='ocrx_word' id='word_1_201' title='bbox 961 2671 1412 2752; x_wconf 92' lang='lat' dir='ltr'><strong>episcoporum</strong></span> <span class='ocrx_word' id='word_1_202' title='bbox 1478 2669 1669 2734; x_wconf 85' lang='lat' dir='ltr'><strong>titulo</strong></span> <span class='ocrx_word' id='word_1_203' title='bbox 1750 2669 2005 2753; x_wconf 87' lang='lat' dir='ltr'><strong>geritis,</strong></span> <span class='ocrx_word' id='word_1_204' title='bbox 2073 2666 2242 2731; x_wconf 90' lang='lat' dir='ltr'><strong>nihil</strong></span> <span class='ocrx_word' id='word_1_205' title='bbox 2297 2685 2439 2731; x_wconf 91' lang='lat' dir='ltr'><strong>esse</strong></span> <span class='ocrx_word' id='word_1_206' title='bbox 2502 2664 2722 2727; x_wconf 91' lang='lat' dir='ltr'><strong>minus</strong></span> 
     </span>
     <span class='ocr_line' id='line_1_27' title="bbox 772 2748 2724 2840; baseline -0.004 -19"><span class='ocrx_word' id='word_1_207' title='bbox 772 2777 967 2840; x_wconf 91' lang='lat' dir='ltr'><strong>quam</strong></span> <span class='ocrx_word' id='word_1_208' title='bbox 1025 2757 1467 2838; x_wconf 83' lang='lat' dir='ltr'><strong>episcopatus:</strong></span> <span class='ocrx_word' id='word_1_209' title='bbox 1528 2754 1644 2820; x_wconf 90' lang='lat' dir='ltr'><strong>sed</strong></span> <span class='ocrx_word' id='word_1_210' title='bbox 1696 2753 1987 2819; x_wconf 89' lang='lat' dir='ltr'><strong>dominia</strong></span> <span class='ocrx_word' id='word_1_211' title='bbox 2036 2753 2283 2836; x_wconf 89' lang='lat' dir='ltr'><strong>potius,</strong></span> <span class='ocrx_word' id='word_1_212' title='bbox 2343 2758 2457 2815; x_wconf 91' lang='lat' dir='ltr'><strong>aut</strong></span> <span class='ocrx_word' id='word_1_213' title='bbox 2499 2748 2724 2814; x_wconf 89' lang='lat' dir='ltr'><strong>civiles</strong></span> 
     </span>
    </p>
   </div>
   <div class='ocr_carea' id='block_1_3' title="bbox 2475 412 3075 482">
    <p class='ocr_par' dir='ltr' id='par_1_3' title="bbox 2475 412 3075 482">
     <span class='ocr_line' id='line_1_28' title="bbox 2475 412 3075 482; baseline -0.005 0"><span class='ocrx_word' id='word_1_214' title='bbox 2475 412 2941 482; x_wconf 73' lang='lat' dir='ltr'>EPISTOLA</span> <span class='ocrx_word' id='word_1_215' title='bbox 2984 415 3075 480; x_wconf 88' lang='lat' dir='ltr'><strong>H.</strong></span> 
     </span>
    </p>
   </div>
   <div class='ocr_carea' id='block_1_4' title="bbox 2766 1813 2775 2244">
    <p class='ocr_par' dir='ltr' id='par_1_4' title="bbox 2766 1813 2775 2244">
     <span class='ocr_line' id='line_1_29' title="bbox 2766 1813 2775 2244; baseline 0 3817"><span class='ocrx_word' id='word_1_216' title='bbox 2766 1813 2775 2244; x_wconf 95' lang='lat' dir='ltr'><strong> </strong></span> 
     </span>
    </p>
   </div>
   <div class='ocr_carea' id='block_1_5' title="bbox 2771 2354 2779 2806">
    <p class='ocr_par' dir='ltr' id='par_1_5' title="bbox 2771 2354 2779 2806">
     <span class='ocr_line' id='line_1_30' title="bbox 2771 2354 2779 2806; baseline 0 3255"><span class='ocrx_word' id='word_1_217' title='bbox 2771 2354 2779 2806; x_wconf 95' lang='lat' dir='ltr'><strong> </strong></span> 
     </span>
    </p>
   </div>
   <div class='ocr_carea' id='block_1_6' title="bbox 4648 412 4773 474">
    <p class='ocr_par' dir='ltr' id='par_1_6' title="bbox 4648 412 4773 474">
     <span class='ocr_line' id='line_1_31' title="bbox 4648 412 4773 474; baseline 0.016 -2"><span class='ocrx_word' id='word_1_218' title='bbox 4648 412 4773 474; x_wconf 83' lang='lat'><strong>288</strong></span> 
     </span>
    </p>
   </div>
   <div class='ocr_carea' id='block_1_7' title="bbox 2819 597 4779 2832">
    <p class='ocr_par' dir='ltr' id='par_1_7' title="bbox 2819 597 4778 2233">
     <span class='ocr_line' id='line_1_32' title="bbox 2821 597 4773 688; baseline -0.005 -17"><span class='ocrx_word' id='word_1_219' title='bbox 2821 604 3142 688; x_wconf 85' lang='lat' dir='ltr'><strong>sacrilegii</strong></span> <span class='ocrx_word' id='word_1_220' title='bbox 3196 613 3259 667; x_wconf 89' lang='lat' dir='ltr'><strong>te</strong></span> <span class='ocrx_word' id='word_1_221' title='bbox 3311 624 3497 667; x_wconf 89' lang='lat' dir='ltr'><strong>reum</strong></span> <span class='ocrx_word' id='word_1_222' title='bbox 3542 603 3708 687; x_wconf 86' lang='lat' dir='ltr'><strong>agit:</strong></span> <span class='ocrx_word' id='word_1_223' title='bbox 3765 600 4293 685; x_wconf 88' lang='lat' dir='ltr'><strong>quandoquidem</strong></span> <span class='ocrx_word' id='word_1_224' title='bbox 4340 620 4452 664; x_wconf 88' lang='lat' dir='ltr'><strong>ore</strong></span> <span class='ocrx_word' id='word_1_225' title='bbox 4495 597 4773 663; x_wconf 87' lang='lat' dir='ltr'><strong>Domini</strong></span> 
     </span>
     <span class='ocr_line' id='line_1_33' title="bbox 2819 687 4771 768; baseline -0.002 -13"><span class='ocrx_word' id='word_1_226' title='bbox 2819 692 2888 755; x_wconf 89' lang='lat' dir='ltr'><strong>in</strong></span> <span class='ocrx_word' id='word_1_227' title='bbox 2934 697 3192 755; x_wconf 88' lang='lat' dir='ltr'><strong>sanctos</strong></span> <span class='ocrx_word' id='word_1_228' title='bbox 3236 687 3543 753; x_wconf 88' lang='lat' dir='ltr'><strong>ecclesiae</strong></span> <span class='ocrx_word' id='word_1_229' title='bbox 3587 710 3745 753; x_wconf 92' lang='lat' dir='ltr'><strong>usus</strong></span> <span class='ocrx_word' id='word_1_230' title='bbox 3790 697 4266 764; x_wconf 87' lang='lat' dir='ltr'><strong>consecratum,</strong></span> <span class='ocrx_word' id='word_1_231' title='bbox 4331 687 4422 750; x_wconf 87' lang='lat' dir='ltr'><strong>ita</strong></span> <span class='ocrx_word' id='word_1_232' title='bbox 4459 705 4771 768; x_wconf 81' lang='lat' dir='ltr'><strong>perverse</strong></span> 
     </span>
     <span class='ocr_line' id='line_1_34' title="bbox 2821 770 4770 857; baseline -0.002 -17"><span class='ocrx_word' id='word_1_233' title='bbox 2821 777 2936 842; x_wconf 87' lang='lat' dir='ltr'><strong>abs</strong></span> <span class='ocrx_word' id='word_1_234' title='bbox 2979 783 3046 840; x_wconf 88' lang='lat' dir='ltr'><strong>te</strong></span> <span class='ocrx_word' id='word_1_235' title='bbox 3086 784 3150 839; x_wconf 89' lang='lat' dir='ltr'><strong>et</strong></span> <span class='ocrx_word' id='word_1_236' title='bbox 3204 773 3496 857; x_wconf 89' lang='lat' dir='ltr'><strong>improbe</strong></span> <span class='ocrx_word' id='word_1_237' title='bbox 3549 775 3944 857; x_wconf 88' lang='lat' dir='ltr'><strong>profanatur.</strong></span> <span class='ocrx_word' id='word_1_238' title='bbox 4028 770 4471 854; x_wconf 78' lang='lat' dir='ltr'><strong>Quamobrem</strong></span> <span class='ocrx_word' id='word_1_239' title='bbox 4515 770 4770 836; x_wconf 85' lang='lat' dir='ltr'><strong>frivolis</strong></span> 
     </span>
     <span class='ocr_line' id='line_1_35' title="bbox 2820 855 4772 944; baseline -0.003 -17"><span class='ocrx_word' id='word_1_240' title='bbox 2820 861 2951 927; x_wconf 91' lang='lat' dir='ltr'><strong>illis</strong></span> <span class='ocrx_word' id='word_1_241' title='bbox 2983 859 3632 944; x_wconf 83' lang='lat' dir='ltr'><strong>tergiversationibus</strong></span> <span class='ocrx_word' id='word_1_242' title='bbox 3670 859 3887 923; x_wconf 90' lang='lat' dir='ltr'><strong>valere</strong></span> <span class='ocrx_word' id='word_1_243' title='bbox 3930 860 4143 936; x_wconf 90' lang='lat' dir='ltr'><strong>iussis,</strong></span> <span class='ocrx_word' id='word_1_244' title='bbox 4190 879 4367 924; x_wconf 89' lang='lat' dir='ltr'><strong>nunc</strong></span> <span class='ocrx_word' id='word_1_245' title='bbox 4412 865 4476 922; x_wconf 91' lang='lat' dir='ltr'><strong>te</strong></span> <span class='ocrx_word' id='word_1_246' title='bbox 4515 855 4772 939; x_wconf 89' lang='lat' dir='ltr'><strong>appello</strong></span> 
     </span>
     <span class='ocr_line' id='line_1_36' title="bbox 2822 941 4774 1029; baseline -0.003 -16"><span class='ocrx_word' id='word_1_247' title='bbox 2822 956 2889 1013; x_wconf 88' lang='lat' dir='ltr'><strong>et</strong></span> <span class='ocrx_word' id='word_1_248' title='bbox 2942 949 3227 1012; x_wconf 88' lang='lat' dir='ltr'><strong>obtestor</strong></span> <span class='ocrx_word' id='word_1_249' title='bbox 3285 943 3648 1029; x_wconf 75' lang='lat' dir='ltr'><strong>praesidem</strong></span> <span class='ocrx_word' id='word_1_250' title='bbox 3705 945 4070 1029; x_wconf 85' lang='lat' dir='ltr'><strong>religionis,</strong></span> <span class='ocrx_word' id='word_1_251' title='bbox 4131 965 4329 1026; x_wconf 88' lang='lat' dir='ltr'><strong>quam</strong></span> <span class='ocrx_word' id='word_1_252' title='bbox 4380 941 4668 1008; x_wconf 88' lang='lat' dir='ltr'><strong>fideliter</strong></span> <span class='ocrx_word' id='word_1_253' title='bbox 4711 952 4774 1008; x_wconf 84' lang='lat' dir='ltr'><strong>et</strong></span> 
     </span>
     <span class='ocr_line' id='line_1_37' title="bbox 2821 1028 4774 1114; baseline -0.002 -15"><span class='ocrx_word' id='word_1_254' title='bbox 2821 1034 3094 1099; x_wconf 78' lang='lat' dir='ltr'><strong>sollicite</strong></span> <span class='ocrx_word' id='word_1_255' title='bbox 3162 1034 3232 1098; x_wconf 89' lang='lat' dir='ltr'><strong>in</strong></span> <span class='ocrx_word' id='word_1_256' title='bbox 3299 1031 3744 1114; x_wconf 90' lang='lat' dir='ltr'><strong>componenda</strong></span> <span class='ocrx_word' id='word_1_257' title='bbox 3808 1028 4395 1113; x_wconf 85' lang='lat' dir='ltr'><strong>constituendaque</strong></span> <span class='ocrx_word' id='word_1_258' title='bbox 4457 1029 4774 1113; x_wconf 89' lang='lat' dir='ltr'><strong>religione</strong></span> 
     </span>
     <span class='ocr_line' id='line_1_38' title="bbox 2820 1115 4774 1199; baseline -0.003 -14"><span class='ocrx_word' id='word_1_259' title='bbox 2820 1121 3107 1185; x_wconf 86' lang='lat' dir='ltr'><strong>labores:</strong></span> <span class='ocrx_word' id='word_1_260' title='bbox 3165 1118 3395 1182; x_wconf 91' lang='lat' dir='ltr'><strong>ducem</strong></span> <span class='ocrx_word' id='word_1_261' title='bbox 3438 1137 3513 1182; x_wconf 90' lang='lat' dir='ltr'><strong>ac</strong></span> <span class='ocrx_word' id='word_1_262' title='bbox 3556 1117 4033 1182; x_wconf 82' lang='lat' dir='ltr'><strong>moderatorem</strong></span> <span class='ocrx_word' id='word_1_263' title='bbox 4086 1115 4338 1199; x_wconf 91' lang='lat' dir='ltr'><strong>populi,</strong></span> <span class='ocrx_word' id='word_1_264' title='bbox 4384 1117 4631 1198; x_wconf 83' lang='lat' dir='ltr'><strong>quanta</strong></span> <span class='ocrx_word' id='word_1_265' title='bbox 4676 1138 4774 1180; x_wconf 85' lang='lat' dir='ltr'><strong>se-</strong></span> 
     </span>
     <span class='ocr_line' id='line_1_39' title="bbox 2824 1200 4776 1286; baseline -0.003 -15"><span class='ocrx_word' id='word_1_266' title='bbox 2824 1206 3100 1272; x_wconf 89' lang='lat' dir='ltr'><strong>dulitate</strong></span> <span class='ocrx_word' id='word_1_267' title='bbox 3157 1204 3465 1270; x_wconf 88' lang='lat' dir='ltr'><strong>curandis</strong></span> <span class='ocrx_word' id='word_1_268' title='bbox 3520 1203 3741 1286; x_wconf 88' lang='lat' dir='ltr'><strong>populi</strong></span> <span class='ocrx_word' id='word_1_269' title='bbox 3797 1204 3991 1269; x_wconf 91' lang='lat' dir='ltr'><strong>rebus</strong></span> <span class='ocrx_word' id='word_1_270' title='bbox 4044 1201 4370 1286; x_wconf 80' lang='lat' dir='ltr'><strong>invigiles.</strong></span> <span class='ocrx_word' id='word_1_271' title='bbox 4441 1200 4516 1267; x_wconf 79' lang='lat' dir='ltr'><strong>Si</strong></span> <span class='ocrx_word' id='word_1_272' title='bbox 4562 1209 4628 1266; x_wconf 89' lang='lat' dir='ltr'><strong>te</strong></span> <span class='ocrx_word' id='word_1_273' title='bbox 4676 1203 4776 1266; x_wconf 87' lang='lat' dir='ltr'><strong>vi-</strong></span> 
     </span>
     <span class='ocr_line' id='line_1_40' title="bbox 2824 1287 4777 1372; baseline -0.004 -14"><span class='ocrx_word' id='word_1_274' title='bbox 2824 1293 3018 1358; x_wconf 91' lang='lat' dir='ltr'><strong>dente</strong></span> <span class='ocrx_word' id='word_1_275' title='bbox 3064 1298 3129 1355; x_wconf 91' lang='lat' dir='ltr'><strong>et</strong></span> <span class='ocrx_word' id='word_1_276' title='bbox 3175 1291 3568 1355; x_wconf 87' lang='lat' dir='ltr'><strong>connivente</strong></span> <span class='ocrx_word' id='word_1_277' title='bbox 3612 1287 3968 1372; x_wconf 88' lang='lat' dir='ltr'><strong>proscindi,</strong></span> <span class='ocrx_word' id='word_1_278' title='bbox 4015 1289 4412 1367; x_wconf 85' lang='lat' dir='ltr'><strong>conculcari,</strong></span> <span class='ocrx_word' id='word_1_279' title='bbox 4459 1289 4777 1352; x_wconf 82' lang='lat' dir='ltr'><strong>contami-</strong></span> 
     </span>
     <span class='ocr_line' id='line_1_41' title="bbox 2822 1375 4776 1458; baseline -0.002 -16"><span class='ocrx_word' id='word_1_280' title='bbox 2822 1378 3000 1456; x_wconf 88' lang='lat' dir='ltr'><strong>nari,</strong></span> <span class='ocrx_word' id='word_1_281' title='bbox 3063 1378 3271 1442; x_wconf 89' lang='lat' dir='ltr'><strong>everti</strong></span> <span class='ocrx_word' id='word_1_282' title='bbox 3316 1375 3594 1458; x_wconf 88' lang='lat' dir='ltr'><strong>denique</strong></span> <span class='ocrx_word' id='word_1_283' title='bbox 3646 1383 3854 1439; x_wconf 89' lang='lat' dir='ltr'><strong>totam</strong></span> <span class='ocrx_word' id='word_1_284' title='bbox 3896 1375 4025 1439; x_wconf 91' lang='lat' dir='ltr'><strong>Dei</strong></span> <span class='ocrx_word' id='word_1_285' title='bbox 4075 1375 4490 1458; x_wconf 80' lang='lat' dir='ltr'><strong>religionem:</strong></span> <span class='ocrx_word' id='word_1_286' title='bbox 4548 1375 4604 1438; x_wconf 90' lang='lat' dir='ltr'><strong>si</strong></span> <span class='ocrx_word' id='word_1_287' title='bbox 4666 1395 4776 1455; x_wconf 90' lang='lat' dir='ltr'><strong>po-</strong></span> 
     </span>
     <span class='ocr_line' id='line_1_42' title="bbox 2822 1459 4776 1547; baseline -0.003 -18"><span class='ocrx_word' id='word_1_288' title='bbox 2822 1463 3053 1547; x_wconf 91' lang='lat' dir='ltr'><strong>pulum</strong></span> <span class='ocrx_word' id='word_1_289' title='bbox 3088 1464 3325 1528; x_wconf 90' lang='lat' dir='ltr'><strong>misere</strong></span> <span class='ocrx_word' id='word_1_290' title='bbox 3361 1461 3820 1536; x_wconf 90' lang='lat' dir='ltr'><strong>circumscribi,</strong></span> <span class='ocrx_word' id='word_1_291' title='bbox 3858 1459 4195 1526; x_wconf 85' lang='lat' dir='ltr'><strong>fraudibus</strong></span> <span class='ocrx_word' id='word_1_292' title='bbox 4234 1461 4496 1536; x_wconf 90' lang='lat' dir='ltr'><strong>irretiri,</strong></span> <span class='ocrx_word' id='word_1_293' title='bbox 4532 1461 4605 1523; x_wconf 90' lang='lat' dir='ltr'><strong>in</strong></span> <span class='ocrx_word' id='word_1_294' title='bbox 4644 1461 4776 1524; x_wconf 91' lang='lat' dir='ltr'><strong>rui-</strong></span> 
     </span>
     <span class='ocr_line' id='line_1_43' title="bbox 2824 1545 4777 1631; baseline -0.002 -18"><span class='ocrx_word' id='word_1_295' title='bbox 2824 1572 2981 1615; x_wconf 88' lang='lat' dir='ltr'><strong>nam</strong></span> <span class='ocrx_word' id='word_1_296' title='bbox 3036 1548 3454 1631; x_wconf 87' lang='lat' dir='ltr'><strong>praecipitari</strong></span> <span class='ocrx_word' id='word_1_297' title='bbox 3507 1545 3807 1622; x_wconf 89' lang='lat' dir='ltr'><strong>ostendo:</strong></span> <span class='ocrx_word' id='word_1_298' title='bbox 3866 1547 4129 1629; x_wconf 87' lang='lat' dir='ltr'><strong>qualem</strong></span> <span class='ocrx_word' id='word_1_299' title='bbox 4180 1546 4314 1610; x_wconf 89' lang='lat' dir='ltr'><strong>iam</strong></span> <span class='ocrx_word' id='word_1_300' title='bbox 4357 1553 4777 1629; x_wconf 88' lang='lat' dir='ltr'><strong>praetextum</strong></span> 
     </span>
     <span class='ocr_line' id='line_1_44' title="bbox 2825 1631 4778 1717; baseline -0.003 -16"><span class='ocrx_word' id='word_1_301' title='bbox 2825 1637 3058 1701; x_wconf 87' lang='lat' dir='ltr'><strong>afferre</strong></span> <span class='ocrx_word' id='word_1_302' title='bbox 3114 1635 3352 1717; x_wconf 90' lang='lat' dir='ltr'><strong>possis,</strong></span> <span class='ocrx_word' id='word_1_303' title='bbox 3416 1635 3527 1717; x_wconf 91' lang='lat' dir='ltr'><strong>qui</strong></span> <span class='ocrx_word' id='word_1_304' title='bbox 3589 1633 3696 1698; x_wconf 87' lang='lat' dir='ltr'><strong>vel</strong></span> <span class='ocrx_word' id='word_1_305' title='bbox 3751 1631 3834 1697; x_wconf 89' lang='lat' dir='ltr'><strong>ad</strong></span> <span class='ocrx_word' id='word_1_306' title='bbox 3888 1633 4234 1697; x_wconf 90' lang='lat' dir='ltr'><strong>minimam</strong></span> <span class='ocrx_word' id='word_1_307' title='bbox 4287 1632 4778 1696; x_wconf 89' lang='lat' dir='ltr'><strong>excusationem</strong></span> 
     </span>
     <span class='ocr_line' id='line_1_45' title="bbox 2823 1716 4776 1802; baseline -0.003 -15"><span class='ocrx_word' id='word_1_308' title='bbox 2823 1721 3085 1787; x_wconf 86' lang='lat' dir='ltr'><strong>valeat?</strong></span> <span class='ocrx_word' id='word_1_309' title='bbox 3155 1718 3334 1801; x_wconf 78' lang='lat' dir='ltr'><strong>Quid</strong></span> <span class='ocrx_word' id='word_1_310' title='bbox 3369 1718 3543 1802; x_wconf 92' lang='lat' dir='ltr'><strong>quod</strong></span> <span class='ocrx_word' id='word_1_311' title='bbox 3586 1741 3720 1783; x_wconf 92' lang='lat' dir='ltr'><strong>non</strong></span> <span class='ocrx_word' id='word_1_312' title='bbox 3765 1721 4074 1785; x_wconf 89' lang='lat' dir='ltr'><strong>connives</strong></span> <span class='ocrx_word' id='word_1_313' title='bbox 4119 1718 4328 1796; x_wconf 91' lang='lat' dir='ltr'><strong>mod0,</strong></span> <span class='ocrx_word' id='word_1_314' title='bbox 4376 1718 4489 1782; x_wconf 91' lang='lat' dir='ltr'><strong>sed</strong></span> <span class='ocrx_word' id='word_1_315' title='bbox 4535 1716 4776 1782; x_wconf 89' lang='lat' dir='ltr'><strong>talibus</strong></span> 
     </span>
     <span class='ocr_line' id='line_1_46' title="bbox 2823 1802 4778 1891; baseline -0.004 -18"><span class='ocrx_word' id='word_1_316' title='bbox 2823 1829 3078 1891; x_wconf 91' lang='lat' dir='ltr'><strong>quoque</strong></span> <span class='ocrx_word' id='word_1_317' title='bbox 3122 1803 3389 1890; x_wconf 87' lang='lat' dir='ltr'><strong>flagitiis</strong></span> <span class='ocrx_word' id='word_1_318' title='bbox 3433 1813 3500 1869; x_wconf 92' lang='lat' dir='ltr'><strong>te</strong></span> <span class='ocrx_word' id='word_1_319' title='bbox 3533 1806 3754 1888; x_wconf 85' lang='lat' dir='ltr'><strong>ipsum</strong></span> <span class='ocrx_word' id='word_1_320' title='bbox 3796 1803 4140 1870; x_wconf 84' lang='lat' dir='ltr'><strong>inscribis?</strong></span> <span class='ocrx_word' id='word_1_321' title='bbox 4188 1826 4307 1870; x_wconf 87' lang='lat' dir='ltr'><strong>nec</strong></span> <span class='ocrx_word' id='word_1_322' title='bbox 4351 1802 4630 1869; x_wconf 85' lang='lat' dir='ltr'><strong>tacendo</strong></span> <span class='ocrx_word' id='word_1_323' title='bbox 4679 1824 4778 1867; x_wconf 89' lang='lat' dir='ltr'><strong>so-</strong></span> 
     </span>
     <span class='ocr_line' id='line_1_47' title="bbox 2823 1887 4778 1973; baseline -0.003 -15"><span class='ocrx_word' id='word_1_324' title='bbox 2823 1895 2963 1958; x_wconf 91' lang='lat' dir='ltr'><strong>lum</strong></span> <span class='ocrx_word' id='word_1_325' title='bbox 3006 1901 3073 1958; x_wconf 89' lang='lat' dir='ltr'><strong>et</strong></span> <span class='ocrx_word' id='word_1_326' title='bbox 3134 1891 3606 1957; x_wconf 86' lang='lat' dir='ltr'><strong>dissimulando</strong></span> <span class='ocrx_word' id='word_1_327' title='bbox 3677 1890 3954 1957; x_wconf 78' lang='lat' dir='ltr'><strong>verbumโ</strong></span> <span class='ocrx_word' id='word_1_328' title='bbox 4007 1890 4454 1973; x_wconf 90' lang='lat' dir='ltr'><strong>populumque</strong></span> <span class='ocrx_word' id='word_1_329' title='bbox 4501 1887 4778 1952; x_wconf 86' lang='lat' dir='ltr'><strong>Domini</strong></span> 
     </span>
     <span class='ocr_line' id='line_1_48' title="bbox 2824 1976 4776 2063; baseline -0.003 -18"><span class='ocrx_word' id='word_1_330' title='bbox 2824 1978 3076 2063; x_wconf 90' lang='lat' dir='ltr'><strong>prodis,</strong></span> <span class='ocrx_word' id='word_1_331' title='bbox 3134 1977 3249 2042; x_wconf 93' lang='lat' dir='ltr'><strong>sed</strong></span> <span class='ocrx_word' id='word_1_332' title='bbox 3293 1999 3498 2042; x_wconf 88' lang='lat' dir='ltr'><strong>manu</strong></span> <span class='ocrx_word' id='word_1_333' title='bbox 3549 1977 3691 2059; x_wconf 91' lang='lat' dir='ltr'><strong>ipse</strong></span> <span class='ocrx_word' id='word_1_334' title='bbox 3735 1983 3854 2040; x_wconf 91' lang='lat' dir='ltr'><strong>tua</strong></span> <span class='ocrx_word' id='word_1_335' title='bbox 3896 1986 3964 2041; x_wconf 91' lang='lat' dir='ltr'><strong>et</strong></span> <span class='ocrx_word' id='word_1_336' title='bbox 4016 1977 4364 2042; x_wconf 84' lang='lat' dir='ltr'><strong>labefactas</strong></span> <span class='ocrx_word' id='word_1_337' title='bbox 4409 1976 4776 2053; x_wconf 89' lang='lat' dir='ltr'><strong>veritatem,</strong></span> 
     </span>
     <span class='ocr_line' id='line_1_49' title="bbox 2826 2059 4777 2149; baseline -0.003 -18"><span class='ocrx_word' id='word_1_338' title='bbox 2826 2074 2891 2130; x_wconf 91' lang='lat' dir='ltr'><strong>et</strong></span> <span class='ocrx_word' id='word_1_339' title='bbox 2943 2064 3257 2149; x_wconf 91' lang='lat' dir='ltr'><strong>populum</strong></span> <span class='ocrx_word' id='word_1_340' title='bbox 3311 2062 3617 2128; x_wconf 84' lang='lat' dir='ltr'><strong>trucidas.</strong></span> <span class='ocrx_word' id='word_1_341' title='bbox 3695 2063 3841 2128; x_wconf 90' lang='lat' dir='ltr'><strong>Hoc</strong></span> <span class='ocrx_word' id='word_1_342' title='bbox 3885 2064 4060 2127; x_wconf 90' lang='lat' dir='ltr'><strong>enim</strong></span> <span class='ocrx_word' id='word_1_343' title='bbox 4117 2084 4250 2127; x_wconf 90' lang='lat' dir='ltr'><strong>non</strong></span> <span class='ocrx_word' id='word_1_344' title='bbox 4288 2071 4389 2127; x_wconf 89' lang='lat' dir='ltr'><strong>est</strong></span> <span class='ocrx_word' id='word_1_345' title='bbox 4431 2059 4610 2144; x_wconf 92' lang='lat' dir='ltr'><strong>quod</strong></span> <span class='ocrx_word' id='word_1_346' title='bbox 4669 2083 4777 2126; x_wconf 90' lang='lat' dir='ltr'><strong>neฮ</strong></span> 
     </span>
     <span class='ocr_line' id='line_1_50' title="bbox 2870 2146 4778 2233; baseline -0.002 -18"><span class='ocrx_word' id='word_1_347' title='bbox 2870 2173 2967 2215; x_wconf 88' lang='lat' dir='ltr'><strong>es:</strong></span> <span class='ocrx_word' id='word_1_348' title='bbox 3030 2160 3293 2216; x_wconf 88' lang='lat' dir='ltr'><strong>centum</strong></span> <span class='ocrx_word' id='word_1_349' title='bbox 3334 2151 3660 2213; x_wconf 86' lang='lat' dir='ltr'><strong>furtorum</strong></span> <span class='ocrx_word' id='word_1_350' title='bbox 3702 2170 3975 2233; x_wconf 88' lang='lat' dir='ltr'><strong>genera,</strong></span> <span class='ocrx_word' id='word_1_351' title='bbox 4033 2147 4267 2231; x_wconf 90' lang='lat' dir='ltr'><strong>quibus</strong></span> <span class='ocrx_word' id='word_1_352' title='bbox 4312 2147 4594 2230; x_wconf 79' lang='lat' dir='ltr'><strong>simplex</strong></span> <span class='ocrx_word' id='word_1_353' title='bbox 4642 2146 4778 2229; x_wconf 91' lang='lat' dir='ltr'><strong>ple-</strong></span> 
     </span>
    </p>

    <p class='ocr_par' dir='ltr' id='par_1_8' title="bbox 2826 2233 4779 2832">
     <span class='ocr_line' id='line_1_51' title="bbox 2907 2233 4779 2318; baseline -0.003 -16"><span class='ocrx_word' id='word_1_354' title='bbox 2907 2238 3053 2302; x_wconf 89' lang='lat' dir='ltr'><strong>cula</strong></span> <span class='ocrx_word' id='word_1_355' title='bbox 3095 2234 3450 2318; x_wconf 81' lang='lat' dir='ltr'><strong>expilatur:</strong></span> <span class='ocrx_word' id='word_1_356' title='bbox 3497 2234 3676 2298; x_wconf 86' lang='lat' dir='ltr'><strong>mille</strong></span> <span class='ocrx_word' id='word_1_357' title='bbox 3721 2235 4207 2318; x_wconf 83' lang='lat' dir='ltr'><strong>sacrilegiorum</strong></span> <span class='ocrx_word' id='word_1_358' title='bbox 4244 2234 4506 2311; x_wconf 83' lang='lat' dir='ltr'><strong>formas,</strong></span> <span class='ocrx_word' id='word_1_359' title='bbox 4543 2233 4779 2315; x_wconf 86' lang='lat' dir='ltr'><strong>quibus</strong></span> 
     </span>
     <span class='ocr_line' id='line_1_52' title="bbox 2827 2320 4779 2404; baseline -0.002 -17"><span class='ocrx_word' id='word_1_360' title='bbox 2827 2334 2895 2388; x_wconf 91' lang='lat' dir='ltr'><strong>et</strong></span> <span class='ocrx_word' id='word_1_361' title='bbox 2937 2343 3177 2387; x_wconf 90' lang='lat' dir='ltr'><strong>nomen</strong></span> <span class='ocrx_word' id='word_1_362' title='bbox 3217 2322 3350 2387; x_wconf 89' lang='lat' dir='ltr'><strong>-Dei</strong></span> <span class='ocrx_word' id='word_1_363' title='bbox 3403 2321 3791 2403; x_wconf 84' lang='lat' dir='ltr'><strong>profanatur</strong></span> <span class='ocrx_word' id='word_1_364' title='bbox 3845 2329 3911 2385; x_wconf 91' lang='lat' dir='ltr'><strong>et</strong></span> <span class='ocrx_word' id='word_1_365' title='bbox 3969 2320 4323 2404; x_wconf 89' lang='lat' dir='ltr'><strong>dissipatur</strong></span> <span class='ocrx_word' id='word_1_366' title='bbox 4376 2320 4657 2384; x_wconf 85' lang='lat' dir='ltr'><strong>veritas:</strong></span> <span class='ocrx_word' id='word_1_367' title='bbox 4712 2320 4779 2383; x_wconf 85' lang='lat' dir='ltr'><strong>in</strong></span> 
     </span>
     <span class='ocr_line' id='line_1_53' title="bbox 2827 2405 4777 2490; baseline -0.002 -16"><span class='ocrx_word' id='word_1_368' title='bbox 2827 2430 3104 2487; x_wconf 89' lang='lat' dir='ltr'><strong>summa,</strong></span> <span class='ocrx_word' id='word_1_369' title='bbox 3152 2405 3471 2490; x_wconf 92' lang='lat' dir='ltr'><strong>quidquid</strong></span> <span class='ocrx_word' id='word_1_370' title='bbox 3512 2428 3717 2488; x_wconf 88' lang='lat' dir='ltr'><strong>paene</strong></span> <span class='ocrx_word' id='word_1_371' title='bbox 3763 2407 4118 2488; x_wconf 90' lang='lat' dir='ltr'><strong>impietatis</strong></span> <span class='ocrx_word' id='word_1_372' title='bbox 4163 2413 4231 2472; x_wconf 92' lang='lat' dir='ltr'><strong>et</strong></span> <span class='ocrx_word' id='word_1_373' title='bbox 4273 2405 4777 2472; x_wconf 80' lang='lat' dir='ltr'><strong>abominationis</strong></span> 
     </span>
     <span class='ocr_line' id='line_1_54' title="bbox 2826 2480 4777 2574; baseline -0.003 -13"><span class='ocrx_word' id='word_1_374' title='bbox 2826 2495 3025 2560; x_wconf 87' lang='lat' dir='ltr'><strong>habet</strong></span> <span class='ocrx_word' id='word_1_375' title='bbox 3083 2504 3199 2558; x_wconf 91' lang='lat' dir='ltr'><strong>tua</strong></span> <span class='ocrx_word' id='word_1_376' title='bbox 3257 2491 3598 2570; x_wconf 90' lang='lat' dir='ltr'><strong>dioecesis,</strong></span> <span class='ocrx_word' id='word_1_377' title='bbox 3657 2502 3723 2557; x_wconf 92' lang='lat' dir='ltr'><strong>et</strong></span> <span class='ocrx_word' id='word_1_378' title='bbox 3786 2514 3939 2557; x_wconf 90' lang='lat' dir='ltr'><strong>man</strong></span> <span class='ocrx_word' id='word_1_379' title='bbox 3948 2514 4021 2558; x_wconf 91' lang='lat' dir='ltr'><strong>us</strong></span> <span class='ocrx_word' id='word_1_380' title='bbox 4086 2501 4237 2557; x_wconf 89' lang='lat' dir='ltr'><strong>tuae</strong></span> <span class='ocrx_word' id='word_1_381' title='bbox 4302 2480 4777 2574; x_wconf 83' lang='lat' dir='ltr'><strong>subscriptione</strong></span> 
     </span>
     <span class='ocr_line' id='line_1_55' title="bbox 2827 2576 4779 2665; baseline -0.002 -20"><span class='ocrx_word' id='word_1_382' title='bbox 2827 2581 3187 2665; x_wconf 86' lang='lat' dir='ltr'><strong>approbata</strong></span> <span class='ocrx_word' id='word_1_383' title='bbox 3230 2599 3389 2657; x_wconf 91' lang='lat' dir='ltr'><strong>esse,</strong></span> <span class='ocrx_word' id='word_1_384' title='bbox 3437 2587 3501 2642; x_wconf 91' lang='lat' dir='ltr'><strong>et</strong></span> <span class='ocrx_word' id='word_1_385' title='bbox 3544 2578 3787 2643; x_wconf 92' lang='lat' dir='ltr'><strong>annulo</strong></span> <span class='ocrx_word' id='word_1_386' title='bbox 3833 2580 4234 2662; x_wconf 88' lang='lat' dir='ltr'><strong>consignata.</strong></span> <span class='ocrx_word' id='word_1_387' title='bbox 4302 2576 4496 2658; x_wconf 80' lang='lat' dir='ltr'><strong>Quod</strong></span> <span class='ocrx_word' id='word_1_388' title='bbox 4540 2587 4648 2642; x_wconf 91' lang='lat' dir='ltr'><strong>est</strong></span> <span class='ocrx_word' id='word_1_389' title='bbox 4684 2599 4779 2641; x_wconf 86' lang='lat' dir='ltr'><strong>saฮ</strong></span> 
     </span>
     <span class='ocr_line' id='line_1_56' title="bbox 2827 2663 4779 2751; baseline -0.004 -18"><span class='ocrx_word' id='word_1_390' title='bbox 2827 2667 3169 2751; x_wconf 85' lang='lat' dir='ltr'><strong>crilegium</strong></span> <span class='ocrx_word' id='word_1_391' title='bbox 3211 2663 3332 2729; x_wconf 90' lang='lat' dir='ltr'><strong>sub</strong></span> <span class='ocrx_word' id='word_1_392' title='bbox 3385 2665 3562 2729; x_wconf 91' lang='lat' dir='ltr'><strong>coelo</strong></span> <span class='ocrx_word' id='word_1_393' title='bbox 3616 2666 3815 2730; x_wconf 88' lang='lat' dir='ltr'><strong>missa</strong></span> <span class='ocrx_word' id='word_1_394' title='bbox 3857 2663 4361 2735; x_wconf 81' lang='lat' dir='ltr'><strong>exsecrabilius?</strong></span> <span class='ocrx_word' id='word_1_395' title='bbox 4423 2664 4516 2728; x_wconf 84' lang='lat' dir='ltr'><strong>Et</strong></span> <span class='ocrx_word' id='word_1_396' title='bbox 4557 2669 4779 2728; x_wconf 85' lang='lat' dir='ltr'><strong>tamen</strong></span> 
     </span>
     <span class='ocr_line' id='line_1_57' title="bbox 2829 2750 4777 2832; baseline -0.004 -13"><span class='ocrx_word' id='word_1_397' title='bbox 2829 2751 3195 2819; x_wconf 82' lang='lat' dir='ltr'><strong>sacerdotes</strong></span> <span class='ocrx_word' id='word_1_398' title='bbox 3254 2750 3554 2815; x_wconf 85' lang='lat' dir='ltr'><strong>nefandis</strong></span> <span class='ocrx_word' id='word_1_399' title='bbox 3624 2750 3800 2814; x_wconf 90' lang='lat' dir='ltr'><strong>illius</strong></span> <span class='ocrx_word' id='word_1_400' title='bbox 3858 2750 4093 2830; x_wconf 85' lang='lat' dir='ltr'><strong>sacris,</strong></span> <span class='ocrx_word' id='word_1_401' title='bbox 4173 2758 4289 2814; x_wconf 90' lang='lat' dir='ltr'><strong>aut</strong></span> <span class='ocrx_word' id='word_1_402' title='bbox 4342 2751 4481 2832; x_wconf 92' lang='lat' dir='ltr'><strong>ipse</strong></span> <span class='ocrx_word' id='word_1_403' title='bbox 4536 2750 4777 2824; x_wconf 89' lang='lat' dir='ltr'><strong>initias,</strong></span> 
     </span>
    </p>
   </div>
   <div class='ocr_carea' id='block_1_8' title="bbox 771 2833 4780 2926">
    <p class='ocr_par' dir='ltr' id='par_1_9' title="bbox 771 2819 4780 2926">
     <span class='ocr_line' id='line_1_58' title="bbox 771 2833 4780 2926; baseline -0.001 -20"><span class='ocrx_word' id='word_1_404' title='bbox 771 2843 1247 2926; x_wconf 78' lang='lat' dir='ltr'><strong>praefecturaS,</strong></span> <span class='ocrx_word' id='word_1_405' title='bbox 1308 2851 1423 2905; x_wconf 88' lang='lat' dir='ltr'><strong>aut</strong></span> <span class='ocrx_word' id='word_1_406' title='bbox 1485 2841 1872 2905; x_wconf 90' lang='lat' dir='ltr'><strong>honorarias</strong></span> <span class='ocrx_word' id='word_1_407' title='bbox 1939 2840 2314 2922; x_wconf 88' lang='lat' dir='ltr'><strong>pensiones,</strong></span> <span class='ocrx_word' id='word_1_408' title='bbox 2375 2844 2491 2900; x_wconf 86' lang='lat' dir='ltr'><strong>aut</strong></span> <span class='ocrx_word' id='word_1_409' title='bbox 2546 2833 2725 2899; x_wconf 87' lang='lat' dir='ltr'><strong>aliud</strong></span> <span class='ocrx_word' id='word_1_410' title='bbox 2773 2847 2779 2912; x_wconf 62' lang='lat'><strong>5</strong></span> <span class='ocrx_word' id='word_1_411' title='bbox 2830 2853 2944 2904; x_wconf 80' lang='lat' dir='ltr'><strong>aut</strong></span> <span class='ocrx_word' id='word_1_412' title='bbox 2999 2838 3192 2903; x_wconf 82' lang='lat' dir='ltr'><strong>alteri</strong></span> <span class='ocrx_word' id='word_1_413' title='bbox 3246 2835 3325 2900; x_wconf 89' lang='lat' dir='ltr'><strong>de</strong></span> <span class='ocrx_word' id='word_1_414' title='bbox 3382 2857 3585 2900; x_wconf 89' lang='lat' dir='ltr'><strong>manu</strong></span> <span class='ocrx_word' id='word_1_415' title='bbox 3629 2838 3700 2900; x_wconf 91' lang='lat' dir='ltr'><strong>in</strong></span> <span class='ocrx_word' id='word_1_416' title='bbox 3755 2858 4024 2900; x_wconf 89' lang='lat' dir='ltr'><strong>manum</strong></span> <span class='ocrx_word' id='word_1_417' title='bbox 4079 2836 4280 2920; x_wconf 89' lang='lat' dir='ltr'><strong>(quod</strong></span> <span class='ocrx_word' id='word_1_418' title='bbox 4326 2836 4595 2918; x_wconf 90' lang='lat' dir='ltr'><strong>dicitur)</strong></span> <span class='ocrx_word' id='word_1_419' title='bbox 4659 2836 4780 2898; x_wconf 90' lang='lat' dir='ltr'><strong>ini-</strong></span> 
     </span>
    </p>
   </div>
   <div class='ocr_carea' id='block_1_9' title="bbox 772 2923 2779 3018">
    <p class='ocr_par' dir='ltr' id='par_1_10' title="bbox 772 2923 2779 3018">
     <span class='ocr_line' id='line_1_59' title="bbox 772 2923 2779 3018; baseline -0.005 -25"><span class='ocrx_word' id='word_1_420' title='bbox 772 2928 1058 3011; x_wconf 90' lang='lat' dir='ltr'><strong>quidvis,</strong></span> <span class='ocrx_word' id='word_1_421' title='bbox 1119 2927 1309 2992; x_wconf 92' lang='lat' dir='ltr'><strong>modo</strong></span> <span class='ocrx_word' id='word_1_422' title='bbox 1353 2949 1437 2992; x_wconf 92' lang='lat' dir='ltr'><strong>ne</strong></span> <span class='ocrx_word' id='word_1_423' title='bbox 1491 2929 1904 3009; x_wconf 89' lang='lat' dir='ltr'><strong>episcopatus</strong></span> <span class='ocrx_word' id='word_1_424' title='bbox 1948 2932 2358 2990; x_wconf 89' lang='lat' dir='ltr'><strong>censeantur.</strong></span> <span class='ocrx_word' id='word_1_425' title='bbox 2434 2923 2545 2986; x_wconf 88' lang='lat' dir='ltr'><strong>An</strong></span> <span class='ocrx_word' id='word_1_426' title='bbox 2590 2940 2737 2984; x_wconf 63' lang='lat' dir='ltr'><strong>non,</strong></span> <span class='ocrx_word' id='word_1_427' title='bbox 2774 2937 2779 3018; x_wconf 60' lang='lat' dir='ltr'><strong>j</strong></span> 
     </span>
    </p>
   </div>
   <div class='ocr_carea' id='block_1_10' title="bbox 2830 2921 4780 3005">
    <p class='ocr_par' dir='ltr' id='par_1_11' title="bbox 2830 2921 4780 3005">
     <span class='ocr_line' id='line_1_60' title="bbox 2830 2921 4780 3005; baseline -0.003 -14"><span class='ocrx_word' id='word_1_428' title='bbox 2830 2924 3084 2990; x_wconf 87' lang='lat' dir='ltr'><strong>tiandos</strong></span> <span class='ocrx_word' id='word_1_429' title='bbox 3129 2922 3353 2988; x_wconf 88' lang='lat' dir='ltr'><strong>tradis.</strong></span> <span class='ocrx_word' id='word_1_430' title='bbox 3424 2921 3571 3003; x_wconf 79' lang='lat' dir='ltr'><strong>Quo</strong></span> <span class='ocrx_word' id='word_1_431' title='bbox 3612 2931 3836 3005; x_wconf 87' lang='lat' dir='ltr'><strong>postea</strong></span> <span class='ocrx_word' id='word_1_432' title='bbox 3878 2943 3949 2986; x_wconf 90' lang='lat' dir='ltr'><strong>se</strong></span> <span class='ocrx_word' id='word_1_433' title='bbox 3991 2921 4240 2988; x_wconf 84' lang='lat' dir='ltr'><strong>Christi</strong></span> <span class='ocrx_word' id='word_1_434' title='bbox 4276 2923 4617 2987; x_wconf 84' lang='lat' dir='ltr'><strong>carnifices</strong></span> <span class='ocrx_word' id='word_1_435' title='bbox 4656 2922 4780 2986; x_wconf 84' lang='lat' dir='ltr'><strong>iae-</strong></span> 
     </span>
    </p>
   </div>
   <div class='ocr_carea' id='block_1_11' title="bbox 771 3004 4783 3092">
    <p class='ocr_par' dir='ltr' id='par_1_12' title="bbox 771 3004 4783 3092">
     <span class='ocr_line' id='line_1_61' title="bbox 771 3004 4783 3092; baseline -0.002 -13"><span class='ocrx_word' id='word_1_436' title='bbox 771 3014 895 3082; x_wconf 93' lang='lat' dir='ltr'><strong>hoc</strong></span> <span class='ocrx_word' id='word_1_437' title='bbox 939 3023 1041 3080; x_wconf 92' lang='lat' dir='ltr'><strong>est</strong></span> <span class='ocrx_word' id='word_1_438' title='bbox 1085 3013 1305 3078; x_wconf 91' lang='lat' dir='ltr'><strong>Deum</strong></span> <span class='ocrx_word' id='word_1_439' title='bbox 1348 3013 1543 3079; x_wconf 90' lang='lat' dir='ltr'><strong>simul</strong></span> <span class='ocrx_word' id='word_1_440' title='bbox 1588 3022 1655 3078; x_wconf 90' lang='lat' dir='ltr'><strong>et</strong></span> <span class='ocrx_word' id='word_1_441' title='bbox 1689 3012 1987 3078; x_wconf 91' lang='lat' dir='ltr'><strong>homines</strong></span> <span class='ocrx_word' id='word_1_442' title='bbox 2025 3010 2195 3077; x_wconf 89' lang='lat' dir='ltr'><strong>velle</strong></span> <span class='ocrx_word' id='word_1_443' title='bbox 2230 3007 2496 3075; x_wconf 87' lang='lat' dir='ltr'><strong>fallere?</strong></span> <span class='ocrx_word' id='word_1_444' title='bbox 2546 3004 2726 3088; x_wconf 80' lang='lat' dir='ltr'><strong>Quo-</strong></span> <span class='ocrx_word' id='word_1_445' title='bbox 2774 3021 2779 3071; x_wconf 66' lang='grc' dir='ltr'><strong><em>ฮต</em></strong></span> <span class='ocrx_word' id='word_1_446' title='bbox 2828 3020 2988 3090; x_wconf 75' lang='lat' dir='ltr'><strong>tent,</strong></span> <span class='ocrx_word' id='word_1_447' title='bbox 3036 3032 3112 3076; x_wconf 80' lang='lat' dir='ltr'><strong>ac</strong></span> <span class='ocrx_word' id='word_1_448' title='bbox 3146 3011 3363 3092; x_wconf 87' lang='lat' dir='ltr'><strong>ipsum</strong></span> <span class='ocrx_word' id='word_1_449' title='bbox 3407 3008 3664 3092; x_wconf 91' lang='lat' dir='ltr'><strong>populo,</strong></span> <span class='ocrx_word' id='word_1_450' title='bbox 3711 3007 3918 3073; x_wconf 88' lang='lat' dir='ltr'><strong>veluti</strong></span> <span class='ocrx_word' id='word_1_451' title='bbox 3956 3008 4446 3092; x_wconf 88' lang='lat' dir='ltr'><strong>promercalem,</strong></span> <span class='ocrx_word' id='word_1_452' title='bbox 4494 3006 4783 3090; x_wconf 86' lang='lat' dir='ltr'><strong>quotidie</strong></span> 
     </span>
    </p>
   </div>
   <div class='ocr_carea' id='block_1_12' title="bbox 774 3076 2780 3181">
    <p class='ocr_par' dir='ltr' id='par_1_13' title="bbox 774 3076 2780 3181">
     <span class='ocr_line' id='line_1_62' title="bbox 774 3076 2780 3181; baseline -0.004 -16"><span class='ocrx_word' id='word_1_453' title='bbox 774 3102 952 3166; x_wconf 88' lang='lat' dir='ltr'><strong>niam</strong></span> <span class='ocrx_word' id='word_1_454' title='bbox 1007 3102 1390 3165; x_wconf 85' lang='lat' dir='ltr'><strong>institutum</strong></span> <span class='ocrx_word' id='word_1_455' title='bbox 1434 3099 1705 3163; x_wconf 88' lang='lat' dir='ltr'><strong>Domini</strong></span> <span class='ocrx_word' id='word_1_456' title='bbox 1751 3108 1880 3176; x_wconf 90' lang='lat' dir='ltr'><strong>est,</strong></span> <span class='ocrx_word' id='word_1_457' title='bbox 1938 3106 2014 3162; x_wconf 91' lang='lat' dir='ltr'><strong>ut</strong></span> <span class='ocrx_word' id='word_1_458' title='bbox 2057 3097 2416 3181; x_wconf 86' lang='lat' dir='ltr'><strong>eligantur,</strong></span> <span class='ocrx_word' id='word_1_459' title='bbox 2473 3094 2586 3176; x_wconf 90' lang='lat' dir='ltr'><strong>qui</strong></span> <span class='ocrx_word' id='word_1_460' title='bbox 2630 3114 2727 3157; x_wconf 91' lang='lat' dir='ltr'><strong>ecโ</strong></span> <span class='ocrx_word' id='word_1_461' title='bbox 2775 3076 2780 3155; x_wconf 73' lang='lat' dir='ltr'><strong>l</strong></span> 
     </span>
    </p>
   </div>
   <div class='ocr_carea' id='block_1_13' title="bbox 772 3180 2728 3354">
    <p class='ocr_par' dir='ltr' id='par_1_14' title="bbox 772 3180 2728 3354">
     <span class='ocr_line' id='line_1_63' title="bbox 773 3180 2727 3269; baseline -0.005 -17"><span class='ocrx_word' id='word_1_462' title='bbox 773 3187 988 3252; x_wconf 88' lang='lat' dir='ltr'><strong>clesiis</strong></span> <span class='ocrx_word' id='word_1_463' title='bbox 1043 3187 1364 3269; x_wconf 87' lang='lat' dir='ltr'><strong>praesint,</strong></span> <span class='ocrx_word' id='word_1_464' title='bbox 1423 3195 1734 3267; x_wconf 87' lang='lat' dir='ltr'><strong>pastores.</strong></span> <span class='ocrx_word' id='word_1_465' title='bbox 1810 3184 1959 3248; x_wconf 90' lang='lat' dir='ltr'><strong>Hoc</strong></span> <span class='ocrx_word' id='word_1_466' title='bbox 2015 3182 2286 3247; x_wconf 89' lang='lat' dir='ltr'><strong>obtentu</strong></span> <span class='ocrx_word' id='word_1_467' title='bbox 2342 3180 2614 3245; x_wconf 88' lang='lat' dir='ltr'><strong>allectus</strong></span> <span class='ocrx_word' id='word_1_468' title='bbox 2658 3199 2727 3243; x_wconf 90' lang='lat' dir='ltr'><strong>es</strong></span> 
     </span>
     <span class='ocr_line' id='line_1_64' title="bbox 772 3267 2728 3354; baseline -0.005 -16"><span class='ocrx_word' id='word_1_469' title='bbox 772 3273 845 3338; x_wconf 91' lang='lat' dir='ltr'><strong>in</strong></span> <span class='ocrx_word' id='word_1_470' title='bbox 890 3293 1055 3349; x_wconf 89' lang='lat' dir='ltr'><strong>eam,</strong></span> <span class='ocrx_word' id='word_1_471' title='bbox 1100 3293 1296 3354; x_wconf 90' lang='lat' dir='ltr'><strong>quam</strong></span> <span class='ocrx_word' id='word_1_472' title='bbox 1332 3271 1586 3336; x_wconf 91' lang='lat' dir='ltr'><strong>obtines</strong></span> <span class='ocrx_word' id='word_1_473' title='bbox 1623 3268 2031 3354; x_wconf 86' lang='lat' dir='ltr'><strong>dignitatem,</strong></span> <span class='ocrx_word' id='word_1_474' title='bbox 2077 3267 2544 3350; x_wconf 85' lang='lat' dir='ltr'><strong>qualiscunque</strong></span> <span class='ocrx_word' id='word_1_475' title='bbox 2581 3274 2728 3328; x_wconf 87' lang='lat' dir='ltr'><strong>tan-</strong></span> 
     </span>
    </p>
   </div>
   <div class='ocr_carea' id='block_1_14' title="bbox 2828 3094 4785 3350">
    <p class='ocr_par' dir='ltr' id='par_1_15' title="bbox 2828 3094 4785 3350">
     <span class='ocr_line' id='line_1_65' title="bbox 2828 3094 4780 3182; baseline -0.002 -19"><span class='ocrx_word' id='word_1_476' title='bbox 2828 3100 3255 3182; x_wconf 88' lang='lat' dir='ltr'><strong>prostituant:</strong></span> <span class='ocrx_word' id='word_1_477' title='bbox 3294 3116 3429 3159; x_wconf 89' lang='lat' dir='ltr'><strong>non</strong></span> <span class='ocrx_word' id='word_1_478' title='bbox 3469 3097 3610 3160; x_wconf 92' lang='lat' dir='ltr'><strong>sine</strong></span> <span class='ocrx_word' id='word_1_479' title='bbox 3646 3117 3906 3159; x_wconf 89' lang='lat' dir='ltr'><strong>summa</strong></span> <span class='ocrx_word' id='word_1_480' title='bbox 3940 3096 4154 3161; x_wconf 88' lang='lat' dir='ltr'><strong>crucis</strong></span> <span class='ocrx_word' id='word_1_481' title='bbox 4189 3096 4327 3160; x_wconf 88' lang='lat' dir='ltr'><strong>eius</strong></span> <span class='ocrx_word' id='word_1_482' title='bbox 4363 3094 4780 3171; x_wconf 86' lang='lat' dir='ltr'><strong>contumelia,</strong></span> 
     </span>
     <span class='ocr_line' id='line_1_66' title="bbox 2829 3181 4783 3262; baseline -0.003 -12"><span class='ocrx_word' id='word_1_483' title='bbox 2829 3186 3015 3251; x_wconf 90' lang='lat' dir='ltr'><strong>cuius</strong></span> <span class='ocrx_word' id='word_1_484' title='bbox 3040 3185 3354 3247; x_wconf 89' lang='lat' dir='ltr'><strong>virtutem</strong></span> <span class='ocrx_word' id='word_1_485' title='bbox 3389 3182 3852 3246; x_wconf 88' lang='lat' dir='ltr'><strong>commentitiis</strong></span> <span class='ocrx_word' id='word_1_486' title='bbox 3887 3181 4021 3247; x_wconf 87' lang='lat' dir='ltr'><strong>illis</strong></span> <span class='ocrx_word' id='word_1_487' title='bbox 4057 3182 4193 3247; x_wconf 90' lang='lat' dir='ltr'><strong>suis</strong></span> <span class='ocrx_word' id='word_1_488' title='bbox 4228 3181 4563 3246; x_wconf 88' lang='lat' dir='ltr'><strong>sacrificiis</strong></span> <span class='ocrx_word' id='word_1_489' title='bbox 4599 3201 4783 3262; x_wconf 87' lang='lat' dir='ltr'><strong>pror-</strong></span> 
     </span>
     <span class='ocr_line' id='line_1_67' title="bbox 2830 3267 4785 3350; baseline -0.003 -15"><span class='ocrx_word' id='word_1_490' title='bbox 2830 3293 2944 3336; x_wconf 92' lang='lat' dir='ltr'><strong>sus</strong></span> <span class='ocrx_word' id='word_1_491' title='bbox 2989 3275 3325 3335; x_wconf 90' lang='lat' dir='ltr'><strong>enervant.</strong></span> <span class='ocrx_word' id='word_1_492' title='bbox 3394 3267 3618 3332; x_wconf 85' lang='lat' dir='ltr'><strong>Missis</strong></span> <span class='ocrx_word' id='word_1_493' title='bbox 3662 3288 3818 3350; x_wconf 87' lang='lat' dir='ltr'><strong>ergo</strong></span> <span class='ocrx_word' id='word_1_494' title='bbox 3862 3269 4027 3346; x_wconf 88' lang='lat' dir='ltr'><strong>suis,</strong></span> <span class='ocrx_word' id='word_1_495' title='bbox 4075 3267 4308 3350; x_wconf 90' lang='lat' dir='ltr'><strong>quibus</strong></span> <span class='ocrx_word' id='word_1_496' title='bbox 4344 3267 4526 3331; x_wconf 90' lang='lat' dir='ltr'><strong>nulla</strong></span> <span class='ocrx_word' id='word_1_497' title='bbox 4571 3278 4678 3331; x_wconf 89' lang='lat' dir='ltr'><strong>est</strong></span> <span class='ocrx_word' id='word_1_498' title='bbox 4720 3268 4785 3330; x_wconf 90' lang='lat' dir='ltr'><strong>in</strong></span> 
     </span>
    </p>
   </div>
   <div class='ocr_carea' id='block_1_15' title="bbox 774 3340 4785 3525">
    <p class='ocr_par' dir='ltr' id='par_1_16' title="bbox 774 3340 4785 3525">
     <span class='ocr_line' id='line_1_68' title="bbox 774 3340 4784 3440; baseline -0.001 -16"><span class='ocrx_word' id='word_1_499' title='bbox 774 3358 926 3423; x_wconf 91' lang='lat' dir='ltr'><strong>dem</strong></span> <span class='ocrx_word' id='word_1_500' title='bbox 980 3359 1096 3434; x_wconf 80' lang='lat' dir='ltr'><strong>sit,</strong></span> <span class='ocrx_word' id='word_1_501' title='bbox 1156 3364 1272 3420; x_wconf 81' lang='lat' dir='ltr'><strong>aut</strong></span> <span class='ocrx_word' id='word_1_502' title='bbox 1367 3377 1712 3440; x_wconf 80' lang='lat' dir='ltr'><strong>uocunque</strong></span> <span class='ocrx_word' id='word_1_503' title='bbox 1779 3362 2050 3421; x_wconf 79' lang='lat' dir='ltr'><strong>vocetur</strong></span> <span class='ocrx_word' id='word_1_504' title='bbox 2108 3354 2401 3417; x_wconf 70' lang='lat' dir='ltr'><strong>nomine:</strong></span> <span class='ocrx_word' id='word_1_505' title='bbox 2462 3372 2599 3415; x_wconf 83' lang='lat' dir='ltr'><strong>non</strong></span> <span class='ocrx_word' id='word_1_506' title='bbox 2655 3356 2731 3413; x_wconf 72' lang='lat' dir='ltr'><strong>ut</strong></span> <span class='ocrx_word' id='word_1_507' title='bbox 2778 3340 2781 3431; x_wconf 68' lang='lat' dir='ltr'><strong>l</strong></span> <span class='ocrx_word' id='word_1_508' title='bbox 2831 3358 3024 3421; x_wconf 89' lang='lat' dir='ltr'><strong>terris</strong></span> <span class='ocrx_word' id='word_1_509' title='bbox 3068 3355 3400 3420; x_wconf 89' lang='lat' dir='ltr'><strong>nocentior</strong></span> <span class='ocrx_word' id='word_1_510' title='bbox 3441 3352 3602 3432; x_wconf 92' lang='lat' dir='ltr'><strong>lues,</strong></span> <span class='ocrx_word' id='word_1_511' title='bbox 3648 3354 3899 3435; x_wconf 89' lang='lat' dir='ltr'><strong>quoties</strong></span> <span class='ocrx_word' id='word_1_512' title='bbox 3940 3354 4255 3435; x_wconf 91' lang='lat' dir='ltr'><strong>populum</strong></span> <span class='ocrx_word' id='word_1_513' title='bbox 4288 3352 4632 3428; x_wconf 82' lang='lat' dir='ltr'><strong>fascinant,</strong></span> <span class='ocrx_word' id='word_1_514' title='bbox 4683 3374 4784 3418; x_wconf 83' lang='lat' dir='ltr'><strong>ac-</strong></span> 
     </span>
     <span class='ocr_line' id='line_1_69' title="bbox 776 3435 4785 3525; baseline -0.001 -17"><span class='ocrx_word' id='word_1_515' title='bbox 776 3445 1134 3525; x_wconf 89' lang='lat' dir='ltr'><strong>satrapiam</strong></span> <span class='ocrx_word' id='word_1_516' title='bbox 1172 3442 1285 3507; x_wconf 86' lang='lat' dir='ltr'><strong>inv</strong></span> <span class='ocrx_word' id='word_1_517' title='bbox 1374 3463 1545 3520; x_wconf 91' lang='lat' dir='ltr'><strong>eres,</strong></span> <span class='ocrx_word' id='word_1_518' title='bbox 1592 3439 1705 3506; x_wconf 88' lang='lat' dir='ltr'><strong>sed</strong></span> <span class='ocrx_word' id='word_1_519' title='bbox 1749 3448 1825 3505; x_wconf 92' lang='lat' dir='ltr'><strong>ut</strong></span> <span class='ocrx_word' id='word_1_520' title='bbox 1867 3440 2175 3505; x_wconf 88' lang='lat' dir='ltr'><strong>ecclesiae</strong></span> <span class='ocrx_word' id='word_1_521' title='bbox 2220 3435 2729 3504; x_wconf 87' lang='lat' dir='ltr'><strong>administratioฮ</strong></span> <span class='ocrx_word' id='word_1_522' title='bbox 2777 3438 2781 3479; x_wconf 82' lang='lat'><strong>ยน</strong></span> <span class='ocrx_word' id='word_1_523' title='bbox 2831 3452 3090 3524; x_wconf 83' lang='lat' dir='ltr'><strong>ceptum</strong></span> <span class='ocrx_word' id='word_1_524' title='bbox 3151 3441 3265 3505; x_wconf 86' lang='lat' dir='ltr'><strong>abs</strong></span> <span class='ocrx_word' id='word_1_525' title='bbox 3341 3448 3407 3503; x_wconf 92' lang='lat' dir='ltr'><strong>te</strong></span> <span class='ocrx_word' id='word_1_526' title='bbox 3474 3461 3801 3504; x_wconf 89' lang='lat' dir='ltr'><strong>venenum</strong></span> <span class='ocrx_word' id='word_1_527' title='bbox 3876 3441 4239 3523; x_wconf 87' lang='lat' dir='ltr'><strong>porrigunt.</strong></span> <span class='ocrx_word' id='word_1_528' title='bbox 4342 3438 4785 3504; x_wconf 69' lang='lat' dir='ltr'><strong>circulatores</strong></span> 
     </span>
    </p>
   </div>
   <div class='ocr_carea' id='block_1_16' title="bbox 773 3524 2742 5070">
    <p class='ocr_par' dir='ltr' id='par_1_17' title="bbox 773 3524 2738 4727">
     <span class='ocr_line' id='line_1_70' title="bbox 776 3524 2728 3608; baseline -0.004 -15"><span class='ocrx_word' id='word_1_529' title='bbox 776 3550 932 3593; x_wconf 92' lang='lat' dir='ltr'><strong>nem</strong></span> <span class='ocrx_word' id='word_1_530' title='bbox 986 3529 1229 3606; x_wconf 90' lang='lat' dir='ltr'><strong>obires,</strong></span> <span class='ocrx_word' id='word_1_531' title='bbox 1289 3528 1524 3608; x_wconf 90' lang='lat' dir='ltr'><strong>arripis</strong></span> <span class='ocrx_word' id='word_1_532' title='bbox 1568 3525 2033 3604; x_wconf 89' lang='lat' dir='ltr'><strong>conditionem,</strong></span> <span class='ocrx_word' id='word_1_533' title='bbox 2092 3528 2393 3591; x_wconf 88' lang='lat' dir='ltr'><strong>invocato</strong></span> <span class='ocrx_word' id='word_1_534' title='bbox 2438 3524 2564 3588; x_wconf 92' lang='lat' dir='ltr'><strong>Dei</strong></span> <span class='ocrx_word' id='word_1_535' title='bbox 2609 3542 2728 3586; x_wconf 91' lang='lat' dir='ltr'><strong>no-</strong></span> 
     </span>
     <span class='ocr_line' id='line_1_71' title="bbox 775 3607 2732 3694; baseline -0.005 -16"><span class='ocrx_word' id='word_1_536' title='bbox 775 3615 970 3693; x_wconf 89' lang='lat' dir='ltr'><strong>mine,</strong></span> <span class='ocrx_word' id='word_1_537' title='bbox 1014 3614 1195 3679; x_wconf 81' lang='lat' dir='ltr'><strong>iuras</strong></span> <span class='ocrx_word' id='word_1_538' title='bbox 1237 3614 1307 3677; x_wconf 90' lang='lat' dir='ltr'><strong>in</strong></span> <span class='ocrx_word' id='word_1_539' title='bbox 1351 3613 1541 3694; x_wconf 89' lang='lat' dir='ltr'><strong>probi</strong></span> <span class='ocrx_word' id='word_1_540' title='bbox 1584 3614 1918 3694; x_wconf 87' lang='lat' dir='ltr'><strong>sanctique</strong></span> <span class='ocrx_word' id='word_1_541' title='bbox 1960 3611 2237 3694; x_wconf 89' lang='lat' dir='ltr'><strong>pastoris</strong></span> <span class='ocrx_word' id='word_1_542' title='bbox 2281 3632 2540 3675; x_wconf 91' lang='lat' dir='ltr'><strong>munus.</strong></span> <span class='ocrx_word' id='word_1_543' title='bbox 2629 3607 2732 3671; x_wconf 85' lang='lat' dir='ltr'><strong>Ea</strong></span> 
     </span>
     <span class='ocr_line' id='line_1_72' title="bbox 778 3698 2729 3783; baseline -0.004 -18"><span class='ocrx_word' id='word_1_544' title='bbox 778 3721 944 3783; x_wconf 88' lang='lat' dir='ltr'><strong>quae</strong></span> <span class='ocrx_word' id='word_1_545' title='bbox 989 3707 1142 3765; x_wconf 86' lang='lat' dir='ltr'><strong>sunt</strong></span> <span class='ocrx_word' id='word_1_546' title='bbox 1186 3698 1527 3782; x_wconf 84' lang='lat' dir='ltr'><strong>dignitatis</strong></span> <span class='ocrx_word' id='word_1_547' title='bbox 1572 3720 1692 3782; x_wconf 88' lang='lat' dir='ltr'><strong>pro</strong></span> <span class='ocrx_word' id='word_1_548' title='bbox 1737 3700 2034 3782; x_wconf 91' lang='lat' dir='ltr'><strong>episcopo</strong></span> <span class='ocrx_word' id='word_1_549' title='bbox 2080 3700 2282 3782; x_wconf 89' lang='lat' dir='ltr'><strong>geris:</strong></span> <span class='ocrx_word' id='word_1_550' title='bbox 2334 3706 2401 3759; x_wconf 91' lang='lat' dir='ltr'><strong>et</strong></span> <span class='ocrx_word' id='word_1_551' title='bbox 2423 3760 2426 3765; x_wconf 72' lang='grc'><strong><em>,</em></strong></span> <span class='ocrx_word' id='word_1_552' title='bbox 2445 3716 2571 3778; x_wconf 93' lang='lat' dir='ltr'><strong>quo</strong></span> <span class='ocrx_word' id='word_1_553' title='bbox 2617 3714 2729 3776; x_wconf 91' lang='lat' dir='ltr'><strong>po-</strong></span> 
     </span>
     <span class='ocr_line' id='line_1_73' title="bbox 777 3784 2730 3870; baseline -0.004 -20"><span class='ocrx_word' id='word_1_554' title='bbox 777 3786 1005 3870; x_wconf 90' lang='lat' dir='ltr'><strong>pulum</strong></span> <span class='ocrx_word' id='word_1_555' title='bbox 1061 3785 1305 3850; x_wconf 89' lang='lat' dir='ltr'><strong>habeas</strong></span> <span class='ocrx_word' id='word_1_556' title='bbox 1362 3785 1852 3868; x_wconf 89' lang='lat' dir='ltr'><strong>obsequentem,</strong></span> <span class='ocrx_word' id='word_1_557' title='bbox 1909 3805 2147 3848; x_wconf 89' lang='lat' dir='ltr'><strong>nomen</strong></span> <span class='ocrx_word' id='word_1_558' title='bbox 2201 3784 2485 3849; x_wconf 89' lang='lat' dir='ltr'><strong>libenter</strong></span> <span class='ocrx_word' id='word_1_559' title='bbox 2540 3800 2730 3864; x_wconf 85' lang='lat' dir='ltr'><strong>prae-</strong></span> 
     </span>
     <span class='ocr_line' id='line_1_74' title="bbox 776 3868 2728 3953; baseline -0.004 -17"><span class='ocrx_word' id='word_1_560' title='bbox 776 3873 936 3950; x_wconf 83' lang='lat' dir='ltr'><strong>fers,</strong></span> <span class='ocrx_word' id='word_1_561' title='bbox 991 3879 1204 3935; x_wconf 90' lang='lat' dir='ltr'><strong>totum</strong></span> <span class='ocrx_word' id='word_1_562' title='bbox 1259 3871 1577 3953; x_wconf 90' lang='lat' dir='ltr'><strong>populum</strong></span> <span class='ocrx_word' id='word_1_563' title='bbox 1631 3872 1702 3934; x_wconf 90' lang='lat' dir='ltr'><strong>in</strong></span> <span class='ocrx_word' id='word_1_564' title='bbox 1747 3878 1842 3949; x_wconf 93' lang='lat' dir='ltr'><strong>te,</strong></span> <span class='ocrx_word' id='word_1_565' title='bbox 1898 3872 2085 3952; x_wconf 88' lang='lat' dir='ltr'><strong>quasi</strong></span> <span class='ocrx_word' id='word_1_566' title='bbox 2131 3871 2275 3933; x_wconf 90' lang='lat' dir='ltr'><strong>viae</strong></span> <span class='ocrx_word' id='word_1_567' title='bbox 2321 3868 2728 3945; x_wconf 90' lang='lat' dir='ltr'><strong>directorem,</strong></span> 
     </span>
     <span class='ocr_line' id='line_1_75' title="bbox 776 3952 2731 4040; baseline -0.004 -18"><span class='ocrx_word' id='word_1_568' title='bbox 776 3958 1094 4023; x_wconf 88' lang='lat' dir='ltr'><strong>reclinare</strong></span> <span class='ocrx_word' id='word_1_569' title='bbox 1112 4008 1128 4035; x_wconf 99' lang='lat'><strong>,</strong></span> <span class='ocrx_word' id='word_1_570' title='bbox 1176 3956 1545 4040; x_wconf 91' lang='lat' dir='ltr'><strong>reiectaque</strong></span> <span class='ocrx_word' id='word_1_571' title='bbox 1591 3956 1675 4021; x_wconf 90' lang='lat' dir='ltr'><strong>ad</strong></span> <span class='ocrx_word' id='word_1_572' title='bbox 1719 3964 1903 4021; x_wconf 88' lang='lat' dir='ltr'><strong>tuam</strong></span> <span class='ocrx_word' id='word_1_573' title='bbox 1945 3955 2433 4040; x_wconf 87' lang='lat' dir='ltr'><strong>providentiam</strong></span> <span class='ocrx_word' id='word_1_574' title='bbox 2467 3952 2731 4036; x_wconf 86' lang='lat' dir='ltr'><strong>religio-</strong></span> 
     </span>
     <span class='ocr_line' id='line_1_76' title="bbox 774 4039 2732 4124; baseline -0.004 -16"><span class='ocrx_word' id='word_1_575' title='bbox 774 4045 879 4108; x_wconf 90' lang='lat' dir='ltr'><strong>nis</strong></span> <span class='ocrx_word' id='word_1_576' title='bbox 923 4064 1108 4117; x_wconf 87' lang='lat' dir='ltr'><strong>cura,</strong></span> <span class='ocrx_word' id='word_1_577' title='bbox 1171 4064 1477 4108; x_wconf 91' lang='lat' dir='ltr'><strong>securum</strong></span> <span class='ocrx_word' id='word_1_578' title='bbox 1531 4064 1673 4108; x_wconf 87' lang='lat' dir='ltr'><strong>esse</strong></span> <span class='ocrx_word' id='word_1_579' title='bbox 1727 4042 1990 4124; x_wconf 90' lang='lat' dir='ltr'><strong>pateris.</strong></span> <span class='ocrx_word' id='word_1_580' title='bbox 2078 4042 2185 4107; x_wconf 90' lang='lat' dir='ltr'><strong>Ita</strong></span> <span class='ocrx_word' id='word_1_581' title='bbox 2229 4042 2370 4105; x_wconf 92' lang='lat' dir='ltr'><strong>Deo</strong></span> <span class='ocrx_word' id='word_1_582' title='bbox 2415 4047 2483 4106; x_wconf 90' lang='lat' dir='ltr'><strong>et</strong></span> <span class='ocrx_word' id='word_1_583' title='bbox 2519 4039 2732 4103; x_wconf 90' lang='lat' dir='ltr'><strong>homi-</strong></span> 
     </span>
     <span class='ocr_line' id='line_1_77' title="bbox 774 4126 2735 4211; baseline -0.003 -18"><span class='ocrx_word' id='word_1_584' title='bbox 774 4130 969 4195; x_wconf 82' lang='lat' dir='ltr'><strong>nibus</strong></span> <span class='ocrx_word' id='word_1_585' title='bbox 1012 4130 1380 4206; x_wconf 89' lang='lat' dir='ltr'><strong>obst-rictus,</strong></span> <span class='ocrx_word' id='word_1_586' title='bbox 1429 4128 1597 4192; x_wconf 88' lang='lat' dir='ltr'><strong>nihil</strong></span> <span class='ocrx_word' id='word_1_587' title='bbox 1640 4136 1755 4193; x_wconf 88' lang='lat' dir='ltr'><strong>tua</strong></span> <span class='ocrx_word' id='word_1_588' title='bbox 1799 4130 2043 4194; x_wconf 86' lang='lat' dir='ltr'><strong>referre</strong></span> <span class='ocrx_word' id='word_1_589' title='bbox 2086 4127 2377 4211; x_wconf 87' lang='lat' dir='ltr'><strong>nugaris,</strong></span> <span class='ocrx_word' id='word_1_590' title='bbox 2424 4127 2480 4191; x_wconf 91' lang='lat' dir='ltr'><strong>si</strong></span> <span class='ocrx_word' id='word_1_591' title='bbox 2515 4126 2735 4189; x_wconf 90' lang='lat' dir='ltr'><strong>omnia</strong></span> 
     </span>
     <span class='ocr_line' id='line_1_78' title="bbox 773 4212 2731 4297; baseline -0.003 -17"><span class='ocrx_word' id='word_1_592' title='bbox 773 4236 1042 4297; x_wconf 90' lang='lat' dir='ltr'><strong>pessum</strong></span> <span class='ocrx_word' id='word_1_593' title='bbox 1087 4222 1257 4291; x_wconf 91' lang='lat' dir='ltr'><strong>eant,</strong></span> <span class='ocrx_word' id='word_1_594' title='bbox 1304 4235 1585 4296; x_wconf 90' lang='lat' dir='ltr'><strong>quorum</strong></span> <span class='ocrx_word' id='word_1_595' title='bbox 1628 4216 1699 4278; x_wconf 93' lang='lat' dir='ltr'><strong>in</strong></span> <span class='ocrx_word' id='word_1_596' title='bbox 1744 4223 1808 4279; x_wconf 86' lang='lat' dir='ltr'><strong>te</strong></span> <span class='ocrx_word' id='word_1_597' title='bbox 1852 4215 2374 4296; x_wconf 86' lang='lat' dir='ltr'><strong>procurationem</strong></span> <span class='ocrx_word' id='word_1_598' title='bbox 2410 4212 2731 4294; x_wconf 89' lang='lat' dir='ltr'><strong>recepisti.</strong></span> 
     </span>
     <span class='ocr_line' id='line_1_79' title="bbox 774 4298 2735 4385; baseline -0.003 -20"><span class='ocrx_word' id='word_1_599' title='bbox 774 4300 1103 4385; x_wconf 88' lang='lat' dir='ltr'><strong>Equidem</strong></span> <span class='ocrx_word' id='word_1_600' title='bbox 1159 4302 1213 4365; x_wconf 91' lang='lat' dir='ltr'><strong>si</strong></span> <span class='ocrx_word' id='word_1_601' title='bbox 1270 4322 1376 4365; x_wconf 91' lang='lat' dir='ltr'><strong>me</strong></span> <span class='ocrx_word' id='word_1_602' title='bbox 1427 4301 1826 4385; x_wconf 88' lang='lat' dir='ltr'><strong>interroges,</strong></span> <span class='ocrx_word' id='word_1_603' title='bbox 1884 4321 2011 4382; x_wconf 90' lang='lat' dir='ltr'><strong>quo</strong></span> <span class='ocrx_word' id='word_1_604' title='bbox 2057 4309 2122 4364; x_wconf 90' lang='lat' dir='ltr'><strong>te</strong></span> <span class='ocrx_word' id='word_1_605' title='bbox 2164 4300 2305 4364; x_wconf 91' lang='lat' dir='ltr'><strong>loco</strong></span> <span class='ocrx_word' id='word_1_606' title='bbox 2350 4309 2466 4363; x_wconf 90' lang='lat' dir='ltr'><strong>aut</strong></span> <span class='ocrx_word' id='word_1_607' title='bbox 2508 4298 2735 4361; x_wconf 84' lang='lat' dir='ltr'><strong>ordine</strong></span> 
     </span>
     <span class='ocr_line' id='line_1_80' title="bbox 776 4386 2735 4469; baseline -0.002 -18"><span class='ocrx_word' id='word_1_608' title='bbox 776 4386 1083 4463; x_wconf 90' lang='lat' dir='ltr'><strong>habeam,</strong></span> <span class='ocrx_word' id='word_1_609' title='bbox 1144 4387 1404 4468; x_wconf 90' lang='lat' dir='ltr'><strong>quidvis</strong></span> <span class='ocrx_word' id='word_1_610' title='bbox 1458 4388 1674 4469; x_wconf 91' lang='lat' dir='ltr'><strong>potius</strong></span> <span class='ocrx_word' id='word_1_611' title='bbox 1739 4408 1880 4452; x_wconf 89' lang='lat' dir='ltr'><strong>esse</strong></span> <span class='ocrx_word' id='word_1_612' title='bbox 1945 4397 2042 4465; x_wconf 89' lang='lat' dir='ltr'><strong>te,</strong></span> <span class='ocrx_word' id='word_1_613' title='bbox 2105 4407 2302 4468; x_wconf 90' lang='lat' dir='ltr'><strong>quam</strong></span> <span class='ocrx_word' id='word_1_614' title='bbox 2354 4386 2735 4467; x_wconf 90' lang='lat' dir='ltr'><strong>episcopum</strong></span> 
     </span>
     <span class='ocr_line' id='line_1_81' title="bbox 775 4470 2734 4555; baseline -0.002 -18"><span class='ocrx_word' id='word_1_615' title='bbox 775 4472 1211 4555; x_wconf 91' lang='lat' dir='ltr'><strong>respondebo:</strong></span> <span class='ocrx_word' id='word_1_616' title='bbox 1261 4476 1409 4550; x_wconf 82' lang='lat' dir='ltr'><strong>[pag.</strong></span> <span class='ocrx_word' id='word_1_617' title='bbox 1450 4478 1556 4551; x_wconf 82' lang='lat'><strong>54]</strong></span> <span class='ocrx_word' id='word_1_618' title='bbox 1602 4473 1673 4536; x_wconf 90' lang='lat' dir='ltr'><strong>in</strong></span> <span class='ocrx_word' id='word_1_619' title='bbox 1717 4494 1843 4555; x_wconf 91' lang='lat' dir='ltr'><strong>quo</strong></span> <span class='ocrx_word' id='word_1_620' title='bbox 1888 4493 1971 4536; x_wconf 93' lang='lat' dir='ltr'><strong>ne</strong></span> <span class='ocrx_word' id='word_1_621' title='bbox 2016 4471 2545 4537; x_wconf 85' lang='lat' dir='ltr'><strong>obscurissimam</strong></span> <span class='ocrx_word' id='word_1_622' title='bbox 2591 4470 2734 4551; x_wconf 89' lang='lat' dir='ltr'><strong>qui-</strong></span> 
     </span>
     <span class='ocr_line' id='line_1_82' title="bbox 779 4555 2736 4641; baseline -0.002 -18"><span class='ocrx_word' id='word_1_623' title='bbox 779 4559 927 4623; x_wconf 91' lang='lat' dir='ltr'><strong>dem</strong></span> <span class='ocrx_word' id='word_1_624' title='bbox 971 4559 1212 4622; x_wconf 90' lang='lat' dir='ltr'><strong>lineam</strong></span> <span class='ocrx_word' id='word_1_625' title='bbox 1256 4566 1515 4621; x_wconf 86' lang='lat' dir='ltr'><strong>exstare</strong></span> <span class='ocrx_word' id='word_1_626' title='bbox 1558 4560 1924 4641; x_wconf 91' lang='lat' dir='ltr'><strong>conspicer,</strong></span> <span class='ocrx_word' id='word_1_627' title='bbox 1986 4578 2153 4641; x_wconf 91' lang='lat' dir='ltr'><strong>quae</strong></span> <span class='ocrx_word' id='word_1_628' title='bbox 2198 4558 2577 4638; x_wconf 91' lang='lat' dir='ltr'><strong>episcopum</strong></span> <span class='ocrx_word' id='word_1_629' title='bbox 2618 4555 2736 4619; x_wconf 89' lang='lat' dir='ltr'><strong>ali-</strong></span> 
     </span>
     <span class='ocr_line' id='line_1_83' title="bbox 821 4640 2738 4727; baseline -0.003 -18"><span class='ocrx_word' id='word_1_630' title='bbox 821 4667 908 4709; x_wconf 90' lang='lat' dir='ltr'><strong>ua</strong></span> <span class='ocrx_word' id='word_1_631' title='bbox 951 4644 1183 4709; x_wconf 88' lang='lat' dir='ltr'><strong>saltem</strong></span> <span class='ocrx_word' id='word_1_632' title='bbox 1210 4663 1294 4706; x_wconf 88' lang='lat' dir='ltr'><strong>ex</strong></span> <span class='ocrx_word' id='word_1_633' title='bbox 1322 4654 1508 4724; x_wconf 90' lang='lat' dir='ltr'><strong>parte</strong></span> <span class='ocrx_word' id='word_1_634' title='bbox 1540 4645 1801 4727; x_wconf 87' lang='lat' dir='ltr'><strong>figuret.</strong></span> <span class='ocrx_word' id='word_1_635' title='bbox 1860 4644 1955 4708; x_wconf 86' lang='lat' dir='ltr'><strong>At</strong></span> <span class='ocrx_word' id='word_1_636' title='bbox 1977 4665 2110 4708; x_wconf 88' lang='lat' dir='ltr'><strong>non</strong></span> <span class='ocrx_word' id='word_1_637' title='bbox 2132 4650 2478 4725; x_wconf 90' lang='lat' dir='ltr'><strong>propterea</strong></span> <span class='ocrx_word' id='word_1_638' title='bbox 2503 4640 2738 4706; x_wconf 88' lang='lat' dir='ltr'><strong>debere</strong></span> 
     </span>
    </p>

    <p class='ocr_par' dir='ltr' id='par_1_18' title="bbox 779 4726 2742 5070">
     <span class='ocr_line' id='line_1_84' title="bbox 825 4726 2736 4812; baseline -0.004 -16"><span class='ocrx_word' id='word_1_639' title='bbox 825 4732 1042 4809; x_wconf 84' lang='lat' dir='ltr'><strong>esinisโ</strong></span> <span class='ocrx_word' id='word_1_640' title='bbox 1089 4726 1264 4812; x_wconf 90' lang='lat' dir='ltr'><strong>quod</strong></span> <span class='ocrx_word' id='word_1_641' title='bbox 1291 4749 1378 4806; x_wconf 91' lang='lat' dir='ltr'><strong>es,</strong></span> <span class='ocrx_word' id='word_1_642' title='bbox 1416 4728 1560 4793; x_wconf 92' lang='lat' dir='ltr'><strong>Deo</strong></span> <span class='ocrx_word' id='word_1_643' title='bbox 1597 4738 1766 4795; x_wconf 91' lang='lat' dir='ltr'><strong>teste</strong></span> <span class='ocrx_word' id='word_1_644' title='bbox 1809 4737 1877 4794; x_wconf 91' lang='lat' dir='ltr'><strong>et</strong></span> <span class='ocrx_word' id='word_1_645' title='bbox 1920 4729 2313 4808; x_wconf 79' lang='lat' dir='ltr'><strong>hominibuSโ</strong></span> <span class='ocrx_word' id='word_1_646' title='bbox 2362 4734 2477 4792; x_wconf 90' lang='lat' dir='ltr'><strong>aut</strong></span> <span class='ocrx_word' id='word_1_647' title='bbox 2500 4728 2736 4803; x_wconf 87' lang='lat' dir='ltr'><strong>verius,</strong></span> 
     </span>
     <span class='ocr_line' id='line_1_85' title="bbox 779 4810 2739 4897; baseline -0.003 -15"><span class='ocrx_word' id='word_1_648' title='bbox 779 4816 926 4882; x_wconf 92' lang='lat' dir='ltr'><strong>Deo</strong></span> <span class='ocrx_word' id='word_1_649' title='bbox 964 4815 1161 4881; x_wconf 89' lang='lat' dir='ltr'><strong>simul</strong></span> <span class='ocrx_word' id='word_1_650' title='bbox 1187 4823 1253 4879; x_wconf 87' lang='lat' dir='ltr'><strong>et</strong></span> <span class='ocrx_word' id='word_1_651' title='bbox 1287 4813 1684 4895; x_wconf 90' lang='lat' dir='ltr'><strong>hominibus,</strong></span> <span class='ocrx_word' id='word_1_652' title='bbox 1723 4824 2135 4881; x_wconf 90' lang='lat' dir='ltr'><strong>sacramento</strong></span> <span class='ocrx_word' id='word_1_653' title='bbox 2164 4815 2519 4897; x_wconf 88' lang='lat' dir='ltr'><strong>pollicitus:</strong></span> <span class='ocrx_word' id='word_1_654' title='bbox 2568 4810 2739 4894; x_wconf 92' lang='lat' dir='ltr'><strong>quod</strong></span> 
     </span>
     <span class='ocr_line' id='line_1_86' title="bbox 782 4899 2740 4987; baseline -0.002 -20"><span class='ocrx_word' id='word_1_655' title='bbox 782 4901 1146 4987; x_wconf 88' lang='lat' dir='ltr'><strong>exspectari</strong></span> <span class='ocrx_word' id='word_1_656' title='bbox 1191 4901 1306 4966; x_wconf 87' lang='lat' dir='ltr'><strong>abs</strong></span> <span class='ocrx_word' id='word_1_657' title='bbox 1351 4906 1416 4965; x_wconf 93' lang='lat' dir='ltr'><strong>te</strong></span> <span class='ocrx_word' id='word_1_658' title='bbox 1460 4899 1802 4966; x_wconf 90' lang='lat' dir='ltr'><strong>hominum</strong></span> <span class='ocrx_word' id='word_1_659' title='bbox 1847 4902 2151 4985; x_wconf 90' lang='lat' dir='ltr'><strong>opinione</strong></span> <span class='ocrx_word' id='word_1_660' title='bbox 2197 4901 2409 4967; x_wconf 90' lang='lat' dir='ltr'><strong>vides:</strong></span> <span class='ocrx_word' id='word_1_661' title='bbox 2459 4899 2740 4980; x_wconf 89' lang='lat' dir='ltr'><strong>denique</strong></span> 
     </span>
     <span class='ocr_line' id='line_1_87' title="bbox 784 4985 2742 5070; baseline -0.002 -17"><span class='ocrx_word' id='word_1_662' title='bbox 784 4988 954 5070; x_wconf 90' lang='lat' dir='ltr'><strong>quod</strong></span> <span class='ocrx_word' id='word_1_663' title='bbox 1009 4996 1122 5052; x_wconf 90' lang='lat' dir='ltr'><strong>tuo</strong></span> <span class='ocrx_word' id='word_1_664' title='bbox 1173 4986 1436 5052; x_wconf 91' lang='lat' dir='ltr'><strong>nomine</strong></span> <span class='ocrx_word' id='word_1_665' title='bbox 1493 4989 1835 5068; x_wconf 89' lang='lat' dir='ltr'><strong>profiteris.</strong></span> <span class='ocrx_word' id='word_1_666' title='bbox 1929 4986 2123 5069; x_wconf 78' lang='lat' dir='ltr'><strong>Quod</strong></span> <span class='ocrx_word' id='word_1_667' title='bbox 2177 4988 2466 5068; x_wconf 85' lang='lat' dir='ltr'><strong>profecto</strong></span> <span class='ocrx_word' id='word_1_668' title='bbox 2520 4985 2742 5067; x_wconf 91' lang='lat' dir='ltr'><strong>ipsum</strong></span> 
     </span>
    </p>
   </div>
   <div class='ocr_carea' id='block_1_17' title="bbox 923 5096 1193 5102">
    <p class='ocr_par' dir='ltr' id='par_1_19' title="bbox 923 5096 1193 5102">
     <span class='ocr_line' id='line_1_88' title="bbox 923 5096 1193 5102; baseline 0 0"><span class='ocrx_word' id='word_1_669' title='bbox 923 5096 1193 5102; x_wconf 95' lang='lat' dir='ltr'><strong> </strong></span> 
     </span>
    </p>
   </div>
   <div class='ocr_carea' id='block_1_18' title="bbox 784 5140 2740 5418">
    <p class='ocr_par' dir='ltr' id='par_1_20' title="bbox 784 5140 2740 5418">
     <span class='ocr_line' id='line_1_89' title="bbox 922 5140 2739 5209; baseline -0.001 -15"><span class='ocrx_word' id='word_1_670' title='bbox 922 5140 985 5208; x_wconf 84' lang='lat'><strong>1)</strong></span> <span class='ocrx_word' id='word_1_671' title='bbox 1039 5143 1112 5195; x_wconf 80' lang='lat' dir='ltr'><strong>In</strong></span> <span class='ocrx_word' id='word_1_672' title='bbox 1157 5142 1257 5196; x_wconf 76' lang='lat' dir='ltr'><strong>hoc</strong></span> <span class='ocrx_word' id='word_1_673' title='bbox 1303 5147 1560 5195; x_wconf 82' lang='lat' dir='ltr'><strong>commate</strong></span> <span class='ocrx_word' id='word_1_674' title='bbox 1605 5144 1823 5209; x_wconf 65' lang='grc' dir='ltr'><strong>แผฯแฝทฮทฯฮฑ</strong></span> <span class='ocrx_word' id='word_1_675' title='bbox 1901 5141 2040 5195; x_wconf 78' lang='lat' dir='ltr'><strong>endo</strong></span> <span class='ocrx_word' id='word_1_676' title='bbox 2093 5141 2382 5195; x_wconf 77' lang='lat' dir='ltr'><strong>editionem</strong></span> <span class='ocrx_word' id='word_1_677' title='bbox 2429 5140 2739 5208; x_wconf 75' lang='lat' dir='ltr'><strong>principem</strong></span> 
     </span>
     <span class='ocr_line' id='line_1_90' title="bbox 784 5209 2738 5280; baseline -0.001 -17"><span class='ocrx_word' id='word_1_678' title='bbox 784 5216 835 5263; x_wconf 78' lang='lat' dir='ltr'><strong>et</strong></span> <span class='ocrx_word' id='word_1_679' title='bbox 867 5215 1165 5265; x_wconf 77' lang='lat' dir='ltr'><strong>versionem</strong></span> <span class='ocrx_word' id='word_1_680' title='bbox 1197 5211 1455 5280; x_wconf 73' lang='lat' dir='ltr'><strong>qallicam</strong></span> <span class='ocrx_word' id='word_1_681' title='bbox 1492 5213 1781 5280; x_wconf 68' lang='lat' dir='ltr'><strong>sequimur.</strong></span> <span class='ocrx_word' id='word_1_682' title='bbox 1936 5250 1948 5263; x_wconf 98' lang='lat'><strong>.</strong></span> <span class='ocrx_word' id='word_1_683' title='bbox 1989 5209 2127 5264; x_wconf 78' lang='lat'>1550</span> <span class='ocrx_word' id='word_1_684' title='bbox 2161 5212 2378 5266; x_wconf 75' lang='lat' dir='ltr'><strong>scribit:</strong></span> <span class='ocrx_word' id='word_1_685' title='bbox 2416 5209 2553 5274; x_wconf 88' lang='lat' dir='ltr'><strong>Quid</strong></span> <span class='ocrx_word' id='word_1_686' title='bbox 2581 5210 2738 5275; x_wconf 89' lang='lat' dir='ltr'><strong>enim,</strong></span> 
     </span>
     <span class='ocr_line' id='line_1_91' title="bbox 786 5278 2740 5348; baseline -0.002 -16"><span class='ocrx_word' id='word_1_687' title='bbox 786 5285 1073 5348; x_wconf 87' lang='lat' dir='ltr'><strong>postquam</strong></span> <span class='ocrx_word' id='word_1_688' title='bbox 1110 5321 1121 5333; x_wconf 92' lang='lat'><strong>.</strong></span> <span class='ocrx_word' id='word_1_689' title='bbox 1159 5320 1172 5333; x_wconf 96' lang='lat'><strong>.</strong></span> <span class='ocrx_word' id='word_1_690' title='bbox 1208 5320 1220 5332; x_wconf 95' lang='lat'><strong>.</strong></span> <span class='ocrx_word' id='word_1_691' title='bbox 1256 5321 1268 5335; x_wconf 93' lang='lat'><strong>.</strong></span> <span class='ocrx_word' id='word_1_692' title='bbox 1303 5282 1499 5335; x_wconf 80' lang='lat' dir='ltr'><strong>tenes?</strong></span> <span class='ocrx_word' id='word_1_693' title='bbox 1551 5282 1728 5334; x_wconf 89' lang='lat' dir='ltr'><strong>omnia</strong></span> <span class='ocrx_word' id='word_1_694' title='bbox 1762 5285 1856 5334; x_wconf 76' lang='lat' dir='ltr'><strong>etc.</strong></span> <span class='ocrx_word' id='word_1_695' title='bbox 1931 5278 2280 5334; x_wconf 72' lang='lat' dir='ltr'><strong>Recentiores</strong></span> <span class='ocrx_word' id='word_1_696' title='bbox 2327 5294 2509 5334; x_wconf 75' lang='lat' dir='ltr'><strong>omnes</strong></span> <span class='ocrx_word' id='word_1_697' title='bbox 2555 5278 2740 5331; x_wconf 78' lang='lat' dir='ltr'><strong>minus</strong></span> 
     </span>
     <span class='ocr_line' id='line_1_92' title="bbox 787 5347 2634 5418; baseline -0.001 -16"><span class='ocrx_word' id='word_1_698' title='bbox 787 5363 912 5403; x_wconf 75' lang='lat' dir='ltr'><strong>vere</strong></span> <span class='ocrx_word' id='word_1_699' title='bbox 944 5349 1136 5402; x_wconf 82' lang='lat' dir='ltr'><strong>etiam.-</strong></span> <span class='ocrx_word' id='word_1_700' title='bbox 1170 5347 1308 5415; x_wconf 84' lang='lat' dir='ltr'><strong>Quid</strong></span> <span class='ocrx_word' id='word_1_701' title='bbox 1344 5350 1499 5417; x_wconf 86' lang='lat' dir='ltr'><strong>enim,</strong></span> <span class='ocrx_word' id='word_1_702' title='bbox 1537 5357 1825 5418; x_wconf 84' lang='lat' dir='ltr'><strong>postquam</strong></span> <span class='ocrx_word' id='word_1_703' title='bbox 1865 5390 1876 5403; x_wconf 88' lang='lat'><strong>.</strong></span> <span class='ocrx_word' id='word_1_704' title='bbox 1912 5389 1924 5400; x_wconf 95' lang='lat'><strong>.</strong></span> <span class='ocrx_word' id='word_1_705' title='bbox 1965 5390 1977 5403; x_wconf 92' lang='lat'><strong>.</strong></span> <span class='ocrx_word' id='word_1_706' title='bbox 2014 5389 2027 5402; x_wconf 94' lang='lat'><strong>.</strong></span> <span class='ocrx_word' id='word_1_707' title='bbox 2063 5350 2257 5405; x_wconf 75' lang='lat' dir='ltr'><strong>tenes?</strong></span> <span class='ocrx_word' id='word_1_708' title='bbox 2315 5347 2504 5403; x_wconf 84' lang='lat' dir='ltr'><strong>Omnia</strong></span> <span class='ocrx_word' id='word_1_709' title='bbox 2539 5354 2634 5402; x_wconf 80' lang='lat' dir='ltr'><strong>etc.</strong></span> 
     </span>
    </p>
   </div>
   <div class='ocr_carea' id='block_1_19' title="bbox 2780 3804 2786 3989">
    <p class='ocr_par' dir='ltr' id='par_1_21' title="bbox 2780 3804 2786 3989">
     <span class='ocr_line' id='line_1_93' title="bbox 2780 3804 2786 3989; baseline 0 2072"><span class='ocrx_word' id='word_1_710' title='bbox 2780 3804 2786 3989; x_wconf 95' lang='lat' dir='ltr'><strong> </strong></span> 
     </span>
    </p>
   </div>
   <div class='ocr_carea' id='block_1_20' title="bbox 2832 3525 4789 3949">
    <p class='ocr_par' dir='ltr' id='par_1_22' title="bbox 2832 3525 4789 3949">
     <span class='ocr_line' id='line_1_94' title="bbox 2832 3525 4785 3610; baseline -0.003 -16"><span class='ocrx_word' id='word_1_711' title='bbox 2832 3531 2993 3595; x_wconf 89' lang='lat' dir='ltr'><strong>istos</strong></span> <span class='ocrx_word' id='word_1_712' title='bbox 3049 3529 3249 3610; x_wconf 90' lang='lat' dir='ltr'><strong>probe</strong></span> <span class='ocrx_word' id='word_1_713' title='bbox 3305 3526 3506 3603; x_wconf 88' lang='lat' dir='ltr'><strong>nosti,</strong></span> <span class='ocrx_word' id='word_1_714' title='bbox 3564 3526 3675 3609; x_wconf 92' lang='lat' dir='ltr'><strong>qui</strong></span> <span class='ocrx_word' id='word_1_715' title='bbox 3718 3526 4033 3608; x_wconf 91' lang='lat' dir='ltr'><strong>populum</strong></span> <span class='ocrx_word' id='word_1_716' title='bbox 4086 3540 4162 3589; x_wconf 88' lang='lat' dir='ltr'><strong>ut</strong></span> <span class='ocrx_word' id='word_1_717' title='bbox 4217 3525 4500 3609; x_wconf 90' lang='lat' dir='ltr'><strong>pecunia</strong></span> <span class='ocrx_word' id='word_1_718' title='bbox 4553 3544 4785 3589; x_wconf 90' lang='lat' dir='ltr'><strong>emun-</strong></span> 
     </span>
     <span class='ocr_line' id='line_1_95' title="bbox 2834 3608 4787 3699; baseline -0.002 -21"><span class='ocrx_word' id='word_1_719' title='bbox 2834 3623 3021 3699; x_wconf 87' lang='lat' dir='ltr'><strong>gant,</strong></span> <span class='ocrx_word' id='word_1_720' title='bbox 3078 3621 3487 3677; x_wconf 87' lang='lat' dir='ltr'><strong>mortuorum</strong></span> <span class='ocrx_word' id='word_1_721' title='bbox 3540 3631 3687 3676; x_wconf 87' lang='lat' dir='ltr'><strong>ossa</strong></span> <span class='ocrx_word' id='word_1_722' title='bbox 3743 3611 4227 3677; x_wconf 82' lang='lat' dir='ltr'><strong>circumferunt.</strong></span> <span class='ocrx_word' id='word_1_723' title='bbox 4307 3608 4487 3691; x_wconf 78' lang='lat' dir='ltr'><strong>Quid</strong></span> <span class='ocrx_word' id='word_1_724' title='bbox 4529 3610 4638 3675; x_wconf 89' lang='lat' dir='ltr'><strong>vel</strong></span> <span class='ocrx_word' id='word_1_725' title='bbox 4683 3631 4787 3675; x_wconf 91' lang='lat' dir='ltr'><strong>eo-</strong></span> 
     </span>
     <span class='ocr_line' id='line_1_96' title="bbox 2833 3694 4784 3780; baseline -0.003 -15"><span class='ocrx_word' id='word_1_726' title='bbox 2833 3723 2985 3765; x_wconf 86' lang='lat' dir='ltr'><strong>rum</strong></span> <span class='ocrx_word' id='word_1_727' title='bbox 3027 3698 3503 3764; x_wconf 89' lang='lat' dir='ltr'><strong>nundinatione</strong></span> <span class='ocrx_word' id='word_1_728' title='bbox 3538 3695 3806 3774; x_wconf 85' lang='lat' dir='ltr'><strong>foedius,</strong></span> <span class='ocrx_word' id='word_1_729' title='bbox 3845 3698 3950 3763; x_wconf 89' lang='lat' dir='ltr'><strong>vel</strong></span> <span class='ocrx_word' id='word_1_730' title='bbox 3994 3697 4362 3780; x_wconf 88' lang='lat' dir='ltr'><strong>praestigiis</strong></span> <span class='ocrx_word' id='word_1_731' title='bbox 4398 3694 4784 3761; x_wconf 78' lang='lat' dir='ltr'><strong>nocentius?</strong></span> 
     </span>
     <span class='ocr_line' id='line_1_97' title="bbox 2833 3781 4789 3867; baseline -0.004 -14"><span class='ocrx_word' id='word_1_732' title='bbox 2833 3787 3205 3867; x_wconf 88' lang='lat' dir='ltr'><strong>Utrumque</strong></span> <span class='ocrx_word' id='word_1_733' title='bbox 3239 3792 3460 3848; x_wconf 89' lang='lat' dir='ltr'><strong>tamen</strong></span> <span class='ocrx_word' id='word_1_734' title='bbox 3494 3806 3625 3848; x_wconf 91' lang='lat' dir='ltr'><strong>non</strong></span> <span class='ocrx_word' id='word_1_735' title='bbox 3671 3784 3813 3847; x_wconf 89' lang='lat' dir='ltr'><strong>sine</strong></span> <span class='ocrx_word' id='word_1_736' title='bbox 3849 3791 3962 3847; x_wconf 91' lang='lat' dir='ltr'><strong>tuo</strong></span> <span class='ocrx_word' id='word_1_737' title='bbox 3996 3783 4339 3866; x_wconf 86' lang='lat' dir='ltr'><strong>permissu,</strong></span> <span class='ocrx_word' id='word_1_738' title='bbox 4386 3781 4554 3847; x_wconf 88' lang='lat' dir='ltr'><strong>addo</strong></span> <span class='ocrx_word' id='word_1_739' title='bbox 4588 3783 4789 3846; x_wconf 76' lang='lat' dir='ltr'><strong>etiam</strong></span> 
     </span>
     <span class='ocr_line' id='line_1_98' title="bbox 2836 3868 4788 3949; baseline -0.003 -12"><span class='ocrx_word' id='word_1_740' title='bbox 2836 3870 3422 3948; x_wconf 89' lang='lat' dir='ltr'><strong>commendatione,</strong></span> <span class='ocrx_word' id='word_1_741' title='bbox 3483 3877 3841 3934; x_wconf 90' lang='lat' dir='ltr'><strong>exercetur.</strong></span> <span class='ocrx_word' id='word_1_742' title='bbox 3924 3868 4171 3949; x_wconf 76' lang='lat' dir='ltr'><strong>Quales</strong></span> <span class='ocrx_word' id='word_1_743' title='bbox 4228 3890 4381 3934; x_wconf 89' lang='lat' dir='ltr'><strong>vero</strong></span> <span class='ocrx_word' id='word_1_744' title='bbox 4447 3875 4605 3933; x_wconf 90' lang='lat' dir='ltr'><strong>sunt</strong></span> <span class='ocrx_word' id='word_1_745' title='bbox 4677 3889 4788 3932; x_wconf 86' lang='lat' dir='ltr'><strong>exฮ</strong></span> 
     </span>
    </p>
   </div>
   <div class='ocr_carea' id='block_1_21' title="bbox 2782 3954 4790 4037">
    <p class='ocr_par' dir='ltr' id='par_1_23' title="bbox 2782 3954 4790 4037">
     <span class='ocr_line' id='line_1_99' title="bbox 2782 3954 4790 4037; baseline -0.004 -11"><span class='ocrx_word' id='word_1_746' title='bbox 2782 3992 2785 4027; x_wconf 75' lang='grc' dir='ltr'>ฮน</span> <span class='ocrx_word' id='word_1_747' title='bbox 2835 3956 3498 4024; x_wconf 88' lang='lat' dir='ltr'><strong>communicationes?</strong></span> <span class='ocrx_word' id='word_1_748' title='bbox 3557 3976 3723 4037; x_wconf 90' lang='lat' dir='ltr'><strong>quae</strong></span> <span class='ocrx_word' id='word_1_749' title='bbox 3778 3977 3917 4019; x_wconf 91' lang='lat' dir='ltr'><strong>nun</strong></span> <span class='ocrx_word' id='word_1_750' title='bbox 3961 3978 4146 4031; x_wconf 89' lang='lat' dir='ltr'><strong>uam,</strong></span> <span class='ocrx_word' id='word_1_751' title='bbox 4208 3956 4337 4020; x_wconf 92' lang='lat' dir='ltr'><strong>nisi</strong></span> <span class='ocrx_word' id='word_1_752' title='bbox 4381 3964 4500 4019; x_wconf 91' lang='lat' dir='ltr'><strong>tua</strong></span> <span class='ocrx_word' id='word_1_753' title='bbox 4544 3954 4790 4019; x_wconf 87' lang='lat' dir='ltr'><strong>autori-</strong></span> 
     </span>
    </p>
   </div>
   <div class='ocr_carea' id='block_1_22' title="bbox 2837 4040 4799 5071">
    <p class='ocr_par' dir='ltr' id='par_1_24' title="bbox 2837 4040 4799 5071">
     <span class='ocr_line' id='line_1_100' title="bbox 2837 4040 4792 4128; baseline -0.003 -19"><span class='ocrx_word' id='word_1_754' title='bbox 2837 4052 2973 4109; x_wconf 90' lang='lat' dir='ltr'><strong>tate</strong></span> <span class='ocrx_word' id='word_1_755' title='bbox 3017 4050 3415 4128; x_wconf 81' lang='lat' dir='ltr'><strong>praetextae,</strong></span> <span class='ocrx_word' id='word_1_756' title='bbox 3455 4041 3862 4106; x_wconf 89' lang='lat' dir='ltr'><strong>efferuntur?</strong></span> <span class='ocrx_word' id='word_1_757' title='bbox 3999 4042 4176 4106; x_wconf 92' lang='lat' dir='ltr'><strong>ualia</strong></span> <span class='ocrx_word' id='word_1_758' title='bbox 4210 4048 4369 4107; x_wconf 89' lang='lat' dir='ltr'><strong>sunt</strong></span> <span class='ocrx_word' id='word_1_759' title='bbox 4403 4040 4615 4105; x_wconf 86' lang='lat' dir='ltr'><strong>edicta</strong></span> <span class='ocrx_word' id='word_1_760' title='bbox 4653 4061 4792 4105; x_wconf 90' lang='lat' dir='ltr'><strong>om-</strong></span> 
     </span>
     <span class='ocr_line' id='line_1_101' title="bbox 2839 4126 4788 4214; baseline -0.002 -19"><span class='ocrx_word' id='word_1_761' title='bbox 2839 4133 2975 4209; x_wconf 90' lang='lat' dir='ltr'><strong>nia,</strong></span> <span class='ocrx_word' id='word_1_762' title='bbox 3036 4151 3203 4214; x_wconf 89' lang='lat' dir='ltr'><strong>quae</strong></span> <span class='ocrx_word' id='word_1_763' title='bbox 3261 4128 3524 4193; x_wconf 89' lang='lat' dir='ltr'><strong>nomine</strong></span> <span class='ocrx_word' id='word_1_764' title='bbox 3580 4136 3692 4192; x_wconf 90' lang='lat' dir='ltr'><strong>tuo</strong></span> <span class='ocrx_word' id='word_1_765' title='bbox 3748 4126 4213 4210; x_wconf 88' lang='lat' dir='ltr'><strong>publicantur?</strong></span> <span class='ocrx_word' id='word_1_766' title='bbox 4284 4128 4425 4192; x_wconf 91' lang='lat' dir='ltr'><strong>sive</strong></span> <span class='ocrx_word' id='word_1_767' title='bbox 4486 4133 4631 4204; x_wconf 82' lang='lat' dir='ltr'><strong>[pag.</strong></span> <span class='ocrx_word' id='word_1_768' title='bbox 4687 4131 4788 4202; x_wconf 82' lang='lat'><strong>55]</strong></span> 
     </span>
     <span class='ocr_line' id='line_1_102' title="bbox 2838 4212 4793 4299; baseline -0.003 -18"><span class='ocrx_word' id='word_1_769' title='bbox 2838 4216 3087 4299; x_wconf 87' lang='lat' dir='ltr'><strong>aliquid</strong></span> <span class='ocrx_word' id='word_1_770' title='bbox 3140 4214 3567 4292; x_wconf 87' lang='lat' dir='ltr'><strong>interdicunt,</strong></span> <span class='ocrx_word' id='word_1_771' title='bbox 3628 4213 3766 4278; x_wconf 89' lang='lat' dir='ltr'><strong>sive</strong></span> <span class='ocrx_word' id='word_1_772' title='bbox 3821 4212 4008 4278; x_wconf 91' lang='lat' dir='ltr'><strong>indul</strong></span> <span class='ocrx_word' id='word_1_773' title='bbox 4058 4220 4198 4292; x_wconf 88' lang='lat' dir='ltr'><strong>ent,</strong></span> <span class='ocrx_word' id='word_1_774' title='bbox 4258 4233 4480 4278; x_wconf 86' lang='lat' dir='ltr'><strong>annon</strong></span> <span class='ocrx_word' id='word_1_775' title='bbox 4536 4231 4793 4294; x_wconf 89' lang='lat' dir='ltr'><strong>semper</strong></span> 
     </span>
     <span class='ocr_line' id='line_1_103' title="bbox 2838 4297 4793 4385; baseline -0.003 -18"><span class='ocrx_word' id='word_1_776' title='bbox 2838 4324 3090 4368; x_wconf 84' lang='lat' dir='ltr'><strong>meram</strong></span> <span class='ocrx_word' id='word_1_777' title='bbox 3144 4303 3397 4384; x_wconf 88' lang='lat' dir='ltr'><strong>spirant</strong></span> <span class='ocrx_word' id='word_1_778' title='bbox 3444 4297 3910 4385; x_wconf 83' lang='lat' dir='ltr'><strong>tyrannidem?</strong></span> <span class='ocrx_word' id='word_1_779' title='bbox 4047 4321 4233 4365; x_wconf 89' lang='lat' dir='ltr'><strong>erum</strong></span> <span class='ocrx_word' id='word_1_780' title='bbox 4284 4299 4437 4382; x_wconf 90' lang='lat' dir='ltr'><strong>quia</strong></span> <span class='ocrx_word' id='word_1_781' title='bbox 4482 4297 4793 4363; x_wconf 87' lang='lat' dir='ltr'><strong>evolven-</strong></span> 
     </span>
     <span class='ocr_line' id='line_1_104' title="bbox 2840 4383 4793 4471; baseline -0.003 -17"><span class='ocrx_word' id='word_1_782' title='bbox 2840 4389 2959 4454; x_wconf 92' lang='lat' dir='ltr'><strong>dae</strong></span> <span class='ocrx_word' id='word_1_783' title='bbox 2984 4389 3031 4471; x_wconf 90' lang='lat'><strong>ยน)</strong></span> <span class='ocrx_word' id='word_1_784' title='bbox 3079 4389 3275 4452; x_wconf 90' lang='lat' dir='ltr'><strong>huius</strong></span> <span class='ocrx_word' id='word_1_785' title='bbox 3325 4387 3619 4450; x_wconf 91' lang='lat' dir='ltr'><strong>sentinae</strong></span> <span class='ocrx_word' id='word_1_786' title='bbox 3678 4384 3939 4449; x_wconf 90' lang='lat' dir='ltr'><strong>nullum</strong></span> <span class='ocrx_word' id='word_1_787' title='bbox 3996 4387 4293 4451; x_wconf 85' lang='lat' dir='ltr'><strong>futurum</strong></span> <span class='ocrx_word' id='word_1_788' title='bbox 4334 4386 4539 4449; x_wconf 88' lang='lat' dir='ltr'><strong>finem</strong></span> <span class='ocrx_word' id='word_1_789' title='bbox 4579 4383 4793 4461; x_wconf 87' lang='lat' dir='ltr'><strong>vide0,</strong></span> 
     </span>
     <span class='ocr_line' id='line_1_105' title="bbox 2841 4470 4793 4544; baseline -0.002 -6"><span class='ocrx_word' id='word_1_790' title='bbox 2841 4474 3086 4540; x_wconf 89' lang='lat' dir='ltr'><strong>diutius</strong></span> <span class='ocrx_word' id='word_1_791' title='bbox 3125 4474 3195 4537; x_wconf 90' lang='lat' dir='ltr'><strong>in</strong></span> <span class='ocrx_word' id='word_1_792' title='bbox 3240 4471 3731 4537; x_wconf 89' lang='lat' dir='ltr'><strong>enumeratione</strong></span> <span class='ocrx_word' id='word_1_793' title='bbox 3775 4492 3907 4536; x_wconf 92' lang='lat' dir='ltr'><strong>non</strong></span> <span class='ocrx_word' id='word_1_794' title='bbox 3952 4470 4414 4537; x_wconf 90' lang='lat' dir='ltr'><strong>commorabor.</strong></span> <span class='ocrx_word' id='word_1_795' title='bbox 4483 4471 4793 4544; x_wconf 75' lang='lat' dir='ltr'><strong>Tantum,</strong></span> 
     </span>
     <span class='ocr_line' id='line_1_106' title="bbox 2842 4554 4794 4641; baseline -0.004 -16"><span class='ocrx_word' id='word_1_796' title='bbox 2842 4562 2898 4625; x_wconf 91' lang='lat' dir='ltr'><strong>si</strong></span> <span class='ocrx_word' id='word_1_797' title='bbox 2944 4571 3132 4625; x_wconf 89' lang='lat' dir='ltr'><strong>tuum</strong></span> <span class='ocrx_word' id='word_1_798' title='bbox 3186 4565 3315 4636; x_wconf 91' lang='lat' dir='ltr'><strong>est,</strong></span> <span class='ocrx_word' id='word_1_799' title='bbox 3363 4554 3681 4641; x_wconf 84' lang='lat' dir='ltr'><strong>quidquid</strong></span> <span class='ocrx_word' id='word_1_800' title='bbox 3724 4578 3764 4620; x_wconf 91' lang='lat' dir='ltr'><strong>a</strong></span> <span class='ocrx_word' id='word_1_801' title='bbox 3807 4559 4251 4641; x_wconf 86' lang='lat' dir='ltr'><strong>suffraganeo,</strong></span> <span class='ocrx_word' id='word_1_802' title='bbox 4310 4579 4349 4622; x_wconf 86' lang='lat' dir='ltr'><strong>a</strong></span> <span class='ocrx_word' id='word_1_803' title='bbox 4392 4556 4667 4634; x_wconf 84' lang='lat' dir='ltr'><strong>vicariO,</strong></span> <span class='ocrx_word' id='word_1_804' title='bbox 4715 4555 4794 4619; x_wconf 86' lang='lat' dir='ltr'><strong>ab</strong></span> 
     </span>
     <span class='ocr_line' id='line_1_107' title="bbox 2841 4640 4798 4726; baseline -0.003 -15"><span class='ocrx_word' id='word_1_805' title='bbox 2841 4646 3101 4711; x_wconf 82' lang='lat' dir='ltr'><strong>officiali</strong></span> <span class='ocrx_word' id='word_1_806' title='bbox 3158 4652 3268 4708; x_wconf 91' lang='lat' dir='ltr'><strong>tuo</strong></span> <span class='ocrx_word' id='word_1_807' title='bbox 3328 4666 3411 4708; x_wconf 93' lang='lat' dir='ltr'><strong>ex</strong></span> <span class='ocrx_word' id='word_1_808' title='bbox 3463 4644 3673 4708; x_wconf 86' lang='lat' dir='ltr'><strong>officio</strong></span> <span class='ocrx_word' id='word_1_809' title='bbox 3727 4644 4012 4726; x_wconf 85' lang='lat' dir='ltr'><strong>geritur,</strong></span> <span class='ocrx_word' id='word_1_810' title='bbox 4072 4643 4229 4726; x_wconf 86' lang='lat' dir='ltr'><strong>quid</strong></span> <span class='ocrx_word' id='word_1_811' title='bbox 4272 4664 4356 4707; x_wconf 85' lang='lat' dir='ltr'><strong>ex</strong></span> <span class='ocrx_word' id='word_1_812' title='bbox 4401 4642 4613 4709; x_wconf 79' lang='lat' dir='ltr'><strong>tribus</strong></span> <span class='ocrx_word' id='word_1_813' title='bbox 4668 4640 4798 4705; x_wconf 89' lang='lat' dir='ltr'><strong>illis</strong></span> 
     </span>
     <span class='ocr_line' id='line_1_108' title="bbox 2842 4727 4797 4815; baseline -0.003 -18"><span class='ocrx_word' id='word_1_814' title='bbox 2842 4733 3117 4798; x_wconf 88' lang='lat' dir='ltr'><strong>officinis</strong></span> <span class='ocrx_word' id='word_1_815' title='bbox 3161 4730 3434 4815; x_wconf 90' lang='lat' dir='ltr'><strong>prodeat</strong></span> <span class='ocrx_word' id='word_1_816' title='bbox 3475 4748 3818 4813; x_wconf 88' lang='lat' dir='ltr'><strong>cognosce:</strong></span> <span class='ocrx_word' id='word_1_817' title='bbox 3874 4741 3940 4794; x_wconf 91' lang='lat' dir='ltr'><strong>et</strong></span> <span class='ocrx_word' id='word_1_818' title='bbox 3982 4752 4101 4814; x_wconf 89' lang='lat' dir='ltr'><strong>per</strong></span> <span class='ocrx_word' id='word_1_819' title='bbox 4142 4750 4250 4794; x_wconf 92' lang='lat' dir='ltr'><strong>me</strong></span> <span class='ocrx_word' id='word_1_820' title='bbox 4293 4729 4489 4812; x_wconf 89' lang='lat' dir='ltr'><strong>plane</strong></span> <span class='ocrx_word' id='word_1_821' title='bbox 4534 4727 4797 4793; x_wconf 88' lang='lat' dir='ltr'><strong>absolu-</strong></span> 
     </span>
     <span class='ocr_line' id='line_1_109' title="bbox 2844 4815 4797 4898; baseline -0.003 -15"><span class='ocrx_word' id='word_1_822' title='bbox 2844 4828 2952 4883; x_wconf 91' lang='lat' dir='ltr'><strong>tus</strong></span> <span class='ocrx_word' id='word_1_823' title='bbox 2995 4827 3164 4897; x_wconf 82' lang='lat' dir='ltr'><strong>estc,</strong></span> <span class='ocrx_word' id='word_1_824' title='bbox 3227 4816 3355 4882; x_wconf 89' lang='lat' dir='ltr'><strong>nisi</strong></span> <span class='ocrx_word' id='word_1_825' title='bbox 3398 4815 3548 4898; x_wconf 90' lang='lat' dir='ltr'><strong>plus</strong></span> <span class='ocrx_word' id='word_1_826' title='bbox 3591 4815 3724 4881; x_wconf 91' lang='lat' dir='ltr'><strong>illic</strong></span> <span class='ocrx_word' id='word_1_827' title='bbox 3763 4817 4198 4897; x_wconf 88' lang='lat' dir='ltr'><strong>pessimorum</strong></span> <span class='ocrx_word' id='word_1_828' title='bbox 4241 4815 4562 4881; x_wconf 90' lang='lat' dir='ltr'><strong>scelerum</strong></span> <span class='ocrx_word' id='word_1_829' title='bbox 4604 4835 4797 4896; x_wconf 91' lang='lat' dir='ltr'><strong>repe-</strong></span> 
     </span>
     <span class='ocr_line' id='line_1_110' title="bbox 2844 4901 4799 4988; baseline -0.003 -18"><span class='ocrx_word' id='word_1_830' title='bbox 2844 4906 3005 4983; x_wconf 89' lang='lat' dir='ltr'><strong>rias,</strong></span> <span class='ocrx_word' id='word_1_831' title='bbox 3059 4924 3338 4988; x_wconf 91' lang='lat' dir='ltr'><strong>quorum</strong></span> <span class='ocrx_word' id='word_1_832' title='bbox 3377 4901 3777 4968; x_wconf 89' lang='lat' dir='ltr'><strong>conscientia</strong></span> <span class='ocrx_word' id='word_1_833' title='bbox 3820 4901 4170 4968; x_wconf 84' lang='lat' dir='ltr'><strong>obstrictus</strong></span> <span class='ocrx_word' id='word_1_834' title='bbox 4224 4902 4539 4979; x_wconf 87' lang='lat' dir='ltr'><strong>tenearis,</strong></span> <span class='ocrx_word' id='word_1_835' title='bbox 4592 4919 4799 4983; x_wconf 88' lang='lat' dir='ltr'><strong>quam</strong></span> 
     </span>
     <span class='ocr_line' id='line_1_111' title="bbox 2847 4985 4797 5071; baseline -0.004 -15"><span class='ocrx_word' id='word_1_836' title='bbox 2847 5012 3148 5057; x_wconf 92' lang='lat' dir='ltr'><strong>sermone</strong></span> <span class='ocrx_word' id='word_1_837' title='bbox 3205 4989 3552 5071; x_wconf 87' lang='lat' dir='ltr'><strong>designare</strong></span> <span class='ocrx_word' id='word_1_838' title='bbox 3604 4990 3863 5070; x_wconf 90' lang='lat' dir='ltr'><strong>possim.</strong></span> <span class='ocrx_word' id='word_1_839' title='bbox 3948 4988 4224 5054; x_wconf 90' lang='lat' dir='ltr'><strong>Nullum</strong></span> <span class='ocrx_word' id='word_1_840' title='bbox 4280 4988 4461 5053; x_wconf 88' lang='lat' dir='ltr'><strong>enim</strong></span> <span class='ocrx_word' id='word_1_841' title='bbox 4510 4985 4614 5052; x_wconf 90' lang='lat' dir='ltr'><strong>vel</strong></span> <span class='ocrx_word' id='word_1_842' title='bbox 4673 4987 4797 5049; x_wconf 91' lang='lat' dir='ltr'><strong>imฮ</strong></span> 
     </span>
    </p>
   </div>
   <div class='ocr_carea' id='block_1_23' title="bbox 2846 5124 3223 5139">
    <p class='ocr_par' dir='ltr' id='par_1_25' title="bbox 2846 5124 3223 5139">
     <span class='ocr_line' id='line_1_112' title="bbox 2846 5124 3223 5139; baseline 0 922"><span class='ocrx_word' id='word_1_843' title='bbox 2846 5124 3223 5139; x_wconf 95' lang='lat' dir='ltr'><strong> </strong></span> 
     </span>
    </p>
   </div>
   <div class='ocr_carea' id='block_1_24' title="bbox 2839 5208 4799 5420">
    <p class='ocr_par' dir='ltr' id='par_1_26' title="bbox 2839 5208 4799 5420">
     <span class='ocr_line' id='line_1_113' title="bbox 2983 5208 4799 5291; baseline -0.003 -26"><span class='ocrx_word' id='word_1_844' title='bbox 2983 5212 3041 5277; x_wconf 84' lang='lat'><strong>1)</strong></span> <span class='ocrx_word' id='word_1_845' title='bbox 3082 5211 3176 5267; x_wconf 83' lang='lat' dir='ltr'><strong>Sic</strong></span> <span class='ocrx_word' id='word_1_846' title='bbox 3209 5215 3327 5266; x_wconf 79' lang='lat' dir='ltr'><strong>sola</strong></span> <span class='ocrx_word' id='word_1_847' title='bbox 3355 5214 3630 5280; x_wconf 73' lang='lat' dir='ltr'><strong>princeps.</strong></span> <span class='ocrx_word' id='word_1_848' title='bbox 3695 5211 4307 5291; x_wconf 38' lang='lat' dir='ltr'><strong>Caeterum-eluendae,</strong></span> <span class='ocrx_word' id='word_1_849' title='bbox 4345 5210 4494 5279; x_wconf 77' lang='lat' dir='ltr'><strong>quod</strong></span> <span class='ocrx_word' id='word_1_850' title='bbox 4526 5208 4799 5262; x_wconf 72' lang='lat' dir='ltr'><strong>meliorem</strong></span> 
     </span>
     <span class='ocr_line' id='line_1_114' title="bbox 2839 5279 4798 5420; baseline -0.002 -14"><span class='ocrx_word' id='word_1_851' title='bbox 2839 5284 3383 5420; x_wconf 51' lang='lat' dir='ltr'><strong>fflโssssiiossffl&#39;ssa</strong></span> <span class='ocrx_word' id='word_1_852' title='bbox 3418 5279 3954 5406; x_wconf 49' lang='lat' dir='ltr'><strong>ยงstatas-310:</strong></span> <span class='ocrx_word' id='word_1_853' title='bbox 3994 5295 4043 5335; x_wconf 70' lang='lat'><strong>ยนโถ</strong></span> <span class='ocrx_word' id='word_1_854' title='bbox 4091 5280 4320 5348; x_wconf 52' lang='lat' dir='ltr'>Vโฐuยนโฐ5โฐ</span> <span class='ocrx_word' id='word_1_855' title='bbox 4376 5294 4589 5334; x_wconf 65' lang='lat'><strong>โโฐยนโฐโถ&#39;&#39;</strong></span> <span class='ocrx_word' id='word_1_856' title='bbox 4639 5286 4798 5332; x_wconf 48' lang='grc' dir='ltr'><strong>ฮจฮ</strong></span> 
     </span>
    </p>
   </div>
  </div>
 </body>
</html>
