5100 6061
735 431 817 491 51
1728 380 1736 402 ⁸
1963 408 1971 416 ’
2378 419 2508 485 DE
2554 419 3102 486 CLEMENTIA
4567 368 4570 377 ¹
4666 423 4750 482 52

742 617 1019 683 salutem
1083 615 1186 681 sui
1239 614 1557 699 principis
1615 612 1868 677 obiectu
1921 631 2267 694 corporum
2322 607 2699 687 defendunt,

746 706 894 781 [pag.
934 707 1043 781 40]
1078 701 1283 765 vitam
1318 701 1460 764 eius
1504 700 1639 764 suis
1682 698 1998 761 mortibus
2033 695 2383 773 redimunt,
2423 693 2702 759 adversa

2804 611 3041 674 simum
3090 608 3274 676 decet
3317 611 3667 675 clementia
3711 608 4116 692 principem?
4207 608 4394 673 Idem
4439 618 4541 672 est
4581 628 4656 675 ac
4695 610 4754 673 si

2803 715 3106 777 quaeras,
3177 715 3293 760 cur
3349 696 3704 761 liberalitas
3761 695 4027 760 divitem
4086 696 4153 759 in
4219 695 4451 776 primis
4509 693 4749 760 deceat.

743 787 1133 853 vulneribus
1189 796 1450 868 pectora
1505 785 1753 862 ferunt,
1828 804 1978 847 eum
2032 803 2173 847 esse
2225 790 2517 846 mentem
2574 779 2700 845 rei·
2750 784 2754 849 ῐ
2803 781 2928 846 Ille
2973 784 3150 846 enim
3209 784 3549 847 materiam
3599 782 3794 845 habet
3849 780 4259 863 ignoscendi,
4320 780 4472 845 huic
4517 800 4753 863 suppe-

744 874 1043 957 publicae
1097 876 1518 955 profitentur:
1575 877 1885 954 agnoscat
1940 868 2052 932 ille
2105 867 2392 933 vicissim
2446 872 2703 949 oportet

744 959 1216 1043 rempublicam
1283 978 1473 1022 suum
1539 975 1775 1037 corpus
1833 974 2005 1031 esse,
2076 964 2142 1019 et
2212 954 2419 1019 vicem
2486 953 2697 1030 officii,

743 1067 935 1128 quam
984 1046 1120 1111 suis
1165 1044 1473 1108 membris
1520 1041 1726 1117 debet,
1775 1039 2103 1122 rependat.
2191 1041 2529 1122 Proponat
2577 1037 2700 1102 sibi

745 1132 922 1214 apud
966 1132 1272 1208 animum,
1319 1128 1647 1212 publicam
1692 1147 1835 1191 esse
1869 1127 2229 1204 caritatem,
2274 1145 2441 1209 quae
2487 1146 2526 1188 a
2562 1124 2700 1189 suis

746 1218 868 1282 sibi
936 1217 1255 1291 defertur,
1337 1214 1461 1278 alio
1518 1212 2038 1278 transferendam
2106 1214 2158 1277 si
2228 1210 2493 1276 desierit
2558 1230 2699 1274 esse

788 1302 914 1368 uod
961 1311 1074 1367 est.
1777 1359 1787 1369 ,

744 1325 784 1385 q
924 1389 1067 1452 Tibi
1121 1388 1283 1451 enim
1326 1384 1578 1471 parcis]
1652 1383 1968 1465 Quisquis
2044 1383 2217 1446 enim
2282 1380 2395 1445 1116
2453 1382 2540 1446 611
2594 1381 2699 1447 6111

742 1475 1126 1558 ignoscitur,
1183 1492 1336 1555 pars
1375 1473 1471 1536 tui
1516 1483 1633 1535 est.
1726 1466 1840 1534 Sic
1885 1467 2264 1533 Alexander
2309 1466 2485 1550 apud
2530 1467 2699 1532 Cur·-

743 1561 906 1624 tium
952 1560 1060 1624 lib.
1097 1557 1246 1622 VL:
1303 1556 1596 1621 Videbar
1639 1555 1802 1619 mihi
1859 1562 2112 1637 partem
2153 1574 2451 1617 meorum
2492 1555 2700 1619 visce-

742 1668 885 1709 rum
933 1646 1347 1726 abrumpere‚
1391 1645 1446 1706 si
1493 1643 1558 1705 in
1608 1662 1770 1724 quos
1804 1650 1941 1705 tam
1985 1661 2228 1723 magna
2272 1638 2698 1717 contuleram,

740 1731 1004 1797 viliores
1048 1730 1211 1793 mihi
1255 1729 1571 1793 fecissem.

916 1816 1308 1881 Parcendum
1371 1813 1793 1895 improbandis
1869 1809 2132 1897 civibus]
2237 1810 2488 1875 Sensus
2567 1818 2699 1874 est:

744 1902 818 1968 Si
878 1903 988 1985 qui
1046 1909 1201 1966 sunt
1255 1921 1337 1964 ex
1384 1900 1624 1964 civium
1669 1917 1941 1962 numero
1988 1896 2235 1975 vitiosi,
2294 1898 2509 1980 cogita
2553 1918 2695 1961 esse

743 1987 1037 2054 membra
1100 1987 1200 2050 tui
1261 1987 1575 2069 corporis:
1640 2006 1804 2066 quae
1871 2005 2071 2065 quum
2140 1984 2337 2046 etiam
2405 1981 2701 2047 ulcerosa

743 2083 927 2149 sunt,
984 2071 1388 2136 mollioribus
1444 2070 1748 2135 remediis
1807 2077 2151 2146 curantur,
2208 2076 2274 2133 et
2319 2067 2507 2150 quasi
2554 2089 2698 2133 sus-

743 2181 944 2243 penso
1002 2157 1204 2241 digito
1264 2164 1725 2233 attrectantur3
1782 2163 2034 2218 tantum
2097 2154 2281 2219 abest
2324 2163 2399 2217 ut
2442 2152 2697 2218 abscin-

745 2245 987 2309 dantur
1045 2258 1112 2307 et
1165 2254 1445 2307 urantur
1500 2242 1582 2306 ad
1655 2243 1938 2324 primum
2006 2240 2413 2323 languorem.
2516 2238 2699 2304 Vitia

745 2331 949 2413 igitur
994 2328 1169 2405 tolle,
1216 2350 1347 2393 non
1391 2328 1746 2392 hominem.
1838 2325 2024 2406 Quae
2072 2335 2295 2390 tamen
2354 2327 2407 2390 si
2452 2326 2533 2390 ab
2580 2325 2698 2389 ho-

746 2417 919 2480 mine
943 2416 1166 2480 revelli
1189 2436 1318 2479 non
1342 2424 1633 2497 possunt,
1659 2412 2127 2478 consulendum
2153 2412 2366 2493 potius
2388 2412 2696 2476 universo

746 2503 1013 2583 corpori,
1058 2522 1249 2583 quam
1295 2500 1665 2583 particulae.
1714 2500 1899 2562 Tunc
1942 2498 2125 2561 valet
2166 2496 2328 2562 illud
2376 2495 2628 2563 Ovidii:

1494 2600 1886 2655 Immedicabile
1922 2601 2115 2653 vulnus

948 2671 1093 2725 Ense
1132 2671 1470 2725 recidendum
1509 2678 1607 2729 est.
1645 2687 1711 2723 ne
1747 2686 1875 2737 pars
1913 2671 2121 2722 sincera
2156 2669 2418 2722 trahatur.

743 2774 919 2839 Illud
960 2775 1274 2839 memoria
1332 2796 1414 2838 ne
1460 2773 1743 2847 excidat,
1793 2771 1964 2855 quod
2009 2781 2110 2836 est
2152 2769 2325 2853 apud
2371 2769 2695 2837 Senecam

742 2859 908 2924 libro
956 2861 1110 2924 VII.
1171 2859 1249 2924 de
1294 2861 1673 2925 Beneficiis:
1730 2859 1823 2924 Ut
1872 2879 2250 2940 corporum,
2304 2858 2398 2920 ita
2443 2858 2694 2921 animo-

741 2967 891 3010 rum
945 2948 1103 3011 vitia
1146 2946 1431 3010 molliter
1486 2944 1828 3009 tractanda
1894 2956 2065 3009 sunt.
2164 2944 2257 3006 Et
2299 2943 2464 3008 illud
2505 2942 2692 3011 Cice-

746 3034 923 3097 ronis
968 3034 1058 3097 11.
1107 3033 1189 3097 ad
1232 3033 1557 3098 Atticum:
1618 3032 1768 3095 Non
1824 3030 2045 3095 minus
2100 3029 2501 3113 probandam
2560 3052 2693 3095 me-

741 3113 1022 3185 dicinam
1067 3141 1235 3202 quae
1279 3129 1483 3197 sanet,
1530 3139 1727 3200 quam
1769 3138 1936 3200 quae
1983 3129 2131 3180 urat
2175 3125 2240 3180 et
2283 3125 2474 3181 secet.

915 3205 1003 3269 Ec
1044 3206 1102 3269 si
1146 3207 1391 3286 quando
1435 3205 1630 3269 misso
1675 3200 2009 3288 sanquine]
2059 3199 2315 3266 Alludit
2359 3202 2440 3266 ad
2485 3201 2691 3266 medi-

742 3312 966 3356 corum
1031 3291 1530 3374 phlebotomias,
1608 3311 1774 3373 quae
1851 3309 2109 3371 semper
2167 3287 2248 3351 ad
2318 3310 2692 3353 mensuram

745 3376 1118 3460 exiguntur.
1232 3375 1346 3442 Sic
1410 3377 1722 3440 Lucanus
1801 3373 2054 3458 Syllam
2132 3384 2280 3457 post
2350 3374 2691 3439 victoriam

744 3462 1174 3539 saevientem,
1229 3482 1350 3527 1166
1392 3461 1658 3544 modum
1698 3461 1924 3543 poenis
1969 3458 2307 3542 exigendis
2351 3460 2692 3543 imponen-

744 3559 878 3611 tem
925 3548 1348 3630 reprehendit
1391 3547 1617 3611 eadem
1662 3548 1797 3611 fere
1843 3545 2295 3610 translatione:

885 3666 921 3720 S
959 3667 1032 3720 lla
1069 3682 1279 3735 quoque
1318 3668 1583 3721 immensis
1620 3667 1849 3720 accessit
1885 3665 2123 3719 cladibus
2161 3673 2335 3719 autor.

885 3735 926 3787 Il
953 3753 999 3800 e,
1039 3735 1180 3803 quod
1219 3736 1463 3803 exiguum
1502 3735 1743 3788 restabat
1781 3752 1872 3787 san
1951 3736 2050 3786 inis
2086 3734 2220 3802 urbi,

884 3805 1093 3871 Emisit,
1131 3804 1254 3856 dum
1294 3820 1357 3856 ue
1394 3805 1545 3856 nimis
1585 3806 1686 3856 iam
1723 3804 1866 3871 putri
1906 3819 1939 3855 a
1974 3801 2209 3856 membra
2244 3803 2484 3868 resolvit,

882 3873 1135 3926 Excessit
1170 3888 1253 3925 me
1294 3874 1431 3925 icina
1465 3873 1696 3940 modum,
1732 3873 2051 3939 nimiumque
2091 3879 2319 3938 sequuta
2354 3879 2453 3938 est,

884 3941 1002 4007 Qua
1037 3941 1209 3995 morbi
1245 3941 1464 4006 duxere,
1503 3956 1706 3995 manus.

917 4044 1040 4107 Est
1102 4064 1242 4126 erqo
1301 4050 1371 4107 ut
1432 4039 1733 4128 dicebam]
1797 4042 2031 4106 Innuit
2081 4039 2335 4107 Seneca
2404 4027 2483 4106 111Ι
2542 4065 2692 4108 611111

744 4151 1012 4195 6611611111
1035 4129 1475 4211 accipiendam
1512 4150 1652 4193 esse
1690 4137 1888 4192 totam
1932 4128 2112 4191 illam
2150 4127 2689 4208 dissertationem,

745 4238 910 4297 quae
956 4215 1298 4279 videbatur
1335 4224 1599 4297 praeter
1639 4214 2005 4291 Bacchum,
2052 4221 2127 4277 ut
2169 4225 2269 4278 est
2310 4216 2379 4278 in
2423 4235 2691 4295 prover·

746 4303 870 4380 bio,
917 4303 1325 4384 interposita:
1380 4302 1573 4366 Nunc
1615 4321 1799 4364 more
1842 4321 1957 4364 suo
2010 4320 2128 4382 per
2172 4297 2690 4383 ἀνακεφαλαίωσιν

745 4408 1071 4452 summam
1108 4386 1580 4451 dissertationis
1604 4388 1673 4451 in
1699 4385 2154 4468 compendium
2181 4386 2437 4469 redigit.
2498 4385 2690 4467 Quod

747 4473 909 4539 dicit
950 4473 1361 4537 clementiam
1408 4473 1709 4537 omnibus
1754 4472 2125 4535 hominibus
2170 4471 2526 4536 secundum
2573 4494 2692 4536 na-

746 4573 1020 4634 turam„
1055 4556 1135 4620 ad
1179 4556 1344 4622 illud
1396 4559 1838 4622 referendum:
1895 4557 2147 4621 nullam
2191 4557 2438 4621 homini
2482 4558 2690 4622 virtu-

747 4656 883 4708 tem
927 4644 1135 4725 magis
1170 4644 1535 4722 convenire,
1572 4665 1767 4726 quam
1801 4643 2233 4718 clementiam,
2271 4664 2472 4725 quum
2509 4644 2692 4707 nulla

746 4731 834 4794 sit
878 4729 1243 4807 humanior,
1291 4743 1411 4794 etc.
1504 4728 1694 4809 Quod
1739 4729 1997 4794 subiicit
2050 4728 2333 4822 maxime
2389 4728 2690 4794 decoram

747 4815 1266 4898 imperatoribus,
1312 4814 1591 4879 alterum
1635 4813 2003 4879 membrum
2047 4814 2325 4895 respicit.

922 4900 1274 4966 Secundum
1314 4898 1634 4987 naturam]
1693 4899 2077 4982 Philosophi
2121 4909 2359 4964 vocant
2403 4921 2482 4964 ea
2524 4920 2692 4982 quae

750 4995 905 5051 sunt
945 4986 1024 5051 de
1066 4988 1347 5070 propriis
1388 4995 1690 5063 naturae,
1743 4983 1891 5047 κατὰ
1934 4983 2034 5061 τὴν
2068 4985 2265 5068 φύσιν.
2339 4986 2694 5068 Proprium

748 5085 980 5153 quarto
1044 5072 1234 5138 modo
1300 5073 1679 5154 accipiatur,
1746 5070 2289 5154 quemadmodum
2353 5078 2455 5136 est
2519 5070 2694 5154 apud

746 5158 1191 5241 Porphyrium
1268 5161 1414 5236 [pag.
1468 5164 1575 5237 41]
1642 5177 1778 5239 cap.
1828 5156 1949 5221 IV.
2027 5156 2179 5222 libri
2258 5157 2338 5222 de
2402 5158 2694 5241 quinque

746 5244 1032 5309 vocibus.

925 5327 1302 5410 Quantulum
1343 5335 1509 5395 nocet
1537 5330 1802 5409 privata
1836 5327 2250 5414 crudelitatem
2310 5330 2452 5396 Our
2493 5330 2695 5413 potis·

2803 875 2957 931 tunt
2982 866 3064 933 ad
3101 868 3514 950 largiendum
3550 867 3907 932 facultates
3980 867 4225 931 Maluit
4259 875 4479 930 tamen
4516 866 4752 932 ducere

2805 955 3714 1035 argumentumacontrariis,
3762 955 3829 1015 in
3859 953 4028 1017 hanc
4050 953 4352 1016 formam:
4402 950 4478 1015 Si
4521 972 4753 1034 parum

2803 1047 2993 1103 116661
3050 1042 3303 1122 privata
3361 1038 3736 1115 crudelitas,
3801 1058 4035 1120 parum
4093 1039 4290 1103 etiam
4356 1038 4619 1119 prodest
4680 1040 4753 1102 in

2804 1125 3069 1188 homine
3139 1125 3394 1207 privato
3469 1124 3833 1190 clementia.
3945 1122 4018 1188 Si
4097 1124 4410 1206 principis
4485 1126 4754 1189 saevitia

2803 1209 3047 1275 bellum
3103 1219 3200 1275 est
3256 1220 3322 1275 et
3377 1210 3641 1294 publica
3681 1209 4027 1292 pernicies,
4076 1208 4364 1275 eiusdem
4408 1210 4754 1275 clementia

2749 1368 2752 1393 Ι
2803 1297 3132 1377 publicam
3184 1297 3461 1361 salutem
3509 1296 3976 1378 complectitur.
4058 1294 4309 1360 Seneca
4354 1295 4460 1360 lib.
4499 1296 4623 1359 ΠΙ.
4671 1295 4752 1362 (16

2804 1383 2945 1445 Ira:
2993 1382 3121 1446 Illa
3152 1381 3405 1465 plebeia
3447 1383 3548 1447 ira
3592 1393 3657 1445 et
3699 1383 3976 1464 privata,
4021 1383 4270 1445 inerme
4317 1390 4383 1445 et
4417 1381 4557 1446 sine
4592 1383 4751 1446 viri-

2802 1468 2925 1533 bus
2971 1467 3172 1531 telum
3216 1476 3335 1533 est.

2982 1555 3185 1634 Quum
3228 1560 3436 1619 autem
3479 1551 3837 1639 virtutibus]
3896 1554 4003 1616 Ex
4052 1551 4465 1636 dogmatibus
4501 1552 4752 1619 Stoico-

2803 1660 2970 1704 rum.
3070 1641 3174 1705 De
3232 1640 3356 1705 hac
3412 1642 3730 1704 virtutum
3793 1640 4192 1703 connexione
4236 1638 4467 1704 Cicero
4523 1641 4749 1704 memi-

2803 1725 2904 1789 nit
2960 1724 3148 1791 Offic.
3195 1727 3268 1805 1.,
3323 1727 3393 1789 in
3437 1725 3800 1790 Paradoxis
3853 1736 3920 1787 et
3973 1725 4047 1788 in
4092 1724 4172 1788 V.
4235 1724 4316 1789 de
4359 1725 4635 1790 Finibus
4678 1735 4747 1790 et

2806 1809 3059 1876 Seneca
3115 1824 3334 1875 noster
3390 1814 3573 1893 epist.
3633 1811 3739 1875 lib.
3789 1811 3911 1875 IX.
3970 1810 4051 1875 ad
4110 1811 4459 1876 Lucilium.
4549 1813 4749 1878 Forte

2803 1906 2870 1960 et
2932 1898 3093 1962 baec
3159 1898 3359 1961 verba
3434 1898 3503 1962 iu
3567 1897 4040 1979 Peripateticos
4107 1898 4396 1978 torqueri
4456 1907 4745 1980 possunt,

2802 1985 2913 2064 qui
2960 1994 3232 2048 externa
3286 1984 3583 2048 fortunae
3638 1984 3810 2047 bona
3853 1983 4209 2048 virtutibus
4263 1984 4569 2065 opitulari
4614 1994 4746 2049 tra-

2804 2068 2997 2147 dunt,
3054 2080 3249 2153 atque
3304 2067 3449 2132 ideo
3499 2071 3672 2132 inter
3725 2067 3892 2132 bona
3948 2076 4326 2142 numerant,
4381 2070 4551 2151 quod
4596 2078 4750 2134 sunt

2801 2156 3125 2220 virtutum
3181 2155 3522 2237 praesidia.
3614 2156 3740 2217 His
3783 2153 4218 2218 adversantur
4262 2153 4495 2233 Stoici,
4542 2157 4748 2220 virtu-

2801 2249 2932 2304 tem
2979 2262 3050 2305 66
3093 2240 3232 2306 6616
3276 2252 3642 2306 contentam
3691 2262 3850 2317 esse,
3895 2263 4014 2305 nec
4053 2242 4351 2305 fortunae
4385 2241 4613 2323 opibus
4647 2243 4748 2306 in-

2801 2326 3038 2410 digere.

2973 2412 3168 2493 Decet,
3235 2410 3751 2498 maynanimitas]

2802 2498 3113 2562 virtutem
3146 2496 3380 2581 'parem
3428 2510 3494 2562 et
3534 2498 3805 2561 eandem
3847 2500 3913 2560 in
3963 2496 4242 2575 duobus,
4288 2500 4498 2583 magis
4541 2499 4610 2563 in
4654 2500 4746 2563 al-

2799 2594 2937 2647 tero
2981 2584 3234 2648 elucere
3289 2592 3355 2647 et
3397 2585 3700 2648 eminere.
3792 2583 3982 2664 Quod
4040 2584 4422 2667 priusquam
4467 2586 4746 2668 explice-

2798 2690 2963 2747 mus,
3011 2669 3365 2733 videndum
3409 2669 3567 2752 quid
3609 2672 3694 2734 sit
3745 2671 4268 2753 magnanimitas.
4357 2671 4486 2735 Est
4528 2678 4748 2735 autem

2799 2757 3025 2831 virtus,
3073 2776 3202 2838 qua
3245 2766 3590 2838 utramque
3635 2758 3994 2820 fortunam*
4021 2754 4352 2819 moderate
4398 2758 4577 2824 ferre.
4617 2757 4747 2821 dis·

2800 2842 3040 2918 cimus,
3101 2850 3174 2905 ut
3229 2861 3352 2904 1166
3394 2842 4252 2924 prosperitateefferamur,
4313 2843 4745 2925 tollamusque

2800 2929 3079 3006 animos,
3132 2949 3254 2992 nec
3301 2928 3695 2992 adversitate
3741 2925 4119 2992 deiiciamur
4163 2949 4238 2992 ac
4282 2927 4740 3010 deprimamur,

2797 3015 3217 3096 animumque
3263 3012 3793 3096 despondeamus.
3854 3012 4092 3096 Itaque
4137 3022 4432 3078 extrema
4475 3036 4746 3099 magna-

2796 3099 3116 3165 nimitatis
3159 3109 3328 3176 sunt,
3374 3101 3629 3164 inflatio
3674 3101 3876 3164 animi
3924 3109 3991 3164 et
4034 3100 4227 3164 elatio
4264 3100 4346 3164 ad
4384 3122 4741 3180 excessum,

2796 3186 3069 3249 abiectio
3114 3195 3180 3249 et
3212 3185 3718 3268 pusillanimitas
3754 3186 3832 3250 ad
3873 3186 4211 3251 defectum.
4282 3186 4452 3250 Vide
4490 3188 4741 3251 Aristo-

2796 3271 2991 3334 telem
3031 3272 3195 3335 libro
3233 3271 3448 3336 Ethic.
3475 3271 3594 3335 IV.
3657 3271 3884 3337 Cicero
3922 3293 4174 3354 quoque
4211 3272 4557 3337 Tusculan.
4586 3272 4736 3337 IV.:

2798 3356 3226 3421 Constantem
3290 3358 3592 3423 volumus
3658 3357 3983 3440 quendam
4055 3358 4381 3434 sedatum,
4452 3380 4736 3442 gravem,

2797 3443 3086 3506 humana
3122 3445 3342 3507 omnia
3375 3453 3796 3525 prementem,
3842 3443 4027 3508 illum
4065 3465 4204 3508 6666
4240 3465 4431 3526 (1116111
4473 3465 4740 3528 magna-

2797 3532 3049 3592 nimum
3111 3539 3173 3592 61
3231 3530 3464 3593 fortem
3525 3530 3755 3595 virum·
3794 3528 4068 3595 dicimus
4105 3538 4223 3594 etc.
4313 3529 4498 3594 Haec
4540 3531 4740 3614 igitur

2796 3617 3302 3698 magnanimitas
3362 3613 3546 3679 decet
3598 3616 3929 3680 hominem
3990 3617 4184 3679 sortis
4233 3615 4634 3680 humillimae
4673 3624 4739 3681 et

2797 3699 3298 3777 abiectissimae,
3360 3722 3504 3778 seu,
3565 3710 3638 3765 ut
3688 3704 3899 3785 magis
3942 3702 4215 3766 verbum
4266 3702 4465 3765 verbo
4509 3700 4738 3765 redda-

2796 3808 2971 3864 mus,
3039 3797 3410 3870 postremae
3475 3787 3913 3869 ignobilitatis.
4028 3785 4206 3867 Quid
4271 3788 4446 3851 enim
4513 3788 4739 3851 fortius

2798 3893 2993 3954 quam
3040 3894 3165 3937 non
3209 3884 3540 3938 coarctare
3584 3875 3874 3937 animum
3912 3871 3992 3937 ad
4027 3873 4324 3937 fortunae
4360 3871 4736 3956 angustias?

2796 3979 2989 4040 quam
3057 3959 3260 4022 animi
3333 3957 3851 4043 magnitudinem
3913 3968 3980 4021 et
4044 3959 4476 4024 constantiam
4542 3978 4740 4041 supra

2797 4063 3020 4108 omnes
3065 4066 3254 4109 casus
3299 4044 3642 4109 exserere?
3688 4065 3879 4125 quam
3930 4045 4310 4108 divitiarum
4355 4055 4422 4108 et
4461 4065 4740 4127 pauper-

2798 4131 2951 4194 tatis
3013 4151 3092 4193 ex
3151 4151 3354 4212 aequo
3409 4151 3549 4195 esse
3605 4130 4161 4211 contemptorem?
4252 4131 4346 4194 At
4389 4151 4547 4194 vero
4590 4131 4741 4213 quia

2798 4215 3124 4280 difficilius
3170 4226 3269 4280 est
3312 4236 3719 4299 prosperam,
3777 4236 3973 4298 quam
4017 4214 4359 4281 adversam
4406 4217 4577 4280 ferre
4610 4217 4737 4280 for-

2795 4309 3044 4379 tunam,
3092 4311 3334 4383 quanto
3378 4301 3612 4365 melius
3657 4304 4042 4385 conspicuus
4087 4303 4239 4379 erit,
4294 4302 4405 4383 qui
4441 4303 4510 4366 in
4554 4301 4744 4367 bonis

2795 4388 3019 4465 rebus,
3066 4397 3145 4450 ut
3188 4388 3283 4451 ait
3324 4388 3668 4464 Horatius,
3714 4397 4000 4452 mentem
4049 4388 4406 4453 continebit
4443 4387 4526 4451 ab
4570 4389 4742 4452 inso-

2795 4473 2958 4537 lenti
3017 4481 3444 4555 temperatam
3517 4472 3790 4537 laetitia:
3849 4475 3955 4556 qui
4024 4496 4143 4539 nec
4207 4471 4490 4538 confidet
4553 4492 4741 4556 prae-

2796 4559 3088 4624 sentibus
3143 4558 3361 4637 bonis,
3415 4581 3537 4630 nec
3596 4559 4057 4624 adversitatem
4114 4561 4411 4625 fortunae
4469 4561 4742 4642 perhor-

2796 4644 3045 4708 rescet?
3133 4646 3241 4708 lta
3283 4645 3628 4709 clementia
3672 4655 3790 4710 etc.

2967 4728 3218 4795 Malam
3267 4731 3587 4811 fortunam
3639 4730 3988 4817 retundere]
4058 4730 4500 4796 Retundimus
4565 4733 4742 4796 enim

2797 4817 3001 4881 aciem
3046 4815 3342 4893 telorum,
3389 4837 3555 4897 quae
3598 4816 3863 4879 fortuna
3916 4819 3988 4880 in
4031 4839 4147 4882 nos
4192 4818 4393 4893 acuit,
4449 4819 4505 4882 si
4551 4817 4746 4882 nihili

2795 4901 3138 4984 pendimus
3212 4900 3523 4984 quidquid
3599 4902 3668 4964 in
3734 4922 3856 4966 nos
3936 4902 4365 4967 machinatur.
4452 4903 4599 4968 Lib.
4648 4903 4740 4968 Π.

2796 4988 2979 5069 epist.
3028 4986 3195 5051 dixit
3236 4989 3538 5053 fortunae
3582 4988 4055 5054 contumaciter
4091 4989 4414 5056 resistere.

2973 5071 3307 5138 Clementia
3349 5074 3419 5137 in
3461 5094 3885 5156 quancwmque
3936 5071 4211 5160 domum]
4268 5073 4549 5154 Habitat
4597 5075 4746 5158 qui-

2798 5157 2944 5222 dem
2990 5160 3283 5241 privatos
3328 5161 3637 5242 parietes3
3683 5160 3950 5239 habitat,
3999 5161 4057 5225 si
4101 5161 4217 5238 vis,
4263 5180 4587 5244 pauperes
4631 5181 4741 5226 ca·

2797 5263 2903 5309 sas
2947 5256 3015 5308 et
3060 5245 3307 5309 rustica
3350 5246 3706 5330 tuguriola:
3764 5268 3967 5329 quum
4023 5255 4209 5329 pater
4261 5246 4541 5311 familias
4585 5268 4620 5311 e

2796 5349 3099 5411 uxorem,
3152 5330 3419 5413 liberos,
3465 5354 3720 5412 servos,
3765 5330 4055 5398 modeste
4102 5336 4250 5412 [pag.
4289 5334 4398 5413 42]
4439 5353 4510 5398 se
4554 5338 4740 5416 gerit,

3845 2414 4326 2496 Argumentum
4417 2434 4455 2476 a
4534 2414 4744 2491 simili,
