5100 6061
308 438 437 503 477

1811 434 2333 505 CONSHJUM
2375 439 2668 506 PAULI
2710 440 2839 506 111.

4204 453 4333 516 478

312 626 583 694 vabitur
659 624 1016 708 quidquam
1030 676 1048 705 ,
1127 627 1218 723 si‘
1248 625 1536 692 ecclesiis
1609 626 2034 709 permittatur
2099 625 2274 709 quod
2377 629 2639 693 vatione
2685 631 3085 710 castissimis,
3132 632 3606 717 significatione
3642 637 4152 720 augustissimis3
4190 661 4335 706 cae-

311 710 650 778 Dominus
675 711 757 776 de
793 710 1188 776 eucharistia
1229 712 1371 796 ipse
1404 711 1706 793 instituit,
1753 719 1821 777 et
1844 712 1924 777 de
1950 710 2274 778 connubio
2378 720 2520 779 tera
2594 717 2817 781 omnia
2883 716 3158 782 liberam
3227 718 3515 785 habeant
3576 722 4126 821 observationem:
4204 724 4334 792 fide

318 806 465 862 tum
510 818 632 881 per
671 817 770 877 se,
816 803 960 861 tum
1002 818 1123 880 per
1163 797 1531 882 apostolum
1589 819 1781 864 suum
1823 797 2042 864 docuit
2053 822 2070 878 ;
2126 804 2273 862 tan-

2379 800 2557 863 enim
2612 802 2821 867 iustus
2879 804 3080 884 vivit,
3138 825 3273 869 non
3341 809 3783 875 caeremoniis.
3886 807 4109 891 Quare
4166 832 4333 895 quae

315 890 467 948 tum
512 903 677 966 quae
720 882 1237 949 vetustissimam
1282 884 1527 950 habent
1565 884 1907 969 originem,
1954 891 2021 949 et
2044 904 2272 968 quam-
2378 883 2540 949 fides
2591 886 2739 971 ipsa
2793 909 2930 953 non
2973 891 3250 972 requirit
3292 893 3691 973 necessario,
3754 916 3794 960 a
3835 896 4019 960 nulla
4061 897 4334 963 ecclesia

318 970 431 1035 diu
476 967 678 1034 stabit
721 969 844 1035 hoc
865 969 1201 1034 saeculum
1243 977 1630 1053 perpetuam
1662 969 2136 1035 firmitudinem
2159 969 2271 1034 ob-

314 1056 527 1120 tinere
584 1055 858 1134 debent,
913 1055 1347 1121 stabilientur.
1450 1055 1679 1139 Neque
1745 1058 1948 1140 igitur
2003 1063 2273 1140 propter

311 1141 435 1206 has
480 1140 674 1221 duas,
733 1140 839 1207 vel
882 1141 1052 1207 ullas
1113 1141 1274 1207 alias
1317 1163 1449 1220 res,
1549 1161 1668 1207 uas
1719 1141 1983 1225 quidem
2017 1149 2272 1226 protes-

307 1234 534 1292 tantes
556 1225 822 1293 concedi
844 1227 968 1292 sibi
990 1234 1243 1309 petunt,
1269 1163 1613 1293 concordia
1630 1228 2040 1311 impedietur.
2087 1227 2272 1292 Dum

314 1313 495 1378 enim
513 1320 958 1396 protestantes
994 1312 1162 1377 nihil
1204 1314 1333 1380 nisi
1368 1313 1539 1397 quod
1559 1312 1887 1379 Dominus
1931 1322 2048 1379 aut
2089 1314 2273 1378 iubet

312 1406 435 1463 aut
489 1397 814 1478 concedit,
871 1399 1166 1500 permitti
1221 1400 1343 1466 sibi
1403 1400 1769 1484 postulant,
1825 1421 1948 1466 nec
1998 1401 2271 1483 quisque
2353 1399 2365 1410 “

313 1491 417 1551 est
459 1484 802 1550 hominum
827 1506 939 1569 qui
982 1505 1061 1550 ea
1104 1506 1269 1569 quae
1303 1485 1624 1569 praecipit
1655 1486 1763 1552 vel
1800 1484 2099 1570 indulget
2130 1488 2271 1552 Do-

1602 1571 1719 1635 ‘hil
1776 1580 1953 1637 certe
2012 1572 2269 1638 obstare

315 1658 593 1739 poterit,
648 1658 1002 1740 quominus
1059 1658 1389 1723 universis
1445 1658 1513 1721 in
1572 1656 1860 1722 Domino
1904 1659 2268 1737 conveniat,

313 1742 443 1807 nisi
506 1743 644 1808 sint
704 1743 967 1826 quidam
1036 1743 1151 1826 qui
1206 1744 1417 1807 nolint
1470 1742 1813 1808 Christum
1881 1744 2057 1827 apud
2119 1766 2270 1809 suos

309 1848 609 1912 regnare.

314 1570 543 1635 minus
594 1570 730 1636 ullo
785 1572 929 1636 ini-e
985 1577 1209 1636 vetare
1267 1579 1490 1655 queat;
1549 1593 1620 1635 m

487 1999 636 2064 Etsi
701 2006 1110 2082 opponeretur
1167 2002 1324 2083 forte
1386 2002 1549 2083 quod
1613 2001 1994 2082 confirmatio
2058 2021 2269 2066 eorum

315 2105 480 2167 quae
525 2086 690 2168 ipsis
735 2088 1251 2167 permitterentur
1300 2089 1548 2153 ratione
1589 2089 1780 2167 pacis
1822 2094 1878 2152 et
1909 2089 2272 2154 concordiae

319 2173 450 2237 sive
495 2194 537 2237 a
588 2173 730 2236 sede
772 2173 1114 2253 apostolica
1158 2175 1290 2237 sive
1335 2195 1376 2238 a
1434 2178 1551 2251 [fol.
1603 2178 1706 2251 15]
1762 2175 2017 2239 concilio
2048 2179 2269 2255 postea

308 2259 451 2342 peti
465 2265 698 2339 posset,
732 2265 965 2323 certum
999 2265 1088 2324 est
1129 2265 1331 2324 tamen
1366 2260 1531 2341 quod
1563 2260 1624 2323 is
1658 2279 1990 2324 consensus
2011 2280 2133 2323 non
2165 2280 2268 2325 ex-

317 2349 723 2425 spectaretur,
763 2345 872 2408 sed
907 2346 1120 2409 statim
1156 2346 1226 2409 in
1248 2366 1388 2409 eum
1421 2365 1608 2409 iesum
1647 2351 1852 2426 utpote
1886 2345 2012 2411 sibi
2042 2347 2272 2430 qratis-

310 2431 546 2495 simum
585 2432 917 2495 veniretur.

483 2542 549 2606 N
552 2563 638 2606 on
699 2550 799 2607 est
851 2564 1078 2607 earum
1137 2563 1356 2607 rerum
1412 2541 1697 2625 petenda
1751 2542 1832 2607 ab
1897 2542 2271 2608 hominibus

311 2628 718 2734 confirmatio
757 2649 917 2711 quas
961 2627 1252 2693 instituit
1297 2635 1362 2692 et
1405 2628 1724 2694 concessit
1765 2630 1968 2695 Deus.

496 2799 627 2879 Quo
666 2799 834 2880 facto
885 2799 1232 2865 Germania
1279 2800 1411 2864 iam
1451 2800 1634 2865 unita
1669 2802 1832 2864 inter
1873 2823 1939 2866 se
1983 2805 2037 2864 et
2071 2822 2272 2883 recep-

309 2884 393 2949 tis
446 2885 676 2949 ritibus
723 2886 832 2966 qui
878 2886 1001 2950 sibi
1031 2886 1380 2967 placerent,
1432 2886 1676 2951 nullam
1729 2908 1945 2952 caram
1991 2888 2271 2968 amplius

302 2975 541 3054 gereret
574 2971 649 3036 de
691 2972 958 3037 concilio.

481 3091 547 3156 N
549 3111 634 3155 on
693 3091 817 3155 hoc
872 3092 1120 3175 agitur,
1181 3093 1295 3158 sed
1340 3102 1414 3160 ut
1458 3096 1546 3159 sit
1588 3095 1830 3159 rituum
1880 3094 2113 3159 modus
2157 3093 2270 3176 qui

306 3198 457 3242 eum
499 3176 701 3243 verbo
744 3177 1016 3242 Domini
1060 3182 1378 3262 congruit.

485 3348 607 3413 Ex
630 3370 752 3431 quo
774 3355 1130 3431 sequeretur
1163 3351 1393 3416 divisio
1425 3353 1703 3431 corporis
1727 3358 1783 3415 et
1804 3353 2069 3417 unitatis
2092 3352 2267 3418 eccle-

309 3436 468 3516 siae,
512 3455 710 3517 quum
752 3435 806 3499 ii
843 3456 1001 3500 usus
1056 3440 1114 3499 et
1151 3440 1523 3502 mutatimies
1557 3458 1750 3519 neque
1791 3439 1866 3500 in
1891 3436 2128 3502 Galliis
2168 3460 2268 3503 ne-

307 3540 424 3602 que
469 3522 541 3586 in
565 3521 914 3602 Hispaniis
947 3542 1140 3602 neque
1173 3524 1246 3586 in
1273 3519 1470 3587 Italia
1504 3543 1695 3603 neque
1726 3524 1796 3586 in
1829 3523 1982 3587 aliis
2003 3525 2265 3604 provin-

313 3609 430 3673 ciis
467 3607 948 3672 christianitatis
992 3614 1195 3673 essent
1234 3614 1523 3692 receptae.

480 3720 908 3785 Restituatur
962 3720 1202 3804 ubique
1258 3720 1586 3805 evangelii
1639 3719 1847 3785 libera
1901 3729 1968 3785 et
2011 3721 2264 3787 sincera

308 3805 709 3890 praedicatio
754 3813 821 3870 et
863 3806 1046 3871 nulla
1089 3808 1160 3870 in
1204 3807 1384 3873 hisce
1405 3807 1669 3890 quidem
1715 3808 1910 3873 rebus
1954 3828 2112 3890 quas
2157 3829 2261 3873 re-

350 3894 579 3958 uirunt
643 3899 1091 3974 protestantes
1157 3893 1409 3978 reliqua
1461 3894 1751 3959 manebit
1805 3893 1982 3977 apud
2035 3894 2260 3959 fideles

199 4036 206 4041 .
358 3979 556 4044 hristi
607 3980 923 4059 varietas,
981 3999 1146 4062 quae
1199 3980 1691 4046 consensionem
1732 3988 1798 4045 et
1840 4001 2068 4062 pacem
2122 3988 2261 4044 tur-

298 4064 423 4131 bet.
525 4064 713 4129 Nihil
763 4065 965 4145 enim,
1035 4072 1114 4129 ut
1170 4066 1419 4131 dictum
1473 4074 1599 4144 est,
1665 4067 2009 4151 requirunt
2065 4086 2260 4148 quam

302 4149 478 4234 quod
520 4152 850 4217 Dominus
892 4153 1035 4235 ipse
1077 4152 1410 4235 praecepit
1444 4161 1509 4217 et
1553 4151 1636 4216 ad
1672 4152 1956 4217 salutem
1993 4173 2260 4218 suorum

302 4237 611 4304 instituit.
713 4236 1146 4304 Caeterarum
1209 4238 1740 4304 observationum
1796 4238 2087 4304 ecclesiis
2141 4260 2264 4303 sua

304 4331 402 4389 est
445 4324 880 4407 relinquenda
921 4323 1206 4390 libertas.
1279 4325 1517 4391 Unitas
1562 4324 1740 4390 enim
1785 4324 2092 4392 ecclesiae
2126 4344 2262 4389 non

302 4409 372 4475 in
416 4409 669 4475 eisdem
713 4409 966 4487 ritibus,
1013 4411 1127 4476 sed
1170 4411 1242 4475 in
1287 4410 1512 4477 eadem
1550 4411 1697 4490 fide,
1746 4411 2059 4487 doctrina,
2106 4410 2260 4476 reli-

303 4497 500 4579 gione
536 4504 1100 4562 sacramentorum
1137 4504 1204 4562 et
1243 4497 1622 4581 disciplinae
1657 4499 1975 4564 consistit.
2066 4498 2261 4562 Tem-

300 4602 460 4665 pore
506 4582 968 4666 apostolorum,
1013 4590 1388 4668 martyrum
1433 4593 1500 4649 et
1542 4584 2104 4650 sanctissimorum
2147 4605 2261 4667 pa-

298 4675 481 4751 trum
526 4668 689 4734 haec
729 4671 1127 4747 necessaria,
1184 4669 1340 4735 dum
1384 4670 1668 4735 fideliter
1709 4669 2258 4750 custodiebantur,

304 4756 422 4820 sub
472 4754 751 4821 diversis
792 4756 1027 4821 ritibus
1057 4757 1376 4821 sinceram
1403 4758 1724 4822 unitatem
1752 4757 2258 4822 conservabant:

303 4849 373 4905 at
415 4840 529 4906 ubi
575 4841 697 4907 sub
739 4863 1009 4907 romano
1052 4843 1360 4924 pontifice
1405 4844 1575 4927 ritus
1620 4842 1984 4907 conformes
2027 4844 2097 4905 in
2141 4864 2260 4907 va-

299 4925 420 4993 riis
463 4927 619 4993 licet
653 4928 1027 5012 regionibus
1065 4935 1131 4992 et
1167 4927 1457 4993 ecclesiis
1491 4928 1932 5007 obtinuerunt,
1969 4927 2084 4993 illa
2115 4928 2263 5011 ipsa

301 5015 504 5081 unica
527 5013 761 5079 salutis
797 5014 1223 5079 fundamenta
1259 5022 1327 5078 et
1356 5015 1619 5081 vincula
1637 5014 2032 5080 christianae
2057 5015 2260 5080 socie-

300 5101 491 5179 tatis,
538 5099 778 5165 misere
824 5108 977 5165 sunt
1016 5100 1277 5179 vitiata,
1325 5107 1391 5164 et
1433 5108 1691 5165 tantum
1734 5121 1868 5165 non
1909 5101 2102 5184 plane
2141 5120 2261 5165 no-

297 5184 403 5252 bis
440 5186 936 5253 interciderunt.
1008 5185 1248 5269 Populi
1285 5185 1462 5250 enim
1485 5187 1590 5251 sui
1621 5187 1996 5251 societatem
2033 5185 2264 5252 Chris-

301 5278 412 5338 tus
470 5274 540 5337 in
599 5294 767 5338 novo
825 5280 1248 5349 testament0‚
1307 5280 1385 5336 ut
1417 5270 1502 5336 D.
1550 5272 1963 5355 Augustinus
2017 5271 2259 5351 scribit,

300 5358 705 5429 coadunavit
755 5359 1187 5426 sacramentis
1230 5377 1504 5422 numero
1547 5358 1983 5440 paucissimis,
2042 5359 2262 5423 obser-

2373 977 2726 1070 praetextu
2782 977 3259 1042 communionis
3334 980 3703 1044 necessario
3767 987 3924 1045 sunt
3987 982 4331 1066 exigenda.

2374 1056 2562 1121 Nilul
2616 1058 2835 1141 itaque
2888 1081 2928 1124 a
2969 1063 3488 1142 protestantibus
3532 1066 3820 1145 exsistit,
3878 1089 3997 1132 cur
4050 1067 4330 1146 difficile,

2375 1142 2621 1207 nedum
2674 1145 3074 1228 impossibile
3119 1149 3203 1213 sit
3248 1149 3524 1215 solidam
3569 1157 3634 1215 et
3689 1152 3866 1235 piam
3909 1153 4334 1219 ecclesiarum

2376 1229 2789 1294 concordiam
2830 1234 3191 1298 restituere.
3970 1277 3973 1284 ·

2478 1486 2491 1498 ·
2557 1401 2730 1482 Quod
2772 1403 2832 1466 si
2870 1401 3055 1467 etiam
3073 1406 3357 1486 qenerale
3397 1407 3722 1473 concilium
3758 1415 3876 1489 [fol.
3906 1416 4009 1489 16]
4047 1409 4167 1474 has
4198 1432 4335 1476 mu-

2375 1490 2638 1551 tationes
2668 1507 2789 1553 non
2828 1487 3215 1569 approbaret,
3252 1492 3377 1556 imo
3419 1495 3801 1559 contrarium
3833 1500 4138 1577 statueret,
4174 1517 4334 1578 quae

2375 1592 2519 1652 spes
2585 1579 2737 1638 esset
2800 1575 3184 1640 reducendae
3247 1578 3532 1657 amplius
3592 1580 4001 1662 Germaniae,
4069 1584 4140 1646 in
4192 1584 4347 1652 suis

2376 1658 2770 1740 opinionibus
2811 1660 3190 1741 iampridem
3232 1663 3679 1743 confirmatae?

2547 1796 2761 1876 Quale
2806 1797 3079 1862 concilii
3104 1807 3508 1879 portentum,
3547 1802 3732 1866 Deus
3774 1802 3959 1882 bone,
3998 1805 4107 1868 hic
4142 1804 4330 1870 nobis

2372 1884 2596 1966 fingit,
2659 1883 2730 1947 in
2799 1904 2925 1967 quo
2990 1905 3121 1948 non
3187 1884 3380 1950 modo
3437 1908 3572 1951 non
3633 1889 4104 1971 approbaretur
4158 1891 4332 1973 quod

2374 1967 2627 2033 Christi
2672 1988 2784 2034 ore
2823 1970 3144 2050 sancitum
3191 1983 3323 2048 est,
3371 1969 3484 2036 sed
3529 1974 3874 2039 contrariis
3916 1974 4170 2059 legibus
4214 1998 4328 2059 pa-

2371 2054 2507 2119 lam
2550 2055 2991 2137 abrogaretur.
3081 2056 3261 2120 Hinc
3304 2057 3534 2141 collige
3578 2058 3737 2141 quid
3779 2060 3982 2125 bonae
4026 2063 4165 2143 spei
4208 2083 4327 2125 no-

2372 2140 2472 2205 bis
2514 2141 2711 2206 faeiat
2751 2161 3024 2204 romana
3067 2139 3280 2220 sedes,
3329 2145 3530 2207 etiam
3575 2146 3629 2209 si
3676 2146 4022 2211 concilium
4066 2169 4327 2231 cogere-

2372 2236 2498 2291 tur.
2593 2225 2731 2292 Cur
2774 2227 2980 2310 igitur
3024 2228 3104 2291 ab
3151 2228 3291 2291 eius
3350 2227 3592 2293 decreti
3639 2231 4122 2314 exspectatione
4163 2254 4327 2315 pen-

2373 2312 2661 2391 deamus,
2706 2312 2894 2395 quod,
2942 2313 2999 2378 si
3040 2314 3288 2378 factum
3329 2321 3520 2394 esset,
3565 2317 3911 2398 repudiare
3954 2318 4325 2402 oporteret?

2552 2500 2890 2566 Praeterea
2942 2502 3305 2580 periculum
3370 2509 3485 2582 est,
3552 2525 3628 2568 ne
3668 2510 4082 2584 protestantes
4132 2507 4334 2572 multa

2375 2587 2450 2651 de
2492 2608 2617 2651 sua
2659 2588 2948 2667 opinione
2989 2589 3340 2668 concedant,
3397 2589 3524 2655 imo
3566 2591 3637 2654 id
3677 2611 3875 2654 unum
3918 2614 3960 2654 α
4019 2593 4332 2658 catholicis

2374 2673 2705 2750 obtineant,
2771 2679 2843 2736 ut
2893 2694 3024 2736 una
3079 2694 3288 2738 omnes
3345 2697 3387 2738 a
3437 2677 3581 2740 sede
3635 2677 3973 2757 apostolica
4025 2679 4331 2760 deficiant,

2374 2779 2568 2840 quum
2624 2759 2694 2822 id
2745 2758 2947 2822 solum
2990 2761 3269 2824 maxime
3311 2762 3570 2841 cupiant
3623 2768 3680 2825 et
3735 2762 3807 2826 in
3851 2764 4010 2826 votis
4051 2763 4328 2828 habeant.

2546 2898 2610 2961 A
2654 2896 2838 2961 curia
2880 2895 2987 2961 vel
3030 2896 3183 2961 sede
3227 2897 3427 2961 etiam
3479 2919 3780 2977 romana,
3824 2899 3888 2962 si
3944 2899 4037 2962 ita
4094 2898 4327 2981 placet,

2374 3004 2506 3048 non
2564 2991 2787 3048 tamen
2840 2981 3209 3065 apostolica.
3299 2982 3532 3067 Neque
3576 2985 3752 3050 enim
3798 2983 3979 3050 aliud
4034 2984 4106 3048 in
4159 2985 4329 3050 votis

2373 3069 2624 3134 habent
2687 3069 2987 3134 catholici
3043 3076 3485 3152 protestantes
3540 3092 3739 3153 quam
3791 3078 3866 3135 ut
3920 3070 4168 3136 deiecto
4225 3091 4327 3135 sa-

2371 3164 2566 3220 tanae
2611 3156 2771 3220 solio
2816 3176 2973 3220 vera
3007 3154 3257 3220 Christi
3301 3155 3487 3221 sedes
3530 3157 3665 3221 illic
3708 3159 4027 3240 erigatur,
4084 3156 4154 3220 in
4200 3178 4329 3239 qua

2372 3241 2653 3324 apostoli
2696 3261 2827 3305 non
2855 3240 3226 3306 antichristi
3268 3242 3555 3306 sedeant.
3615 3240 3750 3308 Sed
3794 3242 3918 3307 hoc
3956 3263 4166 3307 unum
4208 3249 4326 3322 est,

2372 3328 2563 3410 quod.
2587 3329 2747 3393 istos
2791 3326 3099 3392 sollicitos
3144 3326 3360 3405 habet,
3406 3350 3491 3393 ne
3535 3349 3733 3412 quam
3777 3329 4091 3394 scelerate
4136 3348 4326 3393 occu-

2368 3422 2616 3495 parunt
2681 3420 2747 3478 et
2801 3413 3175 3478 immaniter
3231 3422 3539 3479 exercent
3592 3414 4015 3499 tyrannidem
4030 3466 4046 3493 ,
4092 3413 4329 3497 spiritu

2368 3500 2500 3564 oris
2543 3500 2647 3563 sui
2691 3498 2999 3565 Christus
3051 3500 3351 3565 conficiat
3410 3508 3475 3564 et
3517 3501 3958 3566 illustratione
4003 3500 4328 3566 adventus

2369 3586 2472 3650 sui
2529 3584 2800 3649 aboleat.
2893 3583 3234 3668 Siquidem
3293 3608 3426 3651 non
3486 3609 3555 3653 88
3596 3587 4037 3652 ministerium
4083 3586 4329 3652 habere

2412 3677 2626 3749 utant,
2672 3670 2789 3735 sed
2831 3671 3187 3735 effraenem
3223 3670 3751 3753 dominationem,
3796 3694 3924 3756 qua
3966 3680 4182 3737 totum
4218 3693 4326 3736 or-

2365 3692 2515 3822 bem
2553 3778 2819 3822 servum
2866 3756 2990 3823 sibi
3033 3763 3100 3821 et
3146 3757 3411 3839 quidem
3454 3759 3825 3824 miserrima
3860 3759 4178 3827 servitute
4224 3766 4322 3822 te-

2365 3851 2595 3920 neant,
2649 3848 2980 3925 utcunque
3037 3864 3107 3908 se
3152 3863 3379 3909 servos
3424 3866 3764 3911 servorum
3812 3865 3946 3908 non
3990 3844 4133 3907 sine
4177 3864 4317 3907 ma-

2362 3930 2602 3994 nifesto
2636 3926 2916 3993 ludibrio
2958 3938 3359 4010 nuncupent.
3432 3929 3672 4009 Quare,
3717 3937 3793 3994 ut
3824 3929 4011 3993 initio
4054 3928 4321 4009 dictum,

2364 4015 2486 4080 hoc
2514 4015 2808 4079 omnium
2829 4036 2994 4097 quae
3015 4014 3336 4097 pontificii
3355 4024 3584 4080 contra
3604 4021 4043 4098 protestantes
4077 4014 4327 4080 habent

2365 4108 2564 4183 caput
2606 4108 2738 4179 est,
2784 4100 2956 4183 quod
3000 4101 3161 4165 dum
3204 4122 3484 4185 regnare
3529 4102 3759 4167 volunt
3812 4100 3886 4163 in
3940 4099 4211 4165 ecclesia
4256 4109 4324 4166 et

2364 4208 2588 4252 rerum
2622 4186 2839 4269 potiri,
2886 4186 3153 4253 Christo
3195 4186 3412 4252 locum
3454 4209 3588 4253 non
3629 4186 4030 4269 relinquunt.

2433 4418 2440 4423 .
2542 4358 2718 4440 Quod
2757 4361 2818 4425 si
2857 4361 3133 4439 evenerit,
3177 4365 3247 4424 ut
3279 4364 3368 4423 est
3401 4359 3581 4424 valde
3621 4358 3978 4440 timendum,
4023 4367 4168 4426 tunc
4200 4384 4324 4427 non

2364 4451 2516 4511 esset
2558 4447 2629 4511 in
2649 4451 2949 4527 potestate
2989 4448 3388 4511 maiestatam
3422 4465 3687 4510 suarum
3718 4447 4072 4526 providere,
4117 4468 4325 4528 quem-

2365 4532 2699 4597 admodum
2752 4534 2979 4599 accidit
3030 4533 3103 4597 de
3148 4531 3402 4597 concilio
3456 4531 3781 4596 indicendo
3838 4533 3910 4596 in
3954 4534 4166 4599 diaeta
4213 4556 4321 4598 ra-

2364 4619 2704 4700 tisponensi
2719 4669 2733 4698 ,
2797 4619 2873 4683 de
2928 4639 3057 4699 qua
3112 4639 3183 4683 re
3239 4621 3441 4683 status
3496 4616 3752 4699 imperii
3797 4619 3935 4683 sine
3992 4620 4322 4685 autoritate

2365 4725 2585 4770 sacrae
2607 4724 2929 4769 caesareae
2950 4704 3300 4769 maiestatis
3341 4704 3826 4768 consti-tutionem
3863 4705 4154 4785 fecerunt,
4198 4707 4319 4770 sic-

2364 4792 2461 4855 uti
2513 4792 2680 4856 dieta
2743 4791 3044 4855 maiestas
3108 4791 3278 4856 alias
3339 4791 3733 4856 sanctissimo
3808 4789 4054 4854 domino
4114 4797 4320 4857 nostro

2365 4876 2755 4960 siynificavit.
2820 4877 3042 4956 Quare,
3087 4882 3156 4941 ut
3197 4876 3334 4941 alia
3377 4877 3750 4954 omittamus,
3801 4880 3915 4954 [fol.
3965 4882 4060 4955 17]
4105 4898 4183 4942 ex
4217 4877 4321 4941 liis

2358 4964 2590 5044 pauci-s
2634 4967 2834 5044 potest
2894 4982 3185 5028 caesarea
3235 4968 3293 5027 et
3364 4965 3537 5046 reyia
3596 4963 3894 5026 maiestas
3967 4982 4319 5046 cognoscere

2367 5051 2521 5130 quid
2542 5050 2924 5130 sperandum
2967 5050 3051 5113 sit
3093 5070 3168 5113 ex
3192 5050 3414 5114 amicis
3458 5048 3816 5112 huiusmodi
3858 5048 4220 5115 tractatibus
4263 5054 4319 5113 et

2367 5136 2687 5216 colloquiis
2719 5155 2862 5200 cum
2894 5136 2987 5200 eis
3030 5135 3347 5201 habendis,

2537 5272 2670 5338 Hic
2725 5271 2876 5337 vide
2939 5274 3335 5355 pastoralem
3386 5272 3905 5337 Romanensium
3961 5292 4186 5338 curam
4252 5279 4317 5337 et

2368 5378 2563 5441 quam
2630 5357 2853 5423 sedulo
2898 5358 3289 5443 advigilent,
3347 5379 3478 5442 quo
3537 5358 3944 5443 gravissimis
4007 5357 4316 5424 ecclesiae
