5100 6061
306 446 432 509 245

301 633 489 700 ribus
535 632 948 699 disseramus.
1037 631 1133 697 At
1175 651 1333 697 vero
1386 630 1598 710 illam,
1658 650 1855 713 quam
1910 629 1991 695 ad
2045 635 2258 696 certos

301 720 605 786 homines
646 717 1067 803 peculiariter
1100 718 1463 795 reiecimus,
1510 715 1803 800 publicae
1835 716 2257 799 professionis

300 807 705 873 functionem
737 804 1114 869 omittemus
1157 804 1229 867 in
1270 824 1612 887 praesens:
1661 802 1742 868 de
1774 824 1901 886 qua
1933 803 2061 867 erit
2090 800 2258 867 forte

303 893 468 960 alias
513 889 939 975 opportunior
970 889 1225 954 dicendi
1254 889 1460 975 locus:
1508 896 1771 954 tantum
1814 887 1987 971 quod
2028 908 2257 971 perae-

304 1001 431 1064 que
475 977 559 1043 ad
601 997 1132 1059 unumquemque
1176 996 1212 1038 e
1257 975 1494 1058 populo
1551 976 1908 1058 pertineat,
1963 974 2256 1057 inquire-

304 1088 475 1143 mus,
518 1062 778 1147 qualem
819 1061 1069 1127 scilicet
1109 1062 1579 1127 confessionem
1622 1060 1847 1143 exigat
1876 1080 1917 1124 a
1949 1060 2087 1125 suis
2116 1061 2257 1125 Do-

305 1154 559 1228 minus,
619 1149 734 1232 qui
788 1148 962 1213 inter
1004 1147 1240 1230 impios
1296 1147 1506 1230 sparsi
1562 1146 1891 1230 palatique
1936 1144 2181 1230 degant
2205 1146 2256 1223 ยน)

307 1261 383 1304 eo
426 1239 498 1302 in
541 1235 699 1312 locO,
747 1233 922 1299 unde
967 1254 1160 1298 verae
1201 1233 1541 1316 religionis
1584 1231 1927 1315 disciplina
1970 1230 2253 1297 exsulet:

302 1332 450 1389 tum
495 1320 800 1406 qualibus
842 1321 912 1383 in
957 1327 1230 1384 externa
1272 1320 1446 1384 vitae
1505 1317 1761 1384 actione
1805 1318 1976 1383 notis
2020 1339 2130 1382 eos
2176 1316 2256 1381 ab

298 1408 800 1475 idololatrarum
841 1413 916 1470 tu
924 1406 1053 1484 rba,
1100 1406 1205 1469 cui
1249 1405 1561 1488 permixti
1603 1410 1786 1481 sunt,
1834 1403 2118 1469 differre
2141 1424 2258 1468 ve-

300 1496 395 1560 lit.
455 1494 687 1576 Neque
721 1512 986 1557 rursum
1020 1492 1277 1556 animus
1310 1498 1410 1556 est
1441 1500 1616 1557 certo
1653 1488 1941 1569 definire,
1977 1488 2256 1573 quando,

301 1590 370 1648 et
411 1579 589 1664 apud
634 1599 824 1662 quos,
873 1584 939 1642 et
982 1598 1107 1659 quo
1151 1577 1322 1655 loco,
1381 1583 1447 1642 et
1502 1596 1699 1659 quam
1752 1583 2051 1658 apertum
2105 1574 2259 1640 fidei

301 1689 464 1733 snae
505 1665 958 1731 testimonium
988 1664 1076 1727 sit
1108 1662 1405 1728 editurus
1440 1662 1634 1727 homo
1667 1660 2091 1727 christianus:
2137 1682 2260 1726 nec

300 1753 620 1831 limitare,
676 1757 994 1833 quatenus
1038 1747 1344 1832 progredi
1389 1747 1652 1827 debeat,
1707 1747 1816 1814 vel
1873 1746 1986 1813 ubi
2047 1747 2257 1812 consi-

301 1846 478 1905 stere
521 1837 731 1920 possit
769 1837 935 1902 citra
972 1835 1306 1914 offensam,
1354 1835 1607 1917 quoties
1638 1834 2095 1917 propagandae
2127 1832 2259 1897 Dei

300 1925 550 2010 gloriae
594 1922 811 1988 oblata
853 1922 1128 2001 occasio,
1171 1929 1290 1985 aut
1330 1941 1477 2004 spes
1522 1940 1777 2003 quoquo
1826 1918 2014 1984 modo
2059 1921 2257 2002 profi-

301 2010 517 2077 ciendi
560 2010 735 2074 facta
766 2007 981 2072 fuerit.
1045 2005 1232 2087 Quae
1268 2007 1637 2090 disputatio,
1683 2017 1945 2087 praeter
1978 2004 2047 2070 id
2081 2004 2257 2088 quod

298 2116 506 2181 prope
548 2096 875 2159 immensa
914 2093 1110 2171 foret,
1156 2093 1355 2157 etiam
1401 2093 1482 2157 ab
1528 2092 1651 2157 hoc
1696 2090 1971 2156 docendi
2015 2111 2256 2174 genere

298 2181 610 2247 nonnihil
653 2189 755 2245 est
795 2179 1034 2243 aliena:
1080 2178 1251 2260 quod
1285 2178 1482 2244 certis
1517 2176 1765 2261 regulis
1799 2176 2047 2241 includi
2081 2196 2255 2241 com-

297 2265 752 2352 prehendique
798 2271 1096 2347 nequeat.
1187 2265 1414 2346 Neque
1453 2264 1631 2329 enim
1667 2262 1786 2341 illi,
1830 2284 2029 2345 quam
2063 2284 2103 2327 a
2138 2284 2256 2327 no-

298 2355 402 2421 bis
456 2352 736 2435 requirit
786 2351 1029 2417 Petrus
1087 2350 1152 2432 (1
1204 2351 1385 2415 Petr.
1449 2353 1516 2429 3,
1571 2348 1698 2433 15),
1753 2347 2256 2432 promptitudini

298 2441 469 2505 fines
512 2436 955 2521 praescribere
998 2436 1187 2502 facile
1232 2445 1347 2513 est,
1393 2455 1598 2518 quum
1642 2434 1788 2501 vult
1829 2456 1949 2499 nos
1992 2442 2256 2518 paratos

296 2547 444 2592 esse
492 2523 578 2590 ad
621 2521 1154 2607 respondendum
1208 2522 1475 2588 cuilibet
1527 2521 1849 2604 poscenti,
1906 2528 1982 2585 ut
2029 2521 2256 2602 loqua-

294 2633 450 2677 mur
486 2610 568 2675 de
614 2630 689 2675 ea
731 2631 897 2692 quae
936 2609 1009 2673 in
1053 2608 1240 2673 nobis
1282 2614 1401 2685 est,
1448 2627 1589 2690 spe:
1638 2628 1759 2673 nec
1801 2604 1960 2672 item
2001 2606 2258 2690 ingenti

296 2697 397 2762 illi
439 2695 871 2763 celebrandae
913 2695 1200 2778 nominis
1244 2693 1407 2773 Dei,
1451 2694 1768 2777 regnique
1814 2693 1955 2758 eius
1998 2692 2255 2776 magni-

297 2784 606 2849 ficentiae
642 2781 879 2859 studio,
917 2800 1048 2863 quo
1084 2780 1531 2846 exsultantem
1567 2786 2105 2861 aestuantemque
2129 2778 2259 2843 Dei

298 2868 620 2953 populum
664 2866 990 2932 inducunt
1041 2867 1427 2949 prophetae,
1484 2886 1685 2948 quum
1736 2866 1831 2930 ita
1885 2865 2277 2947 loquentem

298 2956 559 3022 faciunt
613 2952 767 3039 (Ies.
808 2957 865 3033 2,
906 2956 979 3033 3,
1014 2953 1218 3018 Mich.
1261 2958 1319 3032 4,
1360 2953 1457 3037 2):
1496 2952 1768 3032 Venite,
1827 2950 2257 3017 ascendamus

297 3044 371 3106 in
414 3051 709 3106 montem
754 3039 1047 3118 Domini,
1093 3038 1176 3104 ad
1221 3038 1487 3103 domum
1520 3038 1652 3103 Dei
1686 3037 1909 3104 Iacob:
1957 3046 2024 3104 et
2067 3038 2257 3104 doce-

299 3128 397 3194 bit
439 3148 562 3192 nos
607 3126 689 3191 de
729 3126 853 3191 viis
896 3126 1049 3206 suis,
1095 3132 1162 3190 et
1184 3124 1662 3190 ambulabimus
1708 3125 1780 3190 in
1812 3125 2062 3190 semitis
2097 3126 2253 3190 eius.

301 3212 563 3294 Quibus
605 3213 824 3278 verbis
870 3211 977 3296 (ut
1010 3210 1341 3292 videmus)
1384 3212 1558 3276 inest
1600 3231 1807 3294 paene
1851 3210 2137 3276 clamosa
2170 3209 2257 3275 ad

302 3298 743 3382 appetendam
787 3297 917 3362 Dei
958 3319 1033 3363 co
1081 3299 1396 3368 nitionem
1441 3297 1818 3362 cohortatio.
1907 3297 2055 3362 Iam
2101 3315 2256 3362 vero

300 3393 400 3450 tot
444 3383 644 3450 Pauli
690 3382 770 3449 de
814 3391 1037 3451 soctan
1085 3404 1125 3447 a
1177 3381 1625 3449 aedificatione
1668 3392 2017 3466 praecepta
2059 3403 2257 3465 quam

301 3472 435 3536 late
479 3476 784 3554 pateant,
828 3470 973 3553 quis
1015 3491 1151 3534 non
1195 3467 1417 3534 videt?
1474 3476 1549 3532 ut
1606 3468 1858 3533 nullam
1912 3469 2258 3534 certiorem

300 3556 518 3642 legem
555 3562 934 3639 exspectare
970 3555 1265 3633 debeant,
1304 3555 1415 3637 qui
1435 3573 1598 3619 vera
1632 3575 1790 3638 erga
1812 3553 2033 3619 Deum
2068 3575 2259 3618 suum

301 3645 545 3726 pietate
589 3650 747 3707 sunt
789 3642 1035 3720 affecti,
1078 3661 1278 3724 quam
1319 3647 1393 3705 ut
1436 3646 1730 3706 sanctam
1773 3641 1915 3705 eius
1954 3641 2258 3705 maiesta-

302 3739 438 3794 tem
484 3729 624 3812 (cui
666 3735 836 3792 totos
879 3749 1021 3793 esse
1065 3733 1477 3793 consecratos
1511 3747 1587 3791 ac
1624 3725 1891 3793 devotos
1935 3727 2110 3808 ipsos
2146 3725 2258 3790 de-

302 3816 434 3898 cet)
493 3834 879 3896 quacunque
934 3813 1155 3879 licebit
1207 3812 1547 3878 commoda
1600 3813 1854 3877 ratione
1897 3812 2255 3878 illustrent:

303 3923 437 3966 non
457 3900 662 3965 alium
685 3900 808 3964 sibi
844 3901 1045 3963 finem
1081 3896 1432 3963 modumve
1456 3899 1595 3963 eius
1617 3898 2047 3963 illustrandae
2067 3919 2258 3981 prae-

304 3987 604 4065 stituant,
650 4005 848 4068 quam
891 3995 967 4049 ut
1008 3984 1313 4050 omnibus
1358 3985 1769 4050 occasionum
1805 3984 2099 4049 articulis
2135 3985 2258 4048 im-

302 4075 623 4150 mineant,
668 4071 1013 4153 omniaque
1102 4079 1176 4135 ut
1217 4071 1310 4148 ita
1354 4069 1592 4151 dicam)
1650 4071 2062 4136 continenter
2107 4091 2256 4154 cap-

304 4165 451 4223 tent
485 4164 835 4237 momenta,
872 4178 1071 4240 quam
1124 4156 1187 4222 'u
1224 4155 1468 4239 aliquid
1490 4178 1561 4221 se
1583 4177 1774 4239 posse
1810 4157 2068 4222 efficere
2104 4176 2257 4221 con-

303 4243 532 4309 fident.
601 4243 793 4308 Alius
827 4242 1092 4326 quidem
1136 4242 1263 4308 alio
1300 4250 1366 4307 et
1399 4243 1858 4325 praestantius,
1905 4250 1972 4308 et
2002 4242 2255 4320 fortius,

304 4337 372 4395 et
414 4330 848 4395 constantius:
896 4350 1123 4394 omnes
1159 4337 1382 4394 tamen
1421 4328 1549 4395 huc
1585 4328 1849 4412 singuli,
1896 4328 2257 4394 secundum

304 4416 558 4500 gratiae
603 4436 760 4480 suae
801 4414 1096 4492 modum,
1143 4415 1337 4480 simul
1382 4413 1798 4481 contendant.
1889 4413 2143 4495 Quare,
2186 4421 2259 4479 ut

305 4500 625 4580 diximus,
673 4502 744 4565 in
787 4500 969 4564 illam
1014 4499 1175 4566 adeo
1218 4500 1431 4567 fusam
1474 4500 1979 4585 disputationem
2023 4521 2257 4583 exspa-

301 4588 474 4668 tiari,
522 4608 657 4653 non
699 4594 798 4652 est
839 4587 1039 4652 huius
1073 4587 1197 4652 loci
1234 4588 1601 4670 proprium:
1647 4608 1773 4670 quo
1814 4609 1947 4653 non
1991 4588 2258 4653 univer-

302 4694 454 4738 sum
491 4673 832 4757 complecti
866 4677 1017 4752 [pag.
1051 4678 1154 4752 lo]
1188 4673 1594 4756 propositum
1631 4680 1747 4751 est,
1796 4680 2115 4756 quantum
2150 4672 2258 4741 vel

302 4760 581 4825 Domini
635 4759 907 4843 gloriae,
952 4758 1061 4823 vel
1115 4757 1548 4825 aedificationi
1604 4759 1945 4824 hominum
2001 4758 2255 4837 debeas,

302 4843 420 4911 sed
465 4845 790 4910 duntaxat
832 4845 1122 4912 breviter
1165 4846 1534 4924 ostendere,
1595 4867 1760 4928 quae
1805 4847 1923 4912 tibi
1967 4846 2112 4912 istic
2156 4847 2256 4910 in-

302 4937 409 4996 ter
453 4932 689 5015 impios
733 4932 985 5016 agenti,
1032 4931 1399 4996 necessario
1442 4931 1730 4997 tenenda
1772 4933 1859 4997 sit
1903 4933 2146 4997 cautio:
2194 4939 2260 4997 et

304 5038 509 5101 quam
560 5018 1114 5101 praetermittere,
1169 5017 1330 5098 quin
1385 5023 1451 5081 te
1506 5018 1796 5100 profanis
1849 5017 2112 5084 illorum
2156 5038 2257 5083 sa-

302 5104 592 5187 crilegiis
630 5104 951 5187 inquineS,
998 5124 1129 5167 non
1173 5102 1399 5186 possis.

447 5379 504 5444 1)
543 5378 694 5432 ฮแพฑแฝฑ.
726 5394 860 5433 rece.
897 5394 1078 5432 omnes
1115 5376 1251 5431 15โท6
1286 5392 1425 5447 seqq.
1464 5377 1774 5431 emendant.-
1810 5377 2028 5446 degunt.

1497 442 1626 508 DE
1668 440 2188 511 FUGIENDIS
2232 443 2717 513 IMPIORUM
2759 442 3111 513 SAORJS.

4188 452 4314 516 246

2534 633 2635 699 Ac
2678 635 2987 717 quoniam
3030 633 3349 718 quidquid
3392 634 3473 702 de
3516 636 3642 703 hac
3676 658 3750 703 re
3794 639 4133 722 scripturis
4177 648 4316 705 traฮ

2362 716 2573 783 ditum
2598 726 2715 799 est,
2739 742 2967 785 eorum
3001 722 3387 803 praesertim
3423 742 3620 789 causa
3651 734 4071 807 praeceptum
4112 726 4315 793 fuisse

2361 803 2642 883 videtur,
2671 807 2779 888 qui
2814 807 2991 872 inter
3025 814 3256 891 gentes
3291 806 3422 873 Dei
3456 809 3836 892 ignorantes
3872 820 4314 892 versarentur,

2359 888 2720 972 plurimum
2745 898 2964 956 autem
2986 891 3162 958 inter
3185 892 3450 958 illarum
3472 894 3927 975 idololatriam,
3969 904 4035 961 et
4069 919 4313 978 eorum,

2359 975 2748 1057 quibuscum
2793 976 2988 1041 hodie
3023 979 3209 1044 nobis
3253 979 3591 1063 negotium
3637 990 3739 1047 est
3781 983 4316 1065 superstitionem

2358 1061 2676 1127 interesse
2698 1061 2900 1145 vulgo
2933 1064 3330 1143 existimant,
3368 1065 3570 1148 (quod
3603 1066 3767 1133 haec
3800 1068 3928 1132 Dei
3964 1076 4032 1133 et
4066 1067 4318 1134 Christi

2359 1148 2625 1212 nomine
2659 1147 3131 1230 quodammodo
3175 1151 3435 1217 obtecta
3478 1153 3702 1218 fucum
3742 1154 3923 1221 facit:
3971 1154 4088 1219 illa
4123 1155 4315 1238 paulo

2361 1234 2678 1299 crassiore
2710 1234 3083 1317 ignorantia
3115 1238 3358 1301 summi
3390 1238 3523 1302 Dei
3557 1238 3806 1304 cultum
3841 1239 4059 1323 palam
4095 1262 4317 1324 asper-

2362 1318 2675 1403 nabatur)
2718 1340 2858 1397 nos,
2903 1319 3036 1385 illa
3058 1320 3241 1402 prius
3283 1342 3737 1405 proponemus,
3784 1347 3953 1408 quae
3997 1327 4067 1390 in
4110 1328 4314 1410 scrip-

2360 1405 2531 1470 turis
2556 1412 2821 1471 exstant
2851 1412 3225 1489 praecepta:
3265 1407 3498 1474 deinde
3528 1411 3746 1476 oculos
3769 1411 3852 1476 ad
3886 1419 4115 1478 nostra
4148 1419 4316 1476 tem-

2360 1512 2521 1574 pora
2563 1492 2949 1569 referemus,
3006 1498 3073 1556 et
3127 1513 3211 1556 ex
3255 1514 3478 1558 rerum
3523 1497 3983 1575 similitudine,
4030 1497 4187 1581 quid
4232 1498 4317 1562 ad
4397 1509 4402 1513 โ

2361 1598 2483 1642 nos
2536 1577 2939 1661 pertineant,
2987 1576 3422 1660 dispiciemus.
3492 1578 3885 1665 Quanquam
3942 1605 4074 1648 nou
4118 1584 4315 1649 video

2362 1684 2478 1728 cur
2534 1672 2802 1728 aeterna
2854 1663 2983 1727 Dei
3038 1662 3352 1729 mandata
3404 1665 3500 1728 ita
3553 1668 3751 1733 unius
3809 1669 4049 1735 saeculi
4105 1671 4314 1752 spatio

2362 1750 2818 1814 terminemus:
2866 1748 2980 1814 scd
3004 1749 3182 1815 hunc
3215 1748 3510 1815 ordinem
3540 1753 3881 1836 imperitiS,
3928 1776 4012 1819 ne
4055 1757 4202 1838 quis
4244 1756 4316 1820 in

2362 1856 2591 1900 eorum
2612 1836 2847 1900 animis
2869 1835 3217 1918 scrupulus
3251 1834 3551 1917 resideat,
3582 1838 4028 1905 concedemus,
4088 1840 4315 1922 Quum

2360 1920 2506 2005 lege
2529 1943 2652 1986 sua
2671 1921 2998 1986 Dominus
3022 1920 3198 1987 idola
3223 1922 3346 1986 coli
3383 1934 3501 1987 aut
3533 1923 3790 1989 adorari
3826 1927 4039 1990 vetuit
4071 1927 4312 2012 (Exod.

2363 2009 2463 2085 20,
2495 2008 2588 2091 4),
2615 2007 2738 2072 hoc
2774 2007 2985 2090 capite
3021 2014 3234 2071 totum
3257 2007 3447 2072 illum
3471 2018 3820 2074 externum
3856 2011 4106 2076 cultum
4142 2034 4315 2078 com-

2358 2090 2602 2175 plexus
2648 2100 2775 2170 est,
2843 2113 3039 2176 quom
3097 2093 3352 2158 deferre
3405 2096 3540 2160 suis
3593 2095 3789 2161 idolis
3843 2098 4027 2179 impii
4086 2098 4311 2164 solent.

2360 2177 2535 2243 Nam
2549 2186 2618 2243 et
2628 2178 2867 2259 verbis,
2878 2179 3111 2261 quibus
3133 2201 3290 2245 usus
3303 2187 3419 2261 est,
3451 2202 3528 2246 ea
3550 2181 3723 2247 inest
3742 2185 4133 2265 proprietas:
4157 2205 4316 2268 quo-

2360 2286 2511 2328 rum
2538 2265 2824 2329 alterum
2858 2265 3212 2342 incurvari,
3265 2264 3552 2331 alterum
3587 2267 3911 2335 honorare
3954 2270 4310 2353 significat:

2359 2359 2427 2415 et
2448 2371 2594 2414 eam
2618 2350 3017 2423 adorationis
3041 2351 3327 2436 speciem
3371 2360 3664 2418 notatam
3709 2375 3851 2420 esse
3872 2364 4142 2434 constat,
4188 2375 4317 2438 qua

2359 2434 2579 2520 lignea
2633 2435 2974 2519 lapideave
3019 2438 3372 2503 simulacra
3415 2440 3702 2521 corporis
3747 2449 3940 2524 gestu
3985 2441 4312 2507 coluntur.

2360 2521 2547 2588 Haec
2591 2521 2810 2605 itaque
2856 2523 3232 2609 interdictioโธ
3272 2533 3390 2602 est,
3439 2544 3568 2588 non
3607 2545 3737 2608 qua
3771 2526 4157 2609 simpliciter
4199 2548 4315 2610 po-

2360 2607 2595 2691 pulum
2633 2630 2827 2672 suum
2861 2609 3193 2675 Dominus
3226 2609 3573 2694 prohibeat
3605 2612 3675 2675 in
3709 2612 3757 2676 li
3856 2632 3894 2675 o
3930 2621 4046 2677 aut
4080 2612 4314 2696 lapide,

2362 2695 2663 2777 gentium
2719 2696 2945 2773 instar,
3006 2696 3485 2778 obstupescere,
3532 2695 3649 2762 sed
3688 2697 3758 2761 ul
3784 2719 3821 2762 o
3864 2697 4057 2763 modo
4099 2700 4317 2781 profa-

2359 2800 2519 2844 nam
2570 2801 2794 2844 earum
2847 2780 3269 2846 stoliditatem
3331 2782 3607 2861 imitari,
3675 2804 3896 2848 coram
3947 2784 4315 2849 simulacris

2361 2886 2503 2931 sese
2543 2865 2810 2931 honoris
2844 2886 3039 2932 causa
3071 2867 3572 2950 prosternendo,
3617 2878 3733 2933 aut
3774 2869 3970 2934 aliam
4013 2869 4316 2952 quamvis

2360 2950 2817 3018 observantiae
2841 2952 3382 3037 significationem
3418 2948 3651 3035 dando,
3689 2955 3951 3038 qualem
3987 2955 4161 3035 dare,
4200 2961 4319 3019 aut

2361 3037 2608 3104 nudato
2633 3040 2863 3123 capite,
2889 3047 3004 3104 aut
3025 3061 3202 3124 genu
3224 3041 3396 3105 flexo
3433 3040 3621 3107 nobis
3654 3042 3722 3106 in
3759 3063 3941 3107 more
3979 3050 4094 3107 est.
4166 3040 4318 3122 Qua

2361 3126 2616 3191 ratione
2659 3126 2774 3190 ubi
2816 3146 3023 3208 puros
3066 3126 3168 3191 sui
3211 3126 3491 3192 cultores
3535 3127 3862 3205 describit,
3911 3130 3993 3194 ab
4038 3129 4160 3193 hac
4204 3149 4315 3194 eos

2362 3219 2520 3276 nota
2589 3210 2915 3296 designat:
2986 3209 3308 3292 Servabo,
3335 3215 3379 3294 ยน)
3446 3212 3663 3295 inquit
3727 3214 3794 3299 (1
3834 3215 4000 3299 Reg.
4044 3219 4141 3294 19,
4187 3214 4316 3298 18),

2360 3297 2525 3362 mihi
2550 3306 2802 3382 septem
2826 3298 3032 3362 millia
3056 3297 3369 3364 virorum.
3430 3297 3652 3379 Quid?
3689 3321 3776 3364 an
3813 3322 4093 3383 quorum
4121 3298 4317 3366 corda

2360 3404 2491 3449 non
2532 3392 2692 3449 sunt
2725 3385 3015 3448 vanitate
3059 3405 3136 3449 ac
3169 3383 3527 3451 mendaciis
3561 3386 3728 3451 Baal
3770 3386 4133 3452 infatuata?
4181 3408 4316 3451 non

2362 3468 2432 3534 id
2471 3468 2690 3534 modo:
2739 3467 2856 3534 sed
2897 3490 3179 3553 quorum
3216 3492 3432 3554 genua
3475 3491 3610 3536 non
3651 3480 3807 3537 sunt
3849 3482 4119 3539 curvata
4160 3479 4314 3539 ante

2362 3555 2548 3632 Baal,
2586 3562 2653 3620 et
2692 3575 2973 3637 quorum
3009 3576 3126 3620 ora
3158 3578 3291 3621 non
3327 3564 3486 3623 sunt
3517 3560 3813 3624 osculata
3847 3580 4119 3624 manum
4155 3559 4314 3624 eius.

2361 3639 2744 3723 Eodemque
2781 3639 2868 3705 ali
2917 3641 2930 3654 โ
2972 3642 3287 3727 symbolo,
3333 3664 3536 3725 quum
3580 3645 4063 3729 agnoscendam
4107 3646 4317 3710 omni-

2361 3727 2486 3791 bus
2530 3735 2598 3791 et
2637 3725 2899 3792 coelesti
2945 3748 3027 3792 us
3072 3734 3140 3791 et
3182 3728 3599 3794 terrestribus
3617 3780 3633 3808 ,
3680 3738 3747 3794 et
3787 3730 4080 3809 inferniS,
4126 3751 4319 3795 suam

2362 3813 2771 3878 maiestatem
2839 3813 3151 3893 affirmat,
3221 3815 3625 3897 agnitionem
3699 3817 3912 3898 ipsam
3978 3816 4316 3898 exprimit:

2362 3899 2536 3964 Mihi
2591 3897 2809 3982 inquit
2859 3899 3014 3980 (les.
3062 3903 3176 3978 45,
3224 3902 3365 3983 23),
3435 3902 3818 3967 curvabitur
3870 3921 4064 3966 omne
4119 3922 4316 3985 genu,

2362 3992 2428 4050 et
2470 3984 2684 4050 omnis
2728 3983 2958 4067 lingua
2983 3985 3056 4048 in
3090 3985 3359 4051 nomine
3394 4007 3541 4052 meo
3584 3986 3839 4052 iurabit.
3913 3985 4060 4067 Quo
4089 3996 4319 4052 contra

2363 4070 2667 4148 efficitur,
2709 4068 3135 4135 simulacrum
3174 4072 3255 4136 ab
3289 4072 3371 4137 iis
3406 4073 3537 4138 Dei
3573 4072 3887 4156 religione
3930 4073 4315 4153 consecrari,

2362 4158 2475 4240 qui
2520 4156 2657 4221 ullo
2702 4156 2992 4239 corporis
3026 4162 3219 4241 gestu
3254 4159 3394 4223 eius
3429 4157 3684 4225 cultum
3720 4159 4112 4242 significant.
4182 4158 4246 4223 N
4249 4181 4316 4223 e-

2361 4263 2487 4327 que
2532 4241 2616 4307 ad
2676 4262 2901 4307 eorum
2941 4240 3453 4308 convincendam
3495 4245 4126 4327 praevaricationem
4168 4250 4316 4325 [pag.

2370 4335 2473 4409 11]
2530 4329 2833 4408 interest,
2893 4350 3021 4412 qua
3064 4328 3132 4394 id
3177 4329 3284 4397 vel
3301 4329 3359 4414 2)
3404 4330 3848 4408 simulatione,
3877 4330 4000 4414 โธvel
4046 4331 4316 4396 sinceri-

2361 4421 2497 4479 tate
2536 4414 2796 4480 faciant.
2884 4413 3149 4481 Idolum
3189 4415 3368 4480 enim
3402 4416 3775 4499 quicunque
3810 4423 3911 4482 est
3944 4416 4164 4500 aliqua
4198 4438 4315 4484 ve-

2361 4501 2721 4566 nerationis
2780 4502 2994 4584 specie
3046 4508 3512 4586 prosequutus,
3575 4511 3911 4585 utcunque
3968 4504 4054 4568 sit
4096 4504 4315 4569 animo

2361 4608 2732 4671 persuasus,
2755 4587 2974 4652 Deum
2999 4608 3142 4653 esse
3180 4589 3513 4654 confessus
3548 4597 3663 4653 est.
3731 4589 4121 4656 Divinitatis
4157 4609 4313 4657 vero

2360 4694 2603 4739 nomen
2656 4670 2828 4738 idolo
2880 4673 2992 4755 qui
3046 4675 3304 4753 tribuit,
3349 4673 3495 4739 Deo
3548 4674 3835 4741 sustulit.
3903 4675 4136 4758 Itaque
4179 4682 4314 4741 tres

2359 4760 2456 4824 illi
2479 4758 2779 4825 Danielis
2817 4758 3103 4838 comites,
3147 4761 3373 4843 quanti
3412 4762 3734 4827 eiusmodi
3776 4763 3944 4828 foret
3964 4761 4310 4842 simulatio,

2362 4844 2723 4911 docuerunt
2758 4845 2957 4927 (Dan.
3008 4850 3065 4923 3,
3115 4846 3248 4931 16):
3278 4846 3514 4929 quibus
3536 4868 3769 4931 corpus
3794 4849 4048 4914 accensi
4091 4848 4310 4914 fornaฮ

2361 4932 2455 4998 cis
2498 4930 2782 4997 flammis
2837 4931 3192 4998 crudeliter
3235 4933 3717 5000 absorbendum
3761 4934 4052 5014 tradere,
4096 4933 4307 5002 levius

2503 5239 2561 5305 1)
2604 5238 2696 5293 Sic
2742 5240 2863 5295 edd.
2910 5241 3113 5296 latinae
3161 5258 3359 5296 omnes.
3443 5243 3628 5298 Versio
3665 5242 3866 5310 qalliea
3900 5243 4029 5296 bene
4064 5244 4307 5314 archety-

2354 5325 2490 5377 pum
2538 5309 2724 5362 vertit.-
2771 5311 2820 5363 ie
2857 5326 2941 5363 me
2979 5312 3091 5366 suis
3126 5313 3359 5366 reserve.
3565 5309 3624 5376 2)
3661 5311 3776 5379 vel,
3826 5312 4083 5366 omittunt
4125 5328 4313 5368 omnes

2359 5384 2578 5446 praeter
2617 5376 2726 5431 Ed.
2755 5379 3076 5448 principem.

3803 5462 3898 5517 16*
