5100 6061
776 442 861 506 83
2418 439 2545 503 DE
2590 433 3134 502 CLEMENTIA
3896 491 3909 505 .
4690 438 4772 503 84

776 630 981 713 nigne
1048 629 1317 711 excepit.
1417 627 1804 693 Pontificem
1866 625 2088 691 statim
2155 624 2532 690 declaravit:
2603 645 2723 689 nec

778 713 990 779 multo
1025 724 1173 798 post
1216 713 1549 778 consulem
1593 714 1897 790 instituit,
1942 721 2011 776 et
2053 709 2291 794 Syriae
2335 720 2720 792 praetorem.

778 801 1070 865 Antonio
1114 799 1284 882 apud
1331 799 1593 863 Actium
1639 798 1958 880 posterius
2003 797 2296 874 devicto,
2339 794 2572 860 consul
2621 797 2724 860 ius

777 886 1017 969 populo
1061 885 1442 968 plerumque
1487 883 1684 962 dixit,
1738 883 2033 966 seditque
2086 903 2204 965 pro
2249 881 2480 946 rostris
2523 902 2600 945 eo
2653 881 2723 945 in

778 972 936 1049 1000,
976 993 1101 1054 quo
1145 980 1339 1055 caput
1380 972 1672 1053 parentis
1694 970 1837 1034 eius
1858 987 2219 1050 manusque
2254 965 2719 1051 pependerant.

783 1058 996 1122 Autor
1035 1057 1380 1140 Appianus
1419 1055 1525 1120 lib.
1573 1055 1692 1119 IV.
1782 1053 1990 1120 Addit
2029 1050 2427 1119 Plutarchus
2472 1053 2542 1116 in
2568 1052 2726 1116 Vita

784 1142 1135 1220 Ciceronis,
1181 1142 1495 1226 collegam
1539 1162 1681 1206 esse
1727 1141 2107 1224 adoptatum
2152 1140 2221 1202 in
2265 1138 2607 1203 consulatu
2644 1138 2726 1202 ab

787 1229 1108 1312 Augusto,
1149 1249 1276 1310 quo
1323 1233 1469 1306 [pag.
1510 1231 1616 1306 74]
1662 1247 1831 1290 anno
1868 1234 2134 1290 senatus
2170 1233 2416 1289 statuas
2452 1224 2728 1288 Antonii

783 1314 1031 1389 deiecit,
1079 1336 1154 1378 ac
1198 1313 1511 1379 nonnulla
1562 1323 1944 1378 ornamenta
1997 1309 2306 1376 abolevit:
2366 1320 2439 1373 ut
2504 1309 2726 1374 divino

782 1399 1060 1481 quodam
1095 1401 1228 1463 sato
1265 1399 1497 1463 ultima
1539 1399 1699 1463 ultio
1744 1398 1826 1461 ad
1871 1396 2205 1462 Ciceronis
2242 1396 2507 1460 domum
2553 1394 2725 1459 redi-

782 1493 901 1550 ret.
990 1486 1055 1550 N
1057 1505 1141 1549 on
1178 1486 1383 1581 igitur
1417 1484 1531 1550 abs
1579 1507 1648 1548 re
1690 1492 1882 1547 vocat
1921 1504 2028 1547 eos
2073 1481 2328 1547 Seneca
2365 1483 2592 1546 florem
2636 1482 2725 1546 ci-

783 1571 1021 1647 vitatis,
1069 1572 1180 1653 qui
1226 1593 1355 1636 non
1402 1569 1789 1634 mediocrem
1832 1569 2045 1633 locum
2090 1569 2484 1633 obtinebant.

958 1658 1182 1737 Ipsum
1240 1653 1577 1740 Lepidum]
1644 1655 1948 1720 Primum
2016 1662 2161 1737 post
2226 1652 2550 1718 tumultus
2609 1673 2727 1735 per

781 1743 1097 1806 Fulvium
1142 1752 1208 1806 et
1251 1743 1329 1807 L.
1376 1740 1746 1805 Antonium
1788 1741 2099 1804 excitatos
2144 1738 2424 1804 divisum
2466 1745 2572 1803 est
2623 1739 2725 1802 in-

783 1841 885 1894 ter
921 1851 1028 1893 eos
1072 1829 1436 1911 imperium.
1528 1824 1765 1891 Omnis
1809 1825 1892 1889 ad
1927 1827 2247 1905 orientem
2291 1833 2539 1890 tractus
2583 1824 2724 1888 An-

781 1916 957 1979 tonio
1011 1934 1384 1989 concessus,
1432 1910 1698 1995 Caesari
1755 1912 2103 1976 attributae
2155 1919 2373 1993 partes
2430 1909 2513 1974 ad
2560 1911 2727 1975 occi-

783 1999 1073 2075 dentem,
1142 2000 1233 2062 ita
1294 2010 1370 2063 ut
1432 1998 1789 2062 terminum
1854 1998 2141 2062 facerent
2206 1998 2467 2060 Ionium
2527 2016 2724 2061 mare.

783 2085 1037 2167 Lepido
1074 2085 1390 2166 permissa
1433 2085 1673 2149 Africa.
1762 2084 1906 2147 Iam
1965 2091 2107 2146 tum
2153 2081 2455 2147 Caesaris
2498 2091 2728 2164 poten-

783 2172 873 2233 tia
918 2191 1117 2251 supra
1160 2169 1492 2253 Lepidum
1537 2169 1943 2246 efferebatur,
1990 2190 2191 2250 quum
2242 2179 2460 2232 tamen
2506 2167 2728 2232 hacte-

785 2277 907 2319 nus
950 2265 1016 2319 et
1053 2256 1368 2338 dignitate
1404 2266 1470 2319 et
1504 2255 1747 2319 honore
1792 2253 2085 2337 Lepidus
2129 2253 2427 2337 superior
2480 2254 2723 2318 fuisset

786 2339 897 2406 Sic
956 2352 1173 2404 tamen
1225 2344 1641 2423 quieverunt,
1689 2339 1892 2405 donec
1949 2348 2257 2406 evocatus
2310 2340 2390 2405 ab
2449 2337 2727 2404 Octavio

785 2424 867 2491 ad
922 2427 1237 2490 auxilium
1304 2426 1646 2491 ferendum
1702 2427 1771 2489 in
1832 2425 2270 2509 expugnando
2326 2423 2479 2491 Sex.
2526 2424 2727 2488 Pom-

782 2512 929 2595 peio
975 2512 1252 2575 duarum
1298 2522 1364 2575 et
1407 2512 1674 2596 viginti,
1721 2534 1855 2589 seu,
1904 2520 1978 2575 ut
2014 2511 2123 2575 alii
2167 2511 2431 2587 volunt,
2489 2511 2728 2594 viginti

782 2597 1110 2680 legionum
1179 2598 1416 2663 fiducia
1479 2598 1890 2679 superbiens,
1959 2619 2248 2662 summas
2317 2597 2441 2661 sibi
2506 2607 2728 2678 partes

782 2683 1172 2748 vendicaret.
1274 2685 1445 2748 Tum
1515 2681 1832 2750 Octavius
1900 2691 2112 2749 castra
2165 2684 2307 2748 eius
2364 2683 2724 2767 ingressus,

783 2769 1081 2851 quamvis
1119 2770 1349 2852 capitis
1385 2768 1779 2847 discrimine,
1814 2790 2034 2834 rerum
2070 2778 2292 2833 tamen
2328 2770 2573 2851 potitus
2610 2781 2725 2846 est,

783 2863 849 2918 et
884 2868 1195 2936 exceptus
1246 2854 1638 2921 salutatione
1682 2853 1965 2918 militari.
2048 2855 2341 2937 Lepidus
2384 2856 2579 2919 rebus
2617 2855 2728 2918 de-

782 2942 1056 3023 speratis
1080 2942 1283 3005 vitam
1318 2941 1692 3023 impetravit
1729 2940 1978 3006 abiecto
2020 2942 2429 3024 magistratu,
2470 2942 2537 3003 in
2581 2939 2726 3005 Cir-

781 3028 951 3092 ceios
1007 3026 1360 3111 relegatus,
1417 3027 1529 3093 ubi
1584 3026 1912 3109 reliquum
1957 3028 2129 3092 vitae
2177 3037 2433 3110 tempus
2489 3027 2725 3092 finivit.

780 3113 964 3177 Haec
998 3115 1235 3196 partim
1273 3136 1354 3177 ex
1396 3114 1719 3197 Appian0,
1762 3113 2000 3196 partim
2037 3135 2119 3177 ex
2157 3112 2530 3192 Plutarcho,
2579 3133 2728 3194 par-

780 3200 900 3262 tim
946 3201 1142 3263 etiam
1187 3221 1269 3263 ex
1314 3198 1711 3282 Tranquillo.

961 3284 1087 3348 Per
1139 3285 1361 3350 multos
1412 3305 1611 3349 annos
1652 3283 1821 3370 tulit]
1870 3284 2091 3366 Atque
2135 3283 2203 3348 id
2246 3286 2421 3348 inter
2463 3281 2723 3349 Octavii

780 3369 1008 3434 laudes
1044 3372 1270 3453 reponi
1305 3392 1437 3434 non
1474 3369 1683 3446 debet,
1723 3372 1834 3452 qui
1869 3379 1943 3432 ut
1987 3371 2270 3451 primum
2315 3371 2546 3451 pot-uit,
2595 3371 2727 3434 Le·

780 3455 1008 3538 pidum
1050 3456 1352 3537 spoliavit
1395 3456 1571 3520 omni
1617 3455 1953 3538 dignitate.

955 3541 1122 3604 Eius
1151 3542 1584 3621 pontificatum
1620 3539 1999 3627 maximum]
2039 3540 2332 3622 Lepidus
2367 3553 2516 3623 post
2550 3563 2724 3606 mor-

784 3636 916 3692 tem
977 3627 1133 3691 Iulii
1189 3625 1487 3692 Caesaris
1543 3628 1993 3710 pontificatum
2055 3628 2416 3691 maximum
2480 3629 2727 3694 invasit

780 3733 906 3796 quo
942 3714 1207 3779 functus
1252 3722 1350 3778 est
1393 3713 1473 3776 ad
1519 3723 1793 3778 mortem
1839 3734 2043 3795 usque
2096 3713 2291 3777 etiam
2392 3735 2553 3777 uum
2609 3737 2722 3779 ex-

779 3799 1037 3864 sularet.
1127 3799 1227 3863 Eo
1266 3809 1522 3862 mortuo
1564 3799 1806 3865 Caesar
1844 3797 1924 3862 ad
1961 3820 2030 3863 se
2074 3800 2295 3863 traxit.
2422 3800 2724 3865 reabatur

781 3886 1067 3967 primum
1114 3907 1151 3948 a
1197 3885 1466 3969 collegio
1506 3886 1916 3967 pontificum,
1979 3883 2215 3949 deinde
2260 3885 2381 3949 Cn.
2426 3886 2722 3951 Domitio

781 3969 1041 4035 consule
1111 3971 1214 4034 ius
1281 3971 1744 4054 suffragiorum
1809 3970 1890 4033 ad
1958 3970 2267 4053 populum
2336 3971 2724 4036 translatum

781 4064 937 4120 erat.
1044 4054 1498 4121 Sacerdotium
1565 4064 1705 4120 erat
1773 4056 2154 4138 amplissimi
2223 4056 2502 4122 honoris.
2618 4057 2725 4122 Ita

780 4143 955 4205 enim
992 4143 1456 4224 superstitione
1490 4143 1981 4222 obstrinxerant
2014 4142 2235 4224 populi
2271 4143 2523 4207 animos
2562 4163 2722 4226 pon-

778 4229 1003 4307 tifices,
1051 4237 1123 4291 ut
1168 4236 1389 4292 essent
1434 4231 1679 4311 primae
1725 4230 1792 4291 in
1838 4227 2000 4292 urbe
2044 4228 2410 4293 autoritatis
2465 4228 2723 4310 publice

778 4323 844 4378 et
898 4313 1223 4396 privatim.
1286 4313 1436 4396 lpse
1504 4314 1795 4396 pontifex
1864 4314 2191 4378 maximus
2258 4314 2433 4378 inter
2497 4336 2722 4380 omnes

778 4400 1119 4482 pontifices
1166 4399 1536 4481 spectabilis
1581 4408 1649 4464 et
1691 4399 2263 4463 eminentissimus.

951 4485 1188 4549 Maluit
1220 4486 1385 4548 enim
1427 4486 1605 4549 illum
1650 4485 1938 4551 honorem
2013 4485 2485 4567 Epiphonema.

955 4571 1226 4635 Gratum
1292 4590 1365 4634 ac
1422 4569 1861 4656 favorabilem]
2013 4572 2071 4634 ic
2130 4573 2453 4653 passivam
2523 4573 2723 4638 habet

776 4657 1335 4741 significationem,
1379 4657 1492 4738 qui
1535 4678 1695 4722 usus
1738 4658 2072 4721 autoribus
2115 4658 2324 4740 magis
2364 4658 2716 4722 familiaris.

776 4741 1227 4824 Tranquillus:
1290 4739 1401 4806 Sic
1452 4743 1652 4825 vulgo
1706 4741 2110 4819 favorabilis,
2157 4750 2233 4806 ut
2275 4742 2544 4825 plurimi
2587 4753 2720 4807 tra-

779 4828 952 4906 dant,
1000 4827 1255 4911 quoties
1300 4828 1514 4910 aliquo
1559 4828 1923 4907 adveniret,
1968 4827 2069 4892 vel
2120 4828 2386 4893 sicunde
2432 4827 2720 4893 discede-

780 4925 898 4992 ret,
943 4934 1099 4998 prae
1144 4914 1337 4978 turba
1379 4909 1857 4978 occurrentium
1902 4915 2518 4995 prosequentiumve
2555 4934 2720 4979 non·

779 5022 1111 5083 nunquam
1158 5020 1305 5064 eum
1350 4999 1702 5064 discrimen
1740 4999 1912 5062 vitae
1948 4999 2176 5064 adisse.
2265 4997 2722 5081 Quintilianus

775 5084 941 5148 libro
986 5085 1390 5150 duodecimo:
1438 5085 1529 5148 Et
1571 5084 1860 5166 incipere
1902 5105 2098 5165 quam
2141 5086 2425 5150 maxime
2468 5106 2509 5148 a
2548 5086 2721 5152 facili

778 5192 854 5234 ac
895 5170 1231 5235 favorabili
1277 5189 1472 5235 causa
1514 5169 1729 5233 velim.
1819 5169 2177 5253 Reperitur
2218 5179 2438 5236 tamen
2493 5173 2719 5251 active,

777 5268 1006 5320 contra
1048 5256 1559 5322 observationem
1606 5254 1839 5319 Vallae
1883 5263 1949 5319 et
2001 5256 2339 5336 Beroaldi,
2387 5258 2560 5340 apud
2603 5259 2721 5322 Li-

774 5342 962 5405 vium
1003 5341 1166 5407 libro
1202 5343 1430 5408 XXII.
1525 5340 1627 5405 De
1681 5341 1986 5406 Terentio
2043 5342 2219 5405 enim
2273 5343 2575 5410 Varrone
2627 5344 2721 5409 lo-

2827 642 3055 704 quens,
3101 622 3250 702 iam,
3295 624 3528 706 inquit,
3575 624 3656 688 ad
3680 624 4057 690 consulatus
4093 645 4275 706 spem
4298 646 4500 707 quum
4521 625 4770 691 attolle-

2826 715 2932 772 ret
2973 708 3242 786 animos,
3289 707 3467 772 haud
3497 729 3729 792 parum
3762 709 3993 775 callide
4015 731 4242 775 auram
4265 708 4639 777 favorabilis
4662 732 4770 794 po-

2826 793 2967 875 puli
2987 814 3071 858 ex
3094 792 3435 859 dictatoria
3454 793 3705 859 invidia
3725 798 3904 878 petit.
3962 794 4075 862 Sic
4096 795 4436 879 Vergilius
4472 797 4540 861 in
4566 797 4770 862 Geor-

2826 880 3016 1030 gicis:
3062 880 3465 961 penetrabile
3507 881 3740 965 frigus,
3788 888 3854 945 et
3879 881 4062 946 alibi:
4109 881 4509 966 penetrabile
4550 883 4766 948 telum.

2882 966 2942 1031 ic
2964 964 3290 1045 Valerius,
3328 966 3517 1030 titulo
3554 966 3635 1031 de
3657 965 3935 1032 Observ.
3961 968 4164 1051 relig„
4203 981 4504 1033 senatum
4529 969 4598 1032 in
4623 968 4769 1035 deos

2827 1051 3367 1115 venerabiliorem
3426 1051 3598 1117 dicit.
3702 1054 3795 1117 Et
3867 1052 4035 1118 libro
4090 1054 4211 1118 11:
4274 1054 4768 1120 Venerabilibus

2831 1140 2975 1214 [pag.
3004 1141 3111 1216 75]
3151 1157 3310 1221 erga
3344 1137 3496 1203 deos
3530 1139 3855 1221 obsequiis
3891 1139 4213 1204 iuventus.
4244 1140 4295 1221 ¹)
4373 1140 4768 1220 Insatiabile,

2826 1221 3000 1304 apud
3035 1221 3415 1288 Ciceronem
3450 1223 3613 1289 libro
3648 1223 3929 1289 secundo
3968 1224 4048 1289 de
4085 1226 4230 1289 Nat.
4270 1225 4558 1304 deorum,
4604 1227 4770 1309 quod

2830 1308 3071 1372 satiare
3110 1329 3244 1373 non
3279 1316 3506 1391 potest.
3573 1309 3778 1375 Nulla
3812 1312 3988 1375 enim
4024 1319 4124 1376 est
4165 1311 4591 1378 insatiabilior
4629 1335 4769 1397 spe-

2831 1394 2978 1471 cies,
3023 1394 3208 1458 nulla
3250 1394 3587 1477 pulchrior
3621 1395 3702 1459 ad
3747 1397 4063 1461 rationem
4100 1396 4555 1480 solertiamque
4591 1421 4769 1481 prae-

2830 1480 3125 1544 stantior.
3217 1482 3608 1546 Ammianus
3643 1481 3749 1546 lib.
3797 1482 4018 1546 XIV.:
4068 1481 4199 1563 Qui
4245 1484 4416 1547 enim
4463 1484 4769 1550 adulabili

2831 1586 3132 1630 sermone
3168 1567 3357 1630 seriis
3393 1566 3684 1632 admixto
3716 1568 3898 1633 solus
3935 1570 4231 1633 omnium
4272 1572 4594 1651 proficisci
4637 1569 4769 1654 pel-

2830 1650 2995 1715 lexit
3038 1652 3224 1716 vultu
3269 1652 3692 1718 dissimulato.

3004 1737 3178 1802 Haec
3209 1738 3391 1803 hodie
3411 1737 3728 1825 praestat]
3768 1738 4137 1804 Clementia
4179 1741 4424 1804 viventi
4479 1743 4770 1825 Augusto

2833 1823 3245 1887 securitatem
3287 1825 3629 1906 praestitit,
3677 1834 3935 1890 mortuo
3970 1826 4213 1890 famam
4243 1834 4560 1908 praestat.
4653 1826 4769 1893 Se-

2833 1909 3331 1975 natusconsulta
3374 1931 3536 1992 quae
3581 1910 3651 1974 in
3694 1910 3952 1975 laudem
3999 1912 4366 1994 principum
4410 1914 4770 1978 vivendum

2833 1995 3021 2073 fiunt,
3061 2005 3177 2058 aut
3211 2003 3394 2060 metu
3438 2016 3763 2079 expressa,
3801 2007 3919 2061 aut
3951 1996 4318 2062 temeritate
4353 2000 4772 2082 praecipitata

2829 2080 3037 2144 videri
3075 2087 3364 2163 possunt.
3433 2079 3764 2164 Obsequia
3807 2082 4072 2147 servilia
4105 2105 4272 2166 quae
4308 2104 4348 2147 a
4380 2085 4621 2168 populo
4661 2108 4769 2150 ex-

2832 2165 3163 2245 hibentur,
3223 2166 3716 2232 acclamationes
3785 2188 4067 2251 quoquc,
4131 2178 4203 2233 ut
4246 2170 4507 2251 quidam
4569 2179 4766 2251 vocat,

2831 2253 3293 2337 ancillatrices,
3352 2254 3651 2317 serviunt
3693 2254 4079 2336 imperantis
4120 2257 4542 2339 praesent-iae.
4637 2258 4768 2323 Ho-

2831 2339 2996 2401 mini
3041 2350 3296 2403 mortuo
3351 2359 3514 2421 quae
3572 2338 3850 2416 dantur,
3908 2350 4266 2423 spontanea
4326 2351 4510 2421 sunt,
4573 2365 4766 2427 eoque

2831 2424 3097 2506 potiora.
3200 2426 3416 2489 Deum
3473 2446 3627 2508 ergo
3682 2425 3889 2490 credit
3941 2427 4218 2509 populus
4265 2448 4576 2494 romanus
4637 2431 4769 2495 Au-

2832 2518 3134 2591 gustum,
3181 2533 3312 2575 non
3357 2512 3511 2593 quia
3555 2513 3800 2587 iussuS,
3859 2511 3971 2577 sed
4028 2515 4179 2596 quia
4232 2516 4475 2580 bonum
4530 2512 4769 2598 princi-

2831 2616 2982 2677 pem
3037 2606 3347 2679 expertus
3403 2607 3517 2661 est.
3609 2597 3757 2661 Mos
3793 2598 3916 2661 fuit
3959 2598 4067 2663 ille
4112 2601 4400 2665 solennis
4445 2601 4769 2667 Romano-

2835 2704 3010 2760 rum,
3057 2692 3135 2746 ut
3179 2683 3490 2748 Caesares
3535 2703 3687 2747 suos
3731 2704 3848 2765 per
3890 2685 4267 2766 apotheosin
4303 2686 4372 2748 in
4426 2708 4767 2773 numerum

2834 2766 3103 2831 deorum
3149 2771 3481 2834 referrent.
3538 2768 3878 2833 Valerius:
3939 2768 4117 2836 Deos
4176 2773 4334 2839 alios
4391 2775 4765 2856 accepimus,

2833 2852 3147 2919 Caesares
3185 2855 3469 2920 fecimus.
3536 2854 3733 2918 Ritus
3770 2875 3844 2920 ac
3881 2858 4319 2924 caeremonias
4355 2861 4767 2925 consecrandi

2832 2934 3253 3021 impeihtores
3290 2942 3559 3023 exponit
3600 2939 4020 3006 Herodianus
4067 2942 4232 3007 libro
4276 2945 4395 3009 IV.
4442 2967 4636 3027 quem
4679 2946 4770 3011 lo-

2832 3047 2976 3091 cum
3034 3028 3283 3109 quoties
3340 3027 3585 3112 releg0,
3632 3050 3764 3093 non
3808 3048 4072 3110 possum
4119 3049 4158 3094 a
4201 3034 4336 3096 risu
4390 3041 4769 3115 temperare.

2832 3111 3015 3176 Adeo
3072 3114 3346 3179 ridicula
3390 3114 3515 3178 fuit
3569 3113 3682 3177 illa
3733 3114 4182 3179 Romanorum
4239 3118 4484 3202 religio.
4572 3119 4771 3183 Prae-

2831 3209 3012 3264 terea
3065 3221 3199 3263 non
3258 3209 3513 3264 tantum
3569 3210 3717 3281 post
3769 3205 4047 3266 mortem
4104 3204 4443 3287 Augustus
4502 3202 4602 3269 dei
4661 3227 4770 3269 no-

2831 3286 3009 3349 mine
3053 3284 3329 3350 donatus
3375 3297 3503 3363 est3
3548 3285 3663 3350 sed
3707 3287 3902 3351 vivus
3953 3287 4306 3372 vidensque
4351 3289 4610 3356 divinos
4654 3291 4769 3356 sibi

2832 3370 3112 3437 honores
3153 3372 3450 3436 exhiberi
3501 3393 3631 3436 non
3680 3391 3874 3455 aegre
3926 3371 4162 3455 passus
4221 3388 4335 3440 est.
4426 3375 4763 3441 Horatius:

3125 3474 3404 3528 Praesenti
3438 3475 3534 3527 tibi
3569 3482 3808 3529 maturos
3844 3476 4097 3544 largimur
4128 3478 4364 3532 honores

3122 3543 3490 3611 Iurandasque
3527 3553 3674 3597 tuum
3712 3560 3811 3611 per
3842 3560 4038 3599 nomen
4074 3548 4322 3614 ponimus
4357 3564 4498 3602 aras.

2828 3630 2919 3694 Et
2958 3628 3344 3695 Carminum
3388 3629 3513 3692 111.
3535 3651 3548 3693 ε

3204 3731 3370 3785 Coelo
3407 3739 3681 3787 tonantem
3718 3734 4038 3789 credidimus
4074 3736 4257 3790 Iovem

3204 3800 3476 3868 Regnare:
3515 3817 3773 3869 praesens
3811 3803 3963 3857 divus
3998 3805 4281 3860 habebitur

3203 3872 3494 3937 Augustus.

2827 3956 3099 4021 Publice
3142 3963 3363 4020 tamen
3407 3977 3537 4020 non
3581 3957 3706 4021 fuit
3746 3957 3846 4022 illi
3890 3958 4149 4023 decreta
4189 3961 4419 4045 religio
4466 3963 4592 4042 pisi
4630 3973 4768 4046 post

2827 4051 3123 4106 mortem.

3002 4127 3174 4191 Bene
3207 4127 3308 4193 illi
3344 4130 3694 4193 convenisse
3724 4133 4016 4210 parentis
4058 4132 4306 4219 nomen]
4351 4134 4768 4218 Tranquillus

2827 4214 2896 4278 in
2941 4213 3084 4278 eius
3129 4216 3294 4278 vita:
3340 4214 3564 4278 Patris
3605 4215 3857 4296 patriae
3911 4237 4274 4302 cognomen
4318 4221 4619 4287 universi·
4672 4244 4767 4287 re-

2828 4303 3096 4383 pentino
3131 4301 3546 4381 maximoque
3580 4321 3903 4366 consensu
3940 4302 4334 4369 detulerunt.
4427 4305 4766 4373 Salutatus

2828 4394 2930 4450 est
2993 4407 3032 4449 a
3100 4385 3363 4450 Valerio
3428 4385 3714 4452 Messala
3792 4389 4053 4454 nomine
4132 4392 4421 4457 universi
4485 4403 4764 4460 senatus.

2828 4469 3106 4537 Ovidius
3142 4472 3492 4537 Fastorum
3536 4472 3656 4537 II.:

2986 4573 3181 4627 Sancte
3219 4582 3375 4641 pater
3410 4575 3616 4642 patriae
3653 4576 3748 4628 tibi
3784 4576 3953 4643 plebe,
3993 4578 4087 4631 tibi
4125 4581 4273 4633 curia
4307 4597 4499 4634 nomen

3085 4642 3202 4695 Hoc
3239 4642 3401 4711 dedit,
3438 4644 3543 4696 hoc
3580 4643 3819 4698 dedimus
3854 4662 3955 4698 nos
3991 4647 4089 4699 tibi
4125 4664 4317 4701 nomen
4354 4665 4535 4717 eques,

2981 4711 3088 4765 Res
3125 4718 3303 4764 tamen
3340 4719 3464 4764 ante
3503 4712 3674 4765 dedit:
3712 4728 3833 4766 sero
3870 4730 4081 4782 quoque
4119 4732 4246 4769 vera
4283 4717 4452 4772 tulisti

3087 4778 3343 4833 Nomina:
3382 4780 3694 4848 iampridem
3732 4789 3788 4835 tu
3827 4791 3983 4850 pater
4021 4785 4164 4838 orbis
4201 4802 4339 4839 eras.

2825 4866 2916 4929 Et
2951 4865 3269 4930 Tristium
3315 4866 3403 4930 H.
3425 4888 3438 4930 :

2997 4969 3166 5022 Parce
3202 4976 3358 5036 pater
3391 4970 3626 5038 patriae:
3664 4987 3765 5024 nec
3801 4973 4027 5025 nominis
4063 4967 4336 5028 immemor
4369 4976 4528 5031 huius

3100 5036 3237 5090 Olim
3270 5038 3521 5105 placandi
3558 5055 3707 5106 spem
3742 5041 3871 5093 mihi
3904 5041 4070 5094 redde
4107 5045 4199 5096 tui.

2964 5224 3021 5288 1)
3063 5224 3210 5278 Edd.
3260 5224 3394 5278 1597
3441 5233 3492 5280 et
3613 5246 3664 5299 q.
3709 5230 3974 5295 inventus,
4019 5232 4152 5285 vitio
4196 5247 4501 5299 operarum.
4579 5234 4761 5288 Caete—

2821 5309 2945 5346 rum
2981 5297 3044 5346 in
3080 5301 3265 5348 nostro
3296 5296 3503 5350 Valerii
3608 5298 3785 5351 eximi
3815 5305 3960 5352 textu
3997 5299 4064 5351 L.
4099 5300 4186 5353 ΙΙ.
4224 5317 4265 5353 c.
4301 5300 4351 5354 4.
4388 5302 4619 5371 leqitur:
4657 5301 4761 5357 Ve-

2827 5363 3151 5417 nerabilibus
3188 5378 3316 5433 erga
3351 5364 3484 5420 deos
3518 5367 3696 5421 verbis
3730 5369 3978 5421 iuventus
4013 5376 4198 5436 gestus
4233 5369 4440 5423 adiecit.
