5100 6061
353 408 428 469 57

1093 643 1395 710 CAPUT
1440 644 1559 708 VI.

527 763 813 848 Comftaoe,
856 767 927 828 in
971 765 1087 830 hac
1131 763 1406 843 civitate,
1463 765 1535 828 in
1579 783 1704 843 qua
1748 764 1933 827 turba
1962 785 2087 845 per
2128 764 2303 827 latis-

350 853 520 915 sima
565 851 803 916 itinera
846 852 985 915 sine
1027 851 1487 934 intermissione
1530 850 1802 928 defluens·
1844 849 2113 927 eliditur,
2158 870 2303 929 quo·

350 938 466 1002 ties
508 937 760 1018 aliquid
800 936 1050 1014 obstitit,
1096 935 1260 1017 quod
1304 955 1559 1000 cursum
1602 938 1737 1000 eius
1752 984 1766 1012 ,
1812 935 1974 999 velut
2016 936 2305 1000 torrentis

350 1024 592 1103 rapidi,
636 1028 1018 1100 moraretur,
1064 1022 1135 1085 in
1172 1042 1300 1101 qua
1342 1022 1543 1085 tribus
1585 1022 1791 1086 eodem
1832 1026 2098 1102 tempore
2139 1021 2302 1085 thea-

349 1110 469 1173 tris
511 1110 653 1173 viae
684 1108 1113 1188 postulantur,
1158 1109 1229 1170 in
1273 1128 1399 1188 qua
1432 1107 1814 1179 consumitur
1848 1108 2157 1187 quidquid
2192 1112 2304 1170 ter-

348 1196 444 1257 ris
485 1194 770 1258 omnibus
803 1199 1061 1259 aratur.-
1100 1200 1335 1275 quanta
1377 1194 1643 1257 solitudo
1688 1198 1741 1255 et
1782 1193 2304 1273 vastitaS,futura

351 1282 450 1355 sit,
495 1280 557 1345 si
599 1279 760 1343 nihil
802 1280 1192 1360 relinquitur,
1254 1284 1401 1358 [pag.
1443 1284 1551 1357 46]
1603 1279 1734 1342 nisi
1773 1279 1934 1358 quod
1976 1279 2170 1342 iudex
2213 1298 2303 1343 se-

347 1385 537 1430 verus
593 1365 935 1430 absolverit.
1031 1366 1529 1446 Quotusquisque
1583 1384 1660 1428 eoe
1714 1365 2139 1445 quaestoribus
2196 1369 2302 1442 est,

347 1452 459 1532 qui
504 1473 630 1515 non
681 1472 751 1515 ea
816 1452 957 1531 ipsa
1001 1451 1127 1534 leqe
1167 1456 1467 1528 teneatur,
1513 1471 1639 1531 qua
1683 1450 2051 1531 quaeritur?
2149 1451 2306 1531 Quo-

347 1538 718 1619 tusquisque
762 1541 1077 1602 accusator
1119 1541 1296 1601 vacat
1338 1536 1520 1616 culpa
1539 1536 1574 1599 ἓ
1643 1535 1730 1599 Et
1770 1536 1977 1600 nescio
2010 1557 2097 1599 an
2132 1555 2305 1601 nemo

346 1624 433 1687 ad
477 1623 756 1687 dandam
799 1625 1046 1687 veniam
1088 1622 1410 1704 difficilior
1451 1627 1554 1700 est,
1596 1642 1786 1703 quam
1828 1622 1939 1702 qui
1981 1622 2164 1686 illam
2196 1643 2304 1707 pe-

348 1715 476 1774 tere
522 1711 780 1789 saepius
821 1709 1062 1773 meruit.
1159 1708 1562 1773 Peccavimus
1604 1727 1838 1785 omnes,
1900 1707 2019 1771 alii
2057 1708 2302 1789 qravia,

349 1794 471 1858 alii
514 1794 773 1872 leviora,
820 1796 941 1860 alii
987 1814 1064 1857 ex
1108 1792 1440 1872 destinato,
1484 1793 1604 1857 alii
1643 1796 1799 1874 forte
1841 1793 2134 1873 impulsi,
2193 1797 2307 1857 aut

346 1880 560 1945 aliena
615 1883 897 1962 nequitia
943 1879 1167 1943 ablati.-
1220 1879 1338 1943 alii
1391 1880 1460 1942 in
1517 1879 1691 1943 bonis
1735 1879 2017 1943 consiliis
2062 1899 2305 1959 parum

346 1966 595 2049 fortiter
648 1968 959 2039 stetimus,
1025 1970 1079 2029 et
1143 1966 1551 2030 innocentiam
1598 1965 1803 2029 -inviti
1857 1984 1931 2029 ac
1980 1966 2306 2029 renitentes

339 2053 768 2134 perdidimus.
862 2052 992 2116 Nec
1035 2051 1455 2132 delinquimus
1509 2056 1776 2128 tantum,
1831 2051 1939 2114 sed
1980 2071 2179 2130 usque
2221 2052 2306 2116 ad

350 2143 695 2202 eoetremum
741 2139 878 2203 aevi
921 2138 1357 2219 delinquimus.
1446 2136 1663 2201 Etiam
1708 2137 1769 2200 si
1802 2137 1945 2217 quis
1989 2141 2117 2200 tam
2163 2135 2306 2200 bene

338 2226 645 2307 purgavit
709 2226 994 2288 animum
1010 2275 1023 2301 ,
1089 2229 1160 2287 ut
1224 2223 1384 2287 nihil
1447 2222 1764 2286 obturbare
1828 2242 1968 2286 eum
2026 2223 2303 2303 amplius

336 2312 548 2390 possit
593 2331 666 2375 ao
705 2310 963 2391 fallere,
1010 2309 1094 2372 ad
1135 2310 1541 2373 innocentiam
1586 2313 1788 2372 tamen
1819 2308 2126 2389 peccando
2159 2329 2304 2391 per-

348 2397 535 2461 venit.

525 2483 719 2547 Nunc
762 2502 881 2564 per
926 2480 1424 2563 descriptionem
1471 2480 1755 2544 ostendit
1791 2479 2059 2557 Seneca,
2105 2499 2301 2562 quam

349 2569 435 2633 sit
495 2569 776 2651 principi
831 2568 1272 2632 necessarium
1322 2564 1631 2648 quosdam
1689 2567 1759 2629 in
1804 2586 2152 2643 numerum
2197 2586 2301 2629 re-

348 2653 683 2737 linquere,
742 2663 809 2718 et
862 2652 944 2716 ad
1003 2662 1260 2735 tempus
1305 2652 1598 2716 tolerare.
1690 2650 1763 2716 Si
1809 2651 1953 2733 quis
1999 2652 2173 2715 enim
2219 2652 2300 2716 ad

348 2740 580 2805 vivum
639 2759 935 2804 resecare
991 2738 1152 2803 velit
1201 2747 1487 2801 strumas
1542 2745 1610 2801 et
1665 2738 1952 2802 vomicas
1996 2738 2299 2814 civitatis,

349 2826 591 2890 bonam
645 2833 900 2908 partem
944 2823 1293 2888 exhauriat
1335 2830 1606 2906 oportet.
1697 2821 1890 2903 Quod
1935 2830 2009 2887 ut
2048 2823 2300 2889 facilius

346 2912 670 2995 percipiat
712 2911 933 2987 lector,
974 2917 1301 2993 proponat
1344 2908 1465 2973 sibi
1513 2917 1973 2993 argumentum
2017 2910 2085 2972 in
2130 2909 2301 2973 hanc

348 2998 657 3063 formam:
698 2997 892 3062 Hanc
927 2997 1139 3081 legem
1187 2994 1427 3061 debent
1468 2997 1537 3060 in
1581 2996 1809 3078 primis
1851 3015 2114 3061 servare
2160 3016 2301 3060 ma-

349 3086 690 3168 gistratus,
729 3092 804 3148 ut
838 3084 1165 3148 neminem
1205 3081 1481 3147 laedant.
1545 3080 1740 3162 Quod
1776 3082 1832 3145 si
1868 3082 2086 3147 laesus
2120 3083 2297 3164 quis-

348 3172 528 3252 piam
572 3171 795 3246 fuerit,
843 3168 1202 3234 secundum
1248 3177 1348 3232 est
1390 3190 1473 3233 116
1516 3167 1735 3250 plures
1778 3166 2155 3232 laedantur:
2201 3177 2299 3232 at-

347 3277 473 3338 que
520 3255 670 3320 ideo
713 3256 965 3320 tollitur
1007 3276 1043 3319 e
1088 3255 1299 3319 medio
1343 3257 1401 3319 is
1443 3255 1554 3336 qui
1605 3254 1826 3333 laesit,
1886 3255 2039 3338 quia
2094 3255 2298 3337 pluris

349 3350 449 3406 est
504 3344 884 3412 universam
944 3340 1431 3405 multitudinem
1489 3360 1786 3418 servare,
1843 3362 2041 3423 quam
2094 3361 2301 3405 unum

350 3436 464 3491 aut
511 3427 814 3493 alterum.
903 3427 1103 3491 Hunc
1153 3427 1356 3491 finem
1400 3434 1466 3490 et
1510 3426 1685 3490 hunc
1737 3446 2003 3508 scopum
2056 3425 2304 3491 habent

348 3534 598 3596 poenae
652 3513 968 3596 publicae.
1073 3511 1204 3593 Qui
1274 3519 1492 3576 autem
1555 3512 1978 3595 magistratus
2048 3532 2303 3576 summo

348 3599 495 3664 11116
543 3598 1084 3664 animadvertunt
1126 3600 1197 3661 in
1241 3598 1490 3674 noxios,
1536 3597 1779 3661 tollunt
1818 3599 2131 3663 maiorem
2177 3619 2300 3661 nu-

347 3706 615 3749 merum
658 3706 855 3767 quam
900 3685 1298 3767 relinquunt.
1388 3683 1451 3748 N
1455 3704 1541 3748 on
1596 3705 1750 3766 ergo
1806 3692 2106 3747 statuunt
2146 3703 2301 3765 poe-

346 3771 450 3838 nis
494 3771 868 3855 legitimum
912 3772 1128 3835 finem.
1220 3767 1414 3849 Quod
1461 3778 1682 3833 autem
1723 3771 1791 3832 in
1837 3768 1959 3834 hoc
1993 3776 2301 3834 contextu

348 3855 488 3921 dixi
535 3878 681 3922 esse
726 3857 1254 3940 descriptionem,
1300 3857 1393 3921 sic
1436 3855 1663 3920 Oicero
1708 3876 1851 3919 eam
1896 3855 2181 3938 appellat
2223 3855 2303 3917 11-

348 3943 464 4008 bro
511 3942 1023 4009 Rhetoricorum
1067 3950 1328 4025 quart0,
1374 3962 1541 4024 quae
1586 3962 1816 4025 graece
1861 3941 2100 4006 dicitur
2142 3940 2305 4024 ἐνᾰρ·

347 4052 509 4109 γεια,
566 4028 633 4092 1(1
690 4037 789 4094 est
840 4028 1271 4111 perspicuitas
1326 4036 1391 4092 et
1444 4026 1773 4091 evidentia
1785 4051 1809 4106 ,·
1857 4047 2021 4109 quae
2078 4047 2301 4091 rerum

348 4115 675 4198 imagines
720 4115 1033 4197 concipit,
1087 4123 1165 4177 ut
1208 4113 1313 4178 bic
1355 4111 1608 4178 Seneca
1645 4113 2029 4195 populosam
2073 4113 2303 4178 civita-

348 4207 485 4264 tem
531 4201 716 4283 quasi
757 4200 965 4266 oculis
1008 4206 1473 4281 repraesentat.
1563 4199 1889 4283 Exempla
1934 4207 2087 4263 sunt
2131 4199 2303 4282 apud

348 4284 842 4366 Quintilianum
885 4286 991 4351 lib.
1041 4284 1235 4349 VIII.

528 4371 613 4436 In
668 4393 791 4452 qua
846 4370 1057 4458 turba]
1148 4369 1224 4437 Si
1288 4371 1560 4436 liberam
1629 4370 1843 4436 adbuc
1897 4379 1963 4435 et
2019 4379 2301 4436 stantem

345 4457 821 4541 rempublicam
866 4479 1016 4522 cum
1061 4479 1137 4521 ea
1181 4477 1675 4540 componamus,
1721 4477 1887 4538 quae
1932 4456 2054 4521 sub
2098 4459 2301 4540 impe-

345 4545 444 4608 rio
504 4543 866 4609 Caesarum
925 4544 1081 4620 fuit,
1146 4545 1215 4606 in
1272 4544 1667 4607 immensum
1725 4550 1792 4606 et
1848 4563 2056 4625 paene
2114 4555 2303 4608 extra

343 4629 551 4694 fidem
607 4631 815 4694 crevit
867 4650 1197 4694 numerus.
1295 4628 1467 4692 Nam
1525 4649 1761 4694 census
1826 4649 2018 4710 quem
2086 4636 2300 4694 stante

344 4714 652 4780 libertate
696 4716 1058 4779 maximum
1111 4715 1309 4780 fuisse
1365 4714 1540 4798 leg0,
1597 4714 1721 4780 fuit
1775 4713 1847 4779 O.
1896 4715 2182 4779 Lentulo
2236 4723 2302 4781 et

343 4801 427 4866 L.
478 4801 702 4867 Gellio
739 4800 1153 4878 Censoribus,
1199 4801 1266 4865 in
1312 4820 1437 4882 quo
1482 4821 1678 4866 censa
1722 4810 1878 4864 sunt
1913 4800 2158 4865 civium
2193 4824 2299 4868 ca-

346 4889 491 4971 pita
535 4886 830 4953 CCCOL
886 4887 1109 4951 millia.
1197 4886 1453 4950 Verum
1497 4895 1643 4969 post
1684 4887 2022 4952 Actiacum
2067 4888 2299 4952 trium-

346 4972 559 5056 phum
615 4981 805 5038 autor
849 4981 949 5038 est
1002 4972 1331 5037 Eusebius
1382 4991 1580 5037 censu
1639 4980 1782 5037 acto
1836 4974 2107 5038 inventa
2158 4994 2299 5038 esse

350 5058 744 5143 quadragies
798 5058 998 5124 semel
1055 5067 1331 5124 centena
1373 5064 1439 5122 et
1482 5059 1899 5141 septuaginta
1949 5059 2158 5123 millia
2208 5061 2298 5125 ci-

346 5146 553 5222 vium,
599 5146 669 5209 in
707 5145 910 5210 altero
946 5166 1102 5210 vero
1137 5163 1339 5209 censu
1373 5163 1568 5224 quem
1603 5144 1944 5227 Augustus
1980 5145 2117 5229 egit
2152 5167 2300 5210 cum

348 5231 616 5296 Tiberio
655 5230 792 5295 filio
835 5230 1169 5314 adoptivo,
1222 5229 1496 5294 inventa
1547 5248 1689 5293 esse
1733 5239 1834 5294 ter
1874 5238 1943 5295 et
1982 5232 2299 5315 nonagies

347 5325 634 5382 centena
686 5324 753 5381 et
804 5318 1223 5401 septuaginta
1275 5314 1499 5379 millia.
1588 5312 1840 5380 Ultimo
1882 5336 2042 5381 vero
2098 5338 2300 5384 censu

1806 402 2098 468 LIBER
2138 403 2193 469 I.
2282 401 2586 471 oAPUT
2628 402 2712 467 V.
2758 403 2878 469 VI.

4269 412 4349 473 58

2353 624 2359 649 ι
2408 599 2581 669 acto,
2639 594 2748 675 qui
2792 593 3073 658 Neronis
3129 595 3401 677 imperio
3435 582 3609 676 '[pag.
3651 600 3759 675 47]
3813 596 4153 679 proximus
4206 598 4348 677 fuit,

2407 698 2602 743 censa
2645 688 2800 743 sunt
2834 680 3072 743 civium
3112 680 3368 744 LXIX.
3408 696 3694 746 centena
3744 703 3796 747 c.
3825 684 3873 765 ¹)
3917 682 4352 768 quadraginta

2407 773 2687 845 quatuor
2729 765 2950 829 millia.

2587 850 2833 929 Quanta
2878 849 3171 938 solitudo]
3226 849 3478 917 Sensus
3513 862 3640 918 est:
3680 853 3867 919 vides
3903 854 4132 919 urbem
4165 863 4352 919 tanta

2406 934 2830 999 multitudine
2875 937 3270 1016 affluentem,
3314 946 3382 1001 et
3422 959 3691 1003 suorum
3727 940 3968 1005 civium
4003 941 4118 1006 vix
4162 961 4350 1024 capa-

2406 1019 2592 1085 cem?
2684 1019 2759 1085 Si
2803 1023 2946 1103 quis
2991 1029 3213 1087 tamen
3267 1023 3464 1088 iudex
3512 1025 3684 1107 apud
3729 1046 3925 1107 quem
3966 1047 4088 1091 1166
4129 1026 4352 1092 661(166

2406 1107 2687 1184 valeant,
2725 1128 2846 1172 nec
2883 1109 3113 1190 gratia,
3149 1130 3272 1173 nec
3307 1111 3494 1192 aequi
3529 1109 3810 1193 bonique
3845 1112 4029 1191 ratio,
4074 1111 4352 1194 denique

2406 1192 2619 1275 qualis
2663 1192 2792 1269 1116,
2839 1194 2950 1275 qui
2996 1194 3299 1276 scopulus
3340 1215 3601 1260 reorum
3638 1196 4003 1279 appellatus
4049 1205 4167 1275 est,
4213 1219 4351 1262 om-

2407 1300 2525 1344 nes
2570 1279 2642 1341 in
2687 1299 2833 1343 reos
2877 1279 3174 1361 recipiat,
3224 1281 3336 1344 vix
3390 1282 3776 1347 millesimus
3819 1283 4091 1365 quisque
4135 1283 4351 1348 ultimi

2408 1364 2710 1447 supplicii
2754 1368 3144 1429 sententiam
3205 1365 3337 1430 effu
3389 1367 3474 1430 ‘et
3516 1368 3584 1431 in
3630 1376 3726 1432 tot
3768 1367 4108 1433 hominum
4152 1368 4350 1433 milli-

2406 1451 2545 1516 bus.
2615 1451 2754 1514 Aut
2788 1450 2994 1533 igitur
3029 1388 3512 1534 ignosceng'um,
3559 1464 3671 1517 aut
3707 1476 3838 1519 non
3872 1454 4348 1536 imperandum.

2588 1537 3079 1617 Quotusquisque
3136 1557 3213 1600 ex
3266 1538 3718 1624 quaestoribus]
3798 1539 4021 1605 Unum
4079 1548 4178 1605 est
4234 1540 4351 1604 ho-

2407 1624 2662 1686 minum
2717 1641 2928 1705 genus
2984 1621 3155 1704 quod
3210 1623 3388 1685 omni
3435 1626 3591 1689 vitio
3648 1634 3999 1708 purgatum
4055 1647 4195 1690 esse
4240 1626 4352 1690 de-

2409 1708 2576 1786 beat,
2621 1710 2731 1790 qui
2777 1708 3023 1773 scilicet
3062 1718 3377 1790 praesunt
3419 1709 3726 1787 moribus,
3770 1720 3835 1775 et
3878 1711 4154 1776 aliorum
4192 1712 4356 1776 vitia

2408 1794 2765 1878 corrigunt.
2856 1793 3003 1858 Hoc
3059 1815 3265 1877 genus
3319 1804 3538 1860 tamen
3606 1795 3900 1861 homines
3964 1798 4353 1879 iniquissimi

2409 1889 2564 1944 sunt
2607 1880 2792 1943 nobis
2849 1878 3122 1957 iudices,
3180 1881 3370 1962 aequi
3425 1881 3578 1946 sibi:
3637 1889 3701 1946 et
3750 1882 3871 1947 hoc
3924 1884 4141 1948 nescio
4194 1904 4352 1965 quo-

2407 1966 2598 2030 modo
2644 1965 2907 2042 accidit,
2967 1975 3044 2029 ut
3096 1986 3263 2048 quae
3320 1965 3463 2030 aliis
3522 1988 3717 2049 aegre
3772 1976 3887 2032 aut
3942 1968 4118 2033 nullo
4161 1968 4352 2033 modo

2405 2052 2826 2133 permittunt,
2889 2052 3011 2117 sibi
3066 2051 3253 2116 facile
3313 2051 3715 2135 indulgeant.
3806 2052 4059 2119 Seneca
4110 2055 4189 2119 de
4242 2055 4356 2118 Ira

2406 2137 2528 2201 H.:
2577 2137 2817 2202 Aliena
2863 2137 3021 2201 vitia
3064 2138 3136 2201 in
3176 2137 3379 2203 oculis
3424 2137 3769 2203 habemus:
3819 2161 3858 2203 a
3901 2155 4085 2224 tergo
4128 2144 4353 2206 nostra

2409 2234 2582 2288 sunt.
2694 2223 2876 2288 Nihil
2944 2223 3194 2287 alienae
3259 2223 3562 2287 luxuriae
3623 2226 3936 2308 ignoscit,
4020 2226 4130 2308 qui
4199 2245 4354 2291 suae

2408 2308 2579 2372 nihil
2622 2310 2906 2393 negavit.
2995 2309 3088 2373 Et
3128 2308 3492 2374 homicidae
3538 2320 3865 2393 tyrannus
3910 2311 4231 2390 irascitur,
4287 2318 4355 2375 et

2404 2395 2597 2476 punit
2636 2396 2814 2460 furta
2857 2395 3230 2479 sacrilegus.
3320 2395 3573 2479 Magna
3625 2417 3779 2478 pars
3835 2396 4175 2462 hominum
4232 2404 4350 2475 est,

2407 2501 2575 2561 quae
2619 2501 2752 2545 non
2854 2479 3091 2546 eccatis
3144 2481 3465 2558 irascitur,
3525 2481 3638 2545 sed
3694 2483 4133 2565 peccantibus
4221 2483 4353 2549 Ubi

2406 2566 2604 2630 etiam
2645 2503 2879 2631 alludit.
2913 2567 2995 2631 ad
3032 2567 3379 2632 manticam
3421 2568 3677 2650 Aesopi.
3749 2566 4000 2634 Seneca
4034 2568 4353 2653 Tragicus

2405 2652 2475 2714 in
2521 2652 3042 2735 Agamemnone:

2680 2755 2872 2819 Ignota
2908 2762 3031 2809 sunt
3068 2757 3164 2809 tibi
3198 2758 3314 2809 iura
3351 2771 3634 2823 regnorum
3669 2756 3814 2809 haud
3851 2773 4018 2811 nova:

2682 2824 2850 2877 Nobis
2885 2824 3101 2892 maligni
3137 2824 3354 2891 iudices,
3391 2826 3547 2892 aequi
3585 2826 3701 2879 sibi.

2681 2892 2743 2944 Id
2780 2908 2900 2946 esse
2937 2908 2995 2945 re
3072 2894 3083 2905 ’
3122 2894 3408 2946 maximum
3444 2894 3635 2960 pignus
3671 2901 3880 2962 putant,

2682 2960 2736 3014 Si
2772 2961 2990 3029 quidqui
3061 2961 3182 3014 aliis
3217 2978 3325 3015 non
3360 2961 3503 3029 licet,
3544 2962 3674 3015 solis
3711 2963 3850 3016 licet.

2404 3049 2746 3114 Iuvenalis
2790 3047 3039 3133 Satyra
3080 3047 3304 3112 VIII:

3293 3149 3451 3204 Mitte
3489 3153 3646 3219 ostia,
3680 3151 3897 3220 Caesar,

2649 3222 2821 3288 Mitte,
2861 3220 2956 3274 sed
2993 3221 3046 3273 in
3080 3235 3277 3287 magna
3312 3221 3547 3286 legatum
3583 3236 3781 3288 quaere
3816 3221 4043 3289 popina:

2647 3291 2892 3343 Invenies
2929 3289 3113 3357 aliquo
3152 3305 3269 3342 cum
3305 3304 3625 3357 percussore
3660 3290 3924 3343 iacentem

2646 3358 2972 3411 Pei-mixtum
3008 3359 3186 3411 nautis
3223 3365 3279 3411 et
3314 3357 3518 3411 furibus
3557 3365 3650 3410 aut
3685 3358 3919 3426 fugitivis

2647 3427 2793 3479 Inter
2828 3425 3122 3481 carnifices.

2406 3515 2498 3578 Et
2538 3513 2736 3594 paulo
2771 3519 2950 3594 post:

2642 3617 2712 3667 At
2747 3631 2845 3668 vos
2884 3613 3224 3682 Troiugenae
3261 3615 3415 3668 vobis
3451 3616 3744 3683 ignoscitis,
3783 3623 3838 3668 et
3873 3633 4011 3684 quae

2635 3683 2839 3751 Turpia
2874 3683 3122 3750 Cerdoni‚
3161 3683 3398 3737 Volusos
3435 3684 3739 3751 Brutosque
3779 3685 4057 3740 decebant.

2405 3772 2613 3836 Porro
2649 3790 2849 3851 quum
2894 3769 3106 3834 multa
3148 3777 3566 3851 quaestorum
3610 3791 3851 3854 genera
3894 3773 4139 3836 fuerint
4181 3773 4354 3854 apud

2405 3858 2769 3932 Romanos,
2828 3863 3199 3937 quaestores
3253 3855 3362 3921 hic
3416 3857 3635 3939 accipe
3691 3879 3907 3922 16111111
3955 3857 4352 3939 capitalium,

2408 3943 2515 4025 qui
2579 3950 2644 4006 et
2711 3949 3082 4023 quaestores
3156 3939 3517 4024 parricidii,
3594 3952 3911 4025 praesunt
3975 3943 4354 4010 exercendis

2408 4026 2896 4111 quaestionibus
2939 4027 3415 4092 criminalibus:
3462 4037 3538 4090 ut
3571 4029 3894 4092 Asconius
3937 4037 4219 4094 testatur
4253 4050 4354 4095 se-

2408 4114 2620 4179 cundo
2664 4114 3129 4178 commentario
3174 4113 3642 4191 verrinarum,
3689 4120 3757 4178 et
3799 4111 4073 4180 Servius
4116 4116 4188 4178 in
4230 4114 4351 4180 VI.

2407 4198 2755 4265 Aeneidos.
2847 4197 2959 4265 Sic
3024 4199 3430 4264 confundunt
3493 4199 3840 4283 scriptores
3893 4199 4154 4282 quidam
4219 4223 4353 4267 non

2407 4285 2920 4352 contemnendae
2973 4286 3384 4351 eruditionis:
3443 4305 3562 4366 ego
3618 4292 3842 4349 tamen
3898 4286 4201 4352 existimo
4259 4288 4354 4352 la-

2406 4380 2554 4436 tum
2597 4392 2739 4437 esse
2785 4372 3149 4437 discrimen.
3239 4372 3439 4436 Prius
3496 4370 3575 4434 de
3635 4372 4086 4453 quaestoribus
4142 4376 4354 4456 parri-

2406 4458 2559 4524 cidii
2603 4457 2970 4536 videamus,
3029 4479 3220 4540 quem
3276 4457 3738 4540 magistratum
3779 4457 3992 4524 fuisse
4047 4459 4352 4542 antiquae

2406 4545 2679 4628 originis
2735 4544 3006 4608 tradunt
3057 4542 3431 4608 Fenestella
3483 4550 3551 4606 et
3591 4542 4111 4610 Iurisconsultus
4155 4546 4352 4610 Pom-

2404 4631 2640 4712 ponius
2694 4631 2763 4694 in
2811 4630 2888 4694 L.
2935 4630 3025 4694 H.
3074 4630 3138 4693 ff.
3197 4629 3276 4693 de
3335 4628 3430 4693 ori
3480 4629 3587 4693 ‘ne
3643 4631 3824 4695 iuris.
3915 4630 4130 4696 Varro
4185 4631 4352 4697 libro

2404 4716 2508 4780 IV
2511 4768 2524 4781 .
2565 4717 2669 4781 De
2704 4716 2930 4798 lingua
2963 4716 3166 4779 latina
3200 4714 3286 4792 (16,
3323 4715 3430 4779 1116
3478 4735 3581 4778 6111
3617 4715 3922 4798 loquitur,
3968 4717 4038 4780 in
4074 4738 4350 4800 quorum

2404 4802 2620 4867 locum
2657 4803 3041 4867 successisse
3078 4801 3459 4866 triumviros
3496 4801 3802 4883 capitales
3847 4803 4144 4866 affirmat.
4212 4802 4351 4868 Ad-

2405 4887 2575 4953 dunt
2627 4887 3001 4952 Fenestella
3067 4897 3133 4951 et
3188 4887 3589 4972 Pomponius
3655 4887 3876 4952 solitos
3940 4889 4248 4953 constitui
4312 4912 4352 4955 a

2404 4975 2672 5058 populo:
2731 4971 2902 5055 quod
2956 4975 3212 5038 iniussu
3269 4974 3490 5056 populi
3543 4994 3677 5038 non
3731 4973 3959 5037 liceret
4010 4974 4083 5036 in
4137 4975 4349 5041 civem

2404 5081 2747 5124 romanum
2791 5058 3324 5124 animadvertere.
3392 5059 3735 5124 Habemus
3779 5079 3933 5141 ergo
3978 5059 4352 5128 huiusmodi

2548 5332 2605 5397 1)
2645 5331 2817 5400 Lege:
2852 5342 2923 5401 et,
2960 5339 3022 5386 ut
3055 5333 3212 5388 habet
3245 5333 3324 5386 ed
3355 5335 3526 5386 Amat.
