5100 6061
313 404 394 465 53
1872 400 2161 466 LIBER
2204 401 2257 466 L
2332 400 2635 469 oAPUtr
2680 403 2763 468 v,
3459 360 3468 371 ’
4240 410 4320 469 54

310 589 456 668 dat,
512 589 1001 672 praetermittit,
1046 588 1373 673 indulget,
1420 588 1503 652 ad
1548 610 1712 671 opus
1756 586 2004 653 illectat
2046 588 2259 672 magis

307 678 547 758 quant
564 675 752 758 cogit.
844 673 1285 756 Quamobrem
1340 677 1583 741 Petrus
1639 677 1707 738 in
1766 693 1885 738 sua
1928 675 2257 751 canoniea,

308 784 446 825 non
482 761 631 826 vult
666 761 960 826 dominos
997 782 1138 826 esse
1174 760 1487 847 dyscolOS,
1535 761 1657 827 hoe
1702 768 1804 825 est
1847 779 2154 838 moresne,
2194 767 2262 824 et

304 848 519 914 servis
562 846 875 912 difficiles.
904 846 954 932 ¹)

488 933 654 1015 Quid
675 934 864 997 enim
917 933 1409 1017 memorabilius]
1479 932 1631 997 Alia
1680 934 1844 996 ratio
1906 929 2261 1013 amplifica-

304 1019 525 1085 tionis.
585 1020 928 1104 Imperant
961 1020 1139 1117 leges
1171 1019 1448 1102 privatis
1481 1017 1873 1084 hominibus.
1940 1014 2261 1082 statuunt

306 1106 488 1189 leges
531 1103 689 1187 quid
731 1107 967 1170 marito
1005 1105 1198 1170 hceat
1232 1107 1298 1168 in
1336 1126 1629 1179 uxorem,
1677 1103 1829 1187 quid
1866 1103 2038 1185 patri
2073 1103 2145 1166 in
2180 1101 2260 1165 li-

305 1190 512 1269 beros,
552 1191 703 1274 quid
738 1189 1000 1254 domino
1033 1192 1103 1255 in
1139 1213 1378 1255 servos.
1441 1189 1519 1255 Si
1541 1188 2041 1273 transgreditur,
2079 1208 2260 1270 prae-

307 1286 624 1342 sentanea
679 1285 781 1342 est
835 1277 1013 1341 ultio,
1104 1276 1470 1342 Prohibent
1513 1276 1721 1359 leges,
1782 1297 1866 1339 ne
1924 1274 2084 1339 civis
2129 1274 2257 1338 civi

308 1361 623 1427 damnum
664 1363 789 1427 det.
881 1361 1073 1443 Quod
1116 1364 1169 1427 si
1212 1362 1371 1428 civis
1416 1370 1642 1427 contra
1685 1362 1894 1426 civem
1939 1359 2099 1424 velit
2141 1381 2257 1422 ex-

307 1449 492 1531 sequi
538 1449 786 1514 rabiem
832 1457 899 1512 et
942 1449 1302 1524 saevitiam,
1349 1469 1478 1512 non
1525 1448 1778 1530 poterit,
1823 1469 1906 1511 ne
1942 1467 2092 1509 cum
2128 1444 2259 1508 dis-

306 1536 580 1600 crimine
641 1533 900 1617 quidem
958 1535 1189 1618 capitis
1242 1544 1309 1598 et
1363 1536 1791 1598 fortunarum.
1884 1531 2035 1595 Alia
2075 1530 2258 1612 prin-

309 1621 472 1702 cipis
528 1630 629 1686 est
683 1621 959 1685 lieentia.
1050 1620 1272 1685 Verba
1331 1641 1401 1684 re
1452 1620 1505 1683 's
1558 1627 1713 1684 sunt
1752 1617 2044 1701 imperia.
2134 1617 2258 1679 At-

308 1728 462 1788 que,
524 1718 599 1771 ut
654 1708 747 1770 ait
788 1706 1120 1771 Homerus
1164 1707 1232 1770 in
1271 1728 1398 1789 quo
1443 1726 1551 1769 am
1596 1706 1871 1789 hymno,
1921 1701 2074 1785 ἀμφ’
2119 1704 2260 1775 ἔπος

308 1816 370 1854 τε
403 1796 505 1853 καὶ
543 1795 726 1877 ἔργον.
817 1790 1075 1856 Deinde
1125 1813 1283 1874 opus
1334 1813 1529 1857 suum
1577 1790 1879 1856 omnibus
1924 1789 2257 1871 approbat,

308 1899 546 1960 nempe
570 1877 990 1943 laudantibus
1013 1878 1185 1962 qnod
1222 1878 1545 1961 corrigere
1581 1898 1714 1941 non
1749 1885 2040 1959 possunt.
2109 1873 2173 1937 N
2176 1895 2261 1937 on

309 1972 467 2028 sunt
504 1965 770 2041 tribuni,
817 1964 926 2045 qui
970 1963 1412 2040 intercedant;
1458 1984 1590 2026 non
1636 1974 1735 2027 est
1779 1962 2100 2043 superior,
2148 1960 2262 2041 qui

309 2050 694 2131 appelletur.
784 2050 852 2114 Is
894 2050 1100 2133 igitur
1142 2051 1247 2115 cui
1303 2049 1596 2113 omnium
1641 2069 1964 2113 consensu
2008 2065 2263 2110 summa

308 2157 530 2200 rerum
587 2136 680 2202 sic
738 2146 837 2199 est
893 2135 1136 2211 delata,
1195 2134 1431 2217 quibus
1487 2134 1791 2199 laudibus
1858 2155 1972 2215 pro
2024 2132 2259 2195 merito

307 2222 679 2299 extolletur,
718 2223 773 2286 si
825 2222 949 2286 sibi
993 2222 1131 2305 ipse
1175 2222 1677 2303 temperantiam
1720 2218 2156 2301 imperaverit,
2204 2217 2260 2281 si

307 2309 757 2372 intercesserit
789 2307 930 2386 sibi,
979 2308 1034 2372 si
1070 2307 1151 2371 ad
1197 2330 1267 2373 se
1312 2309 1545 2389 ipsum,
1592 2305 1706 2370 sed
1750 2304 2259 2379 clementiorem,

308 2393 801 2475 provocaverit?

486 2479 684 2543 Nemo
722 2481 1221 2561 interroqaturus
1262 2477 1377 2565 est]
1434 2477 1641 2541 Verbi
1698 2477 1893 2541 huius
1940 2475 2263 2558 elegantia

310 2587 441 2629 non
498 2578 599 2630 est
658 2564 964 2648 vulgaris.
1066 2564 1348 2629 Ponitur
1413 2564 1592 2628 enim
1649 2584 1763 2645 pro
1830 2582 2131 2626 accusare
2198 2574 2263 2624 et

307 2651 643 2734 postulare
687 2649 861 2734 apud
905 2650 1205 2716 iudicem.
1278 2649 1504 2730 Quare
1548 2650 1803 2731 saepius
1843 2648 2078 2712 dicitur
2112 2668 2260 2711 cum

310 2737 562 2802 adiecto
605 2737 861 2821 legibus
906 2737 1330 2818 interrogare.
1420 2734 1647 2800 Cicero
1689 2755 1809 2816 pro
1851 2732 2067 2797 Domo
2113 2753 2259 2796 sua:

311 2821 479 2903 Quis
523 2844 629 2887 me
670 2842 956 2904 unquam
993 2822 1128 2886 nlla
1161 2821 1304 2905 lege
1338 2819 1812 2905 interrogavit?
1859 2821 2003 2901 quis
2038 2826 2264 2899 postu-

309 2908 516 2973 lavit?
573 2910 720 2991 quis
780 2908 952 2971 diem
1013 2907 1220 2971 dixit?
1312 2906 1641 2971 Salustius
1698 2907 1768 2969 in
1814 2904 2126 2969 Catilina:
2183 2905 2259 2968 P.

311 2996 678 3061 Autronius
697 2994 753 3077 ²²)
814 3006 879 3059 et
923 2995 999 3059 P.
1048 2992 1235 3079 Sylla
1289 2993 1610 3078 designati
1666 2992 1966 3059 eonsules
2008 2990 2264 3075 legibus

311 3083 596 3147 ambitus
660 3082 1075 3164 interrogati,
1149 3101 1393 3164 poenas
1467 3079 1797 3144 dederant.
1906 3079 2106 3141 Item:
2175 3078 2267 3141 Et

260 3229 274 3239 ,
310 3168 450 3250 ipse
518 3168 783 3231 Plautia
835 3167 976 3250 lege
1029 3166 1475 3249 interrogatus
1542 3177 1681 3229 erat
1748 3168 1828 3229 ab
1895 3164 1973 3228 L.
2031 3163 2259 3228 Paulo,

310 3255 550 3318 Livius
594 3253 760 3316 libro
806 3253 1134 3317 tricesimo
1179 3262 1433 3317 octavo:
1492 3251 1628 3316 Alii
1683 3252 2012 3315 neminem
2056 3271 2263 3313 unum

309 3348 573 3402 tantum
631 3338 917 3403 eminere
974 3340 1182 3404 civem
1239 3338 1504 3413 debere,
1561 3346 1635 3402 ut
1689 3337 1943 3420 legibus
1981 3335 2261 3399 interro-

309 3425 456 3509 gari
516 3445 647 3488 non
701 3426 921 3507 possit.
1013 3426 1276 3489 Tacitus
1330 3423 1438 3488 lib.
1486 3423 1715 3487 XIII.:
1776 3420 1953 3487 Sane
1997 3421 2261 3519 pepige-

310 3520 415 3575 rat
470 3511 724 3585 Pallas,
781 3531 864 3574 ne
920 3512 1302 3592 cuiusquam
1357 3509 1514 3573 facti
1569 3511 1640 3571 in
1685 3509 2116 3591 praeteritum
2159 3529 2262 3571 m-

309 3605 775 3679 terrogaretur.
864 3598 958 3660 Et
1000 3596 1108 3661 lib.
1156 3595 1377 3660 XIV.:
1428 3596 1799 3660 Damnatus
1834 3592 2066 3658 iisdem
2111 3614 2263 3658 con-

310 3682 560 3748 sulibus
605 3682 1000 3764 Tarquinius
1018 3683 1074 3764 ³)
1132 3683 1401 3747 Priscus
1445 3680 1975 3762 repetundarum,
2021 3678 2262 3760 Bithy·

309 3770 414 3834 nis
456 3769 1028 3852 interrogantibus.
1103 3768 1331 3833 Cicero
1374 3766 1562 3831 Offio.
1600 3767 1652 3830 I.
1702 3765 1869 3829 dixit
1912 3764 2262 3847 appellare,

311 3867 377 3919 et
420 3854 794 3937 Philippica
836 3854 925 3918 Π.
975 3855 1372 3937 appellatum
1418 3851 1497 3916 de
1541 3852 1831 3934 pecunia.

485 3939 713 4021 Ipsum
755 3940 878 4004 sibi
928 3960 1187 4004 manum
1240 3936 1516 4024 iniicere]
1577 3937 1655 4006 Id
1709 3951 1809 4002 est
1861 3958 2012 4002 suos
2069 3938 2264 4000 astec-

638 4033 981 4090 otestatem
1040 4026 1362 4110 redigere,
1422 4033 1487 4088 et
1530 4023 1708 4088 intra
1753 4023 2015 4087 modum
2060 4024 2264 4087 conti-

627 4112 896 4194 ergilius
941 4110 1269 4177 Aeneidos
1311 4112 1398 4176 X.
1421 4129 1434 4172 :

860 4215 1099 4268 Iniecere
1135 4231 1349 4268 manum
1386 4214 1605 4268 Parcae.

314 4037 419 4091 tus
464 4028 533 4090 in

317 4134 487 4177 nere.

315 4302 689 4367 Traxerunt
731 4300 1020 4365 debitum
1065 4300 1216 4378 sibi,
1261 4300 1476 4382 inquit
1520 4298 1812 4375 Servius,
1859 4307 1925 4362 et
1968 4318 2266 4363 sermone

314 4410 471 4453 usus
525 4394 625 4452 est
680 4385 860 4452 iuris.
965 4386 1137 4450 Nam
1189 4408 1427 4451 manus
1488 4386 1747 4450 iniectio
1792 4383 2060 4461 dicitur,
2108 4405 2265 4467 quo-

204 4523 209 4530 .
315 4474 437 4539 ties
489 4473 673 4538 nulla
729 4473 961 4538 iudicis
1019 4473 1373 4537 autoritate
1428 4479 1834 4555 exspectata,
1893 4490 2031 4533 rem
2077 4463 2266 4536 nobis

315 4559 601 4624 debitam
647 4558 1070 4624 vindicamus.
1160 4559 1354 4624 Hane
1399 4557 1615 4623 Servii
1661 4558 2267 4637 interpretationem

314 4644 691 4728 comprobat
730 4665 994 4709 carmen
1041 4643 1267 4711 Ovidii
1311 4644 1692 4727 Elegiarum
1735 4643 1821 4706 1.:

622 4746 697 4800 Et
732 4748 919 4814 dicam,
956 4749 1077 4801 mea'
1114 4754 1262 4801 sunt:
1302 4747 1630 4814 iniiciamque
1667 4761 1873 4798 manue.

317 4843 382 4899 et
421 4834 587 4899 libro
629 4833 939 4899 secundo:

455 5055 513 5123 1)
579 5056 803 5112 Videtur
847 5056 1111 5122 respicere
1155 5053 1232 5107 acl
1280 5053 1481 5122 Ephe&
1544 5055 1634 5108 VI.
1685 5053 1718 5106 9
1766 5061 1860 5109 aut
1917 5052 2026 5108 Col.
2073 5052 2181 5108 IV.
2222 5054 2268 5107 1.

324 5124 472 5179 Nam
507 5126 663 5192 apud
699 5125 917 5179 Petrum
964 5125 1097 5179 haee
1130 5140 1241 5178 non
1285 5122 1553 5190 lequntur.
1642 5123 1834 5177 Verum
1869 5139 1968 5178 nec
2003 5118 2267 5180 δύσκολος

318 5195 604 5262 paulinum
640 5200 731 5247 eet.
807 5192 1085 5247 Caeterum
1129 5191 1281 5247 vides
1326 5206 1444 5244 eum
1492 5190 1558 5244 de
1597 5191 1751 5244 Petri
1783 5194 2050 5247 canonica
2088 5192 2269 5247 dicere

473 5264 485 5277 ⁶
516 5262 704 5317 unica.
959 5260 1021 5326 2)
1062 5260 1156 5317 Sic
1189 5275 1371 5315 omnes
1471 5265 1617 5313 aeter
1649 5261 1822 5315 Amet.
1857 5261 1955 5316 ubi
1985 5261 2270 5316 Antonius.

325 5279 384 5396 Ξ)
422 5331 592 5400 Apud
636 5330 881 5385 Tacitum
916 5331 1076 5385 hodie
1109 5331 1335 5386 habetur
1420 5329 1694 5397 arquitiuS.

2601 622 2606 631 ·
2675 591 2913 646 Iniiciam
2949 592 3192 646 dominas
3228 592 3280 646 in
3315 608 3437 652 mea
3471 594 3589 647 iura
3624 609 3832 649 manue.

2370 676 2748 742 Gulielmus
2792 676 3121 756 Budaeus,
3167 679 3455 761 primum
3498 678 3594 744 rei
3645 678 3969 743 literariae
4011 680 4208 746 decus
4251 691 4320 748 et

2367 761 2697 841 columen,
2755 764 2940 829 cuius
2994 765 3306 831 beneficio
3353 764 3643 847 palmam
3696 765 4081 831 eruditionis
4126 767 4316 833 hodie

2368 848 2491 912 sibi
2548 848 2854 913 vendicat
2918 849 3444 928 nostra·Grallia‚
3514 849 3862 934 diligenter
3932 859 3999 916 et
4067 854 4315 936 copiose

2368 933 2655 1016 explicat
2689 934 2884 999 huius
2920 934 3312 1017 loquutionis
3348 937 3825 1018 proprietatem.
3885 935 4021 1003 Sed
4055 937 4315 1021 quando

2365 1018 2548 1083 addit
2624 1020 3014 1084 recentiores
3092 1020 3274 1086 nullo
3350 1023 3615 1104 antiquo
3691 1024 3989 1106 exemplo
4052 1026 4316 1092 iniicere

2365 1126 2637 1170 manum
2689 1127 3007 1187 usurpare
3062 1112 3210 1184 [pag.
3250 1111 3360 1186 43]
3417 1128 3536 1189 pro
3580 1130 3656 1172 eo
3700 1108 3868 1189 quod
3913 1109 4114 1174 latine
4158 1111 4312 1177 diei-

2364 1196 2476 1254 tur
2527 1192 2763 1255 afferre
2818 1191 2922 1255 vel
2980 1191 3220 1256 inferre
3275 1214 3538 1270 manus,
3603 1192 3669 1257 id
3727 1215 3879 1257 vero
3937 1216 4019 1258 an
4087 1217 4316 1279 perpe-

2365 1286 2556 1340 tuum
2614 1278 2730 1354 sit,
2789 1277 2900 1341 alii
2957 1276 3262 1341 viderint.
3360 1279 3504 1362 Ego
3558 1280 3729 1362 apud
3772 1280 4125 1363 Horatium
4166 1283 4317 1346 inii-

2364 1384 2510 1427 cere
2556 1383 2792 1427 manus
2837 1364 3233 1445 interpretor
3274 1364 3534 1428 inferre.
3624 1365 3909 1430 Carmen
3956 1375 4085 1431 est:

3184 1482 3266 1536 Ne
3303 1484 3443 1536 male
3483 1484 3682 1552 dispari

2847 1551 3250 1605 Incontinentes
3285 1553 3484 1605 iniiciat
3517 1570 3720 1619 manus,

2843 1619 2918 1673 Et
2954 1619 3163 1673 scindat
3197 1621 3509 1675 haerentem
3546 1638 3799 1676 coronam

2846 1688 3087 1741 Crinibus
3123 1690 3542 1757 immeritamque
3579 1702 3799 1745 vestem.

2364 1789 2532 1853 Item
2579 1790 2752 1872 apud
2798 1789 3101 1856 Curtium
3160 1791 3268 1856 lib.
3316 1792 3434 1857 K:
3490 1792 3554 1856 N
3555 1815 3641 1856 on
3684 1802 4026 1859 contentus
4068 1797 4313 1879 suppli·

2365 1876 2462 1940 cio
2502 1877 2781 1941 insontis
2826 1877 3046 1959 spade,
3093 1878 3229 1960 ipse
3273 1879 3592 1942 morituro
3635 1900 3903 1944 manum
3946 1882 4182 1946 iniecit.

2546 1978 2833 2045 Occidere
2870 1986 3081 2045 contra
3126 1978 3340 2066 leyem]
3412 1979 3616 2046 Salva
3659 2004 3763 2047 res
3808 1991 3924 2060 est,
3972 1984 4081 2048 ubi
4115 1984 4315 2063 semel

2367 2065 2529 2129 haec
2577 2066 2881 2148 cogitatio
2925 2065 3124 2130 subiit
3179 2067 3565 2131 memoriam
3608 2068 3939 2150 principis.
4029 2069 4174 2134 Hoc
4218 2080 4317 2134 est

2367 2152 2541 2214 enim
2601 2151 2771 2233 quod
2830 2151 3042 2234 perdit
3084 2168 3428 2236 tyrannos,
3485 2174 3686 2235 quum
3729 2154 4070 2219 licentiosa
4113 2155 4315 2220 domi-

2366 2238 2630 2301 natione
2658 2240 2707 2320 ¹)
2764 2238 3052 2302 eximere
3107 2259 3176 2303 se
3217 2239 3461 2304 ,turbae
3517 2238 3760 2304 volunt.
3864 2238 3975 2305 Sic
4030 2241 4316 2323 loquitur

2370 2324 2616 2387 Atreus
2664 2323 2840 2405 apud
2884 2323 3230 2389 Senecam:

2883 2444 3082 2511 PietaS,
3121 2444 3458 2511 sanctitaS,²)
3497 2443 3631 2497 fides

2584 2554 2591 2563 .
2646 2511 2874 2566 Privata·
2898 2514 3040 2567 bona
3075 2519 3224 2566 sunt:
3262 2529 3368 2579 qua
3402 2514 3564 2578 iuvat,
3603 2529 3756 2580 reges
3795 2521 3937 2567 eant.

2368 2613 2632 2694 Quanto
2687 2614 2849 2679 illud
2893 2616 3170 2681 melius?
3231 2615 3545 2681 Occidere
3590 2617 4072 2696 immerentem,
4116 2617 4316 2682 latro-

2366 2722 2527 2764 num
2576 2710 2640 2763 et
2683 2711 3123 2799 grassatorum
3171 2701 3312 2767 laus
3358 2711 3473 2767 est.
3560 2702 3833 2784 Eripere
3880 2703 4079 2766 vitam
4125 2725 4316 2767 nemo

2366 2808 2497 2851 non
2542 2787 2794 2850 hommi
2838 2794 3067 2869 potest,
3114 2788 3319 2853 vitam
3365 2789 3669 2867 tribuere,
3719 2790 3975 2872 regium
4016 2797 4132 2852 est.

2542 2870 2847 2955 Maynam
2877 2871 3223 2959 fortunam]
3285 2872 3487 2937 Aliud
3522 2883 3622 2938 est
3651 2882 4106 2956 argumentum
4144 2876 4314 2940 eius·

2369 2958 2518 3023 dem
2559 2959 2860 3036 rationiS,
2907 2955 3077 3042 quod
3121 2960 3213 3023 sic
3254 2959 3328 3021 in
3367 2961 3644 3023 formam
3690 2959 4049 3043 syllogismi
4097 2960 4314 3044 colligi

2364 3053 2596 3129 potest.
2686 3046 2934 3129 Magna
2975 3045 3237 3110 fortuna
3279 3067 3594 3129 magnum
3640 3047 3931 3110 animum
3973 3045 4314 3112 desiderat.

2367 3132 2657 3215 Magnus
2711 3133 2969 3196 animus
3026 3139 3125 3196 est
3177 3129 3471 3214 placidus
3528 3138 3595 3196 et
3646 3131 4053 3210 moderatus,
4099 3140 4166 3197 et
4205 3135 4315 3216 qui

2369 3218 2450 3281 ad
2509 3217 2866 3300 quamlibet
2930 3217 3354 3281 offensionem
3414 3217 3493 3282 de
3547 3217 3755 3302 gradu
3808 3228 3954 3282 non‘
3996 3216 4312 3284 deiieit‘ur.

2367 3304 2548 3387 Ergo
2590 3305 2911 3386 princepe,
2960 3312 3033 3368 ut
3073 3324 3420 3386 personam
3468 3304 3778 3386 principis
3824 3305 4159 3381 sustineat,
4206 3304 4317 3369 de-

2368 3389 2478 3453 bet
2535 3389 2858 3454 inoffensa
2926 3389 3128 3454 animi
3193 3390 3517 3472 aequitate
3573 3390 3961 3455 offensiones
4030 3401 4317 3456 contem-

2368 3497 2523 3540 nere
2567 3484 2635 3539 et
2677 3476 2974 3540 iniurias.
3063 3475 3194 3542 Hic
3249 3497 3381 3540 non
3426 3475 3777 3540 admodum
3821 3476 4161 3541 laboro'ut
4201 3498 4320 3560 per

2367 3561 2590 3625 omnia
2634 3562 2920 3625 serviam
2962 3560 3215 3644 legibus
3259 3560 3774 3640 dialecticorum,
3818 3561 4010 3627 modo
4055 3584 4318 3629 sensum

2368 3646 2651 3711 fideliter
2695 3668 3019 3729 assequar.

2540 3747 2850 3832 Maynam
2889 3747 3236 3835 fortunam]
3301 3750 3365 3814 N
3367 3772 3450 3814 on
3496 3759 3755 3816 tantum
3799 3753 3950 3834 quia
3995 3751 4318 3817 secundae

2368 3857 2492 3911 res,
2550 3845 2624 3899 ut
2667 3836 2758 3898 ait
2801 3834 2994 3913 Cato,
3052 3857 3090 3899 a
3132 3843 3308 3901 recte
3364 3837 3760 3902 consulendo
3820 3846 4014 3919 atque
4075 3837 4319 3902 intelli-

2370 3920 2584 4005 gendo
2628 3929 3082 3985 transvorsum
3127 3920 3393 3986 trudere
3436 3922 3645 3989 solent
3696 3924 4028 3987 hominem
4071 3922 4322 3988 laetitia

2369 4007 2815 4072 exsultantem
2886 4016 2953 4070 et
3032 4006 3480 4072 ferocientem:
3574 4008 3688 4074 sed
3765 4007 3934 4090 quod
4011 4009 4320 4092 plerique,

2370 4094 2576 4158 animi
2631 4093 3024 4169 abiectioris,
3082 4092 3165 4157 ad
3220 4092 3442 4158 sordes
3487 4096 3622 4158 nati
3641 4146 3656 4172 ,
3713 4093 4040 4158 illustrem
4093 4116 4321 4178 gerere

2370 4200 2722 4262 personam
2780 4201 2915 4243 non
2967 4189 3260 4264 possunt.
3364 4178 3819 4245 Succumbunt
3886 4180 4061 4243 enim
4115 4182 4318 4260 oneri,

2371 4276 2437 4330 et
2490 4285 2611 4329 suo
2668 4263 3010 4348 splendore
3064 4266 3655 4349 praestringuntur.
3747 4264 3860 4330 Sic
3917 4264 4186 4332 Curtius
4243 4266 4323 4331 de

2371 4350 2781 4416 Alexandro:
2842 4352 3156 4417 Nondum
3208 4352 3470 4416 fortuna
3526 4373 3594 4415 se
3640 4351 3778 4417 eius
3830 4350 4047 4415 animo
4093 4374 4320 4436 super-

2370 4437 2643 4502 fuderat.
2757 4436 2933 4504 Hine
2997 4446 3064 4502 et
3120 4436 3233 4501 illa
3290 4445 3704 4502 emanarunt:
3783 4436 3848 4500 N
3851 4457 3922 4502 ec
3988 4438 4320 4504 fortunam

2371 4523 2544 4606 capit
2585 4524 2724 4608 ipse
2767 4545 2970 4588 suam.
3061 4524 3258 4587 Item:

2650 4625 2723 4680 Ut
2757 4634 2814 4679 tu
2851 4627 3136 4692 fortunam,
3174 4627 3251 4679 sic
3287 4642 3386 4680 nos
3423 4631 3496 4692 te,
3535 4625 3709 4695 Celse,
3744 4626 3995 4682 feremus.

2372 4727 2653 4795 Ovidius
2695 4730 2764 4793 in
2809 4729 3249 4795 consolatione
3293 4726 3379 4793 ad
3419 4728 3718 4794 Liviam:

2648 4849 2912 4917 Imposuit
2948 4856 3001 4902 te
3036 4849 3148 4902 alto
3184 4849 3418 4916 fortuna,
3454 4849 3734 4973 locumrque
3770 4856 3955 4903 tenere

2750 4916 2912 4971 Iussit
2945 4917 3284 4984 honoratum,
3321 4917 3490 4984 Livia,
3529 4934 3597 4987 pe
3651 4935 3711 4972 er
3747 4933 3898 4972 onus.

2512 5192 2573 5258 1)
2613 5191 2761 5245 Ead.
2798 5194 3122 5248 recentiores
3156 5193 3285 5247 inde
3318 5195 3387 5248 ab
3424 5209 3475 5247 a.
3514 5191 3675 5244 1611:
3710 5191 4069 5247 damnatione.
4259 5192 4321 5260 2)
4347 5216 4364 5222 ·

2374 5260 3291 5399 {mtiggnbxemstaqoedimm
3327 5263 3612 5318 scribitur.-
3648 5260 3942 5332 Sanctitas„
3970 5264 4164 5330 pietas.
4232 5260 4329 5318 Sic

3846 5416 3912 5468 4*
