5100 6061
675 460 801 521 247

676 646 903 711 visum
970 649 1096 722 est,
1168 662 1366 726 quam
1408 638 1752 723 paululum
1805 634 2067 701 inflexis
2122 652 2344 699 coram
2414 639 2635 698 statua

680 731 1055 816 poplitibus,
1100 729 1274 812 regis
1308 727 1513 793 oculis
1558 725 1949 790 satisfacere.
2009 718 2310 802 Quorum
2355 725 2471 784 aut
2514 737 2636 781 nos

683 817 1007 883 insaniam
1066 813 1397 880 rideamus
1411 864 1425 889 ,
1486 808 1659 894 quod
1713 808 1970 873 nnllam
2024 805 2186 870 adeo
2241 805 2322 870 ob
2367 823 2636 901 causam

686 901 1121 986 potentissimi
1177 900 1349 983 regis
1392 895 1798 962 iracundiam
1842 894 1914 958 in
1965 912 2061 970 se,
2119 911 2358 974 magno
2403 890 2637 973 capitis

689 989 793 1054 sui
837 986 1228 1064 discrimine,
1266 983 1764 1048 inflammarint:
1812 978 1917 1043 vel
1951 977 2251 1059 exemplo
2290 976 2635 1054 discamus,

691 1081 1004 1140 externae
1060 1091 1313 1154 quoque
1357 1074 1821 1151 susceptaeque
1862 1066 1936 1129 in
1972 1064 2312 1128 hominum
2358 1061 2641 1145 gratiam

691 1158 1093 1225 idololatriae
1144 1154 1409 1239 gravius
1465 1152 1645 1218 omni
1693 1158 1904 1217 morte
1962 1150 2230 1214 subesse
2283 1147 2636 1231 piaculum.

692 1243 935 1326 Quare,
971 1263 1176 1326 quum
1210 1262 1246 1305 e
1282 1240 1533 1305 duobus
1568 1236 1945 1323 eligendum
1981 1244 2156 1300 esset
2189 1234 2486 1311 alterum,
2524 1239 2642 1295 aut

690 1341 769 1395 ut
810 1348 1080 1395 excusso
1132 1326 1262 1392 Dei
1316 1327 1548 1390 timore
1592 1324 1908 1391 scelerato
1952 1321 2163 1386 edicto
2206 1321 2640 1402 obsequeren-

691 1422 832 1493 tur,
891 1421 1008 1479 aut
1061 1413 1359 1477 homines
1414 1431 1572 1494 prae
1616 1411 1759 1475 Deo
1804 1417 2221 1474 contemnere
2310 1405 2483 1470 alam
2526 1402 2641 1467 de-

693 1501 1036 1578 clararent,
1074 1506 1307 1563 notum
1344 1518 1485 1563 esse
1521 1497 1663 1580 regi
1699 1494 2069 1572 voluerunt,
2105 1512 2232 1575 quo
2322 1493 2461 1557 eius
2503 1508 2639 1554 non

694 1587 978 1652 colerent
1000 1585 1171 1663 deos,
1208 1604 1333 1648 nec
1367 1601 1563 1665 quam
1598 1589 1899 1646 erexerat
1933 1587 2234 1656 statuam,
2272 1575 2638 1643 adorarent.

692 1672 936 1738 Parem
968 1672 1167 1735 etiam
1188 1667 1486 1733 Danielis
1520 1668 1726 1750 ipsius
1764 1668 1836 1730 in
1862 1686 2059 1731 causa
2092 1684 2407 1748 perquam
2439 1660 2641 1727 simili

703 1758 1155 1834 constantiam,
1197 1755 1566 1837 quicunque
1605 1753 1693 1817 sit
1734 1752 1845 1816 ille
1883 1753 2178 1834 scriptor,
2219 1750 2329 1831 qui
2372 1746 2455 1811 ad
2499 1746 2642 1811 eius

693 1843 1105 1927 prophetiam
1128 1838 1553 1924 appendicem
1580 1837 1779 1922 (Dan.
1814 1838 1920 1921 14)
1958 1835 2208 1914 adiecit,
2249 1852 2641 1902 commemo-

696 1938 828 1994 rat:
869 1949 1070 2012 quum
1114 1926 1424 1990 maluisse
1465 1931 1694 1989 narrat
1734 1923 1999 1989 leonum
2036 1922 2365 2005 unguibus
2390 1940 2461 1985 se
2507 1918 2639 1983 dis-

696 2013 1098 2098 cerpendum
1164 2012 1545 2094 permittere
1601 2030 1797 2092 quam
1864 2008 1947 2073 ad
2018 2007 2317 2073 draconis
2373 2005 2642 2082 cultum,

697 2101 810 2185 qui
833 2120 950 2182 pro
974 2099 1116 2163 Deo
1162 2119 1202 2161 a
1226 2098 1498 2162 caeteris
1529 2096 1880 2173 colebatur,
1905 2115 2080 2178 genu
2105 2093 2507 2159 submittere.
2552 2092 2648 2154 At

742 2186 1003 2251 uoniam
1049 2203 1182 2248 non
1226 2182 1528 2248 omnibus
1562 2181 1760 2246 fidem
1797 2181 1954 2245 facit
1989 2180 2281 2257 historia,
2328 2199 2413 2242 ex
2455 2197 2533 2241 ea
2569 2179 2645 2240 fi-

745 2293 851 2336 em
887 2270 1073 2335 dictis
1107 2269 1272 2333 meis
1307 2268 1656 2333 conciliare
1690 2265 2097 2351 supersedeo.
2164 2266 2375 2330 Porro
2412 2284 2495 2328 nc
2531 2262 2649 2344 qui

699 2357 781 2422 ab
825 2353 1173 2420 adorandis
1216 2354 1455 2420 statuis
1498 2360 1694 2436 caput
1736 2352 2075 2430 duntaxat,
2121 2360 2236 2415 aut
2279 2370 2456 2434 genu
2498 2349 2649 2438 abs7

700 2442 1037 2519 tabuisset,
1082 2439 1228 2504 ideo
1272 2461 1342 2504 se
1397 2440 1817 2522 perfunctum
1872 2438 2307 2515 existimaret,
2367 2434 2651 2518 plurima

701 2525 950 2593 addidit
973 2533 1317 2610 praecepta
1339 2526 1665 2591 Dominus
1693 2524 1773 2590 de
1796 2523 2217 2591 caeremoniis
2252 2522 2387 2587 suis
2423 2529 2650 2585 sancte

700 2611 1158 2692 custodiendis,
1176 2612 1258 2676 de
1279 2612 1404 2678 viis
1425 2612 1721 2696 gentium
1741 2612 1813 2675 in
1834 2617 2050 2675 totum
2070 2606 2412 2693 fugiendis.
2451 2604 2652 2689 Apud

699 2699 1086 2782 prophetam
1140 2697 1293 2782 (Ies.
1344 2702 1444 2775 52,
1496 2698 1603 2780 11)
1658 2704 1878 2762 autem
1921 2717 2054 2760 uno
2113 2695 2312 2761 verbo
2354 2713 2651 2776 pronun-

702 2785 910 2863 ciavit,
956 2804 1153 2867 quam
1198 2782 1422 2866 procul
1464 2783 1545 2848 ab
1591 2785 1770 2848 omni
1814 2782 2168 2865 impietatis
2212 2779 2652 2847 communica-

699 2872 881 2935 tione
936 2869 1160 2935 abesse
1217 2868 1528 2952 populum
1581 2890 1776 2933 suum
1831 2867 2056 2945 vellet,
2116 2887 2323 2950 quum
2387 2863 2652 2929 Iudaeis

699 2956 1127 3041 Babylonem·
1150 2954 1503 3038 deportatis
1539 2956 1802 3019 omnino
1837 2953 2199 3032 interdixit,
2236 2950 2653 3016 immundum

700 3064 785 3107 ne
845 3044 1265 3126 attingerent.
1345 3039 1500 3123 Qua
1525 3043 1573 3124 ¹)
1635 3041 1928 3106 clausula
1986 3044 2088 3124 (ut
2139 3038 2393 3105 Paulus
2447 3039 2651 3102 inter-

698 3129 1026 3212 pretatur)
1082 3128 1460 3193 summatim
1514 3125 2034 3211 comprehendit‚
2081 3147 2167 3190 ne
2219 3145 2348 3207 qua
2389 3122 2651 3206 religio-

700 3216 804 3280 nis
847 3235 1006 3280 suac
1050 3214 1391 3278 sanctitate
1432 3213 1647 3277 aliena
1687 3212 2087 3295 indignaque
2131 3210 2537 3275 caeremonia
2579 3229 2650 3274 se

701 3301 1237 3366 contaminarent.
1306 3298 1482 3362 Nam
1536 3297 2030 3363 Corinthiorum
2085 3295 2396 3362 ecclesiae
2450 3294 2530 3360 de
2575 3315 2652 3359 ea

702 3407 774 3450 re
817 3385 1224 3467 praecipiens
1261 3381 1345 3448 ad
1380 3382 1813 3466 colligendam
1848 3384 2048 3448 totius
2091 3403 2247 3449 suae
2290 3382 2652 3447 sententiae

702 3491 1048 3546 summam,
1064 3470 1187 3535 hoc
1210 3468 1583 3534 testimonio
1607 3475 1951 3534 contentus
1970 3468 2111 3533 fuit.
2157 3467 2307 3532 Non
2331 3476 2433 3533 est
2451 3465 2650 3546 istud,

700 3555 867 3621 mihi
903 3555 1110 3633 crede,
1148 3554 1383 3620 leviter
1407 3575 1528 3621 nec
1549 3556 1902 3620 oscitanter
1921 3552 2499 3637 praetereundum:
2547 3575 2653 3618 sa-

706 3649 1110 3707 crosanctam
1148 3641 1279 3710 Dei
1315 3639 1692 3724 religionem
1732 3642 1858 3704 rite
1889 3661 2002 3706 eos
2141 3661 2213 3705 os
2247 3659 2650 3718 conservare,

700 3728 814 3811 qui
857 3726 1054 3791 nullis
1096 3728 1310 3810 ipsam
1353 3747 1811 3809 perversarum
1855 3747 2015 3809 supe
2120 3727 2389 3790 ‘tionum
2433 3726 2652 3808 inqui-

700 3813 1030 3878 namentis
1071 3812 1435 3895 profanent.
1504 3805 1803 3878 Eandem
1835 3812 1981 3878 illos
2022 3811 2270 3879 violare
2283 3863 2299 3890 ,
2342 3810 2652 3893 polluere,

699 3899 1017 3977 lacerare,
1070 3898 1179 3981 qui
1223 3898 1500 3981 impuris
1552 3899 1765 3981 ipsam
1813 3898 2161 3982 impiisque
2205 3897 2443 3963 ritibus
2494 3897 2653 3962 mis-

703 3993 911 4050 ceant.
1001 3983 1152 4067 Qua
1205 3984 1593 4068 cogitatione
1649 3984 1761 4067 qui
1816 4005 1886 4050 se
1941 3984 2340 4050 exercebunt
2403 3983 2648 4063 fideles,

704 4070 820 4134 tali
841 4070 1181 4154 sacrilegio
1204 4091 1287 4135 ne
1309 4069 1570 4153 quando
1594 4091 1665 4136 se
1699 4071 2130 4155 obstringant,
2149 4074 2296 4149 [pag.
2331 4075 2432 4150 12]
2470 4071 2651 4135 omni

703 4155 919 4222 studio
956 4154 1402 4239 providebunt.
1461 4156 1545 4220 In
1569 4178 1722 4222 eum
1754 4156 2023 4221 modum
2047 4155 2404 4236 Abraham,
2442 4157 2650 4235 Isaac,

704 4241 1068 4324 caeterique
1090 4242 1517 4325 patriarchae,
1548 4263 1750 4325 quum
1785 4243 2129 4326 regionum
2166 4252 2386 4308 essent
2421 4263 2652 4308 earum

701 4328 1008 4412 inquilini
1044 4349 1207 4410 quae
1242 4327 1565 4393 idolorum
1602 4327 2194 4393 abominationibus
2229 4330 2507 4394 refertae
2548 4351 2651 4396 es-

702 4424 877 4492 sent,
926 4433 1298 4497 quanquam
1352 4435 1484 4478 non
1528 4416 1668 4479 sine
1715 4414 1964 4498 gemitu
2006 4416 2387 4498 spectabant
2430 4415 2650 4499 hospi-

704 4508 849 4565 tum
894 4521 1162 4565 suorum
1203 4499 1510 4578 insanias,
1558 4499 1712 4584 quia
1753 4512 1979 4565 tamen
2017 4499 2269 4565 mederi
2303 4523 2433 4567 non
2471 4511 2650 4584 pote-

701 4593 882 4666 rant,
938 4584 1231 4650 ferebant
1273 4585 1535 4668 quidem
1579 4608 1689 4651 eas
1706 4637 1722 4664 ,
1767 4585 1884 4651 sed
1927 4607 1998 4652 se
2038 4587 2113 4651 in
2154 4606 2321 4668 puro
2365 4586 2650 4653 illibato-

701 4693 829 4755 que
880 4672 1009 4737 Dei
1065 4671 1166 4736 sui
1220 4670 1402 4734 cultu
1457 4671 1728 4737 sollicite
1783 4673 2222 4738 continebant.
2301 4674 2521 4755 Atque
2576 4683 2652 4740 ut

701 4759 783 4823 ab
828 4779 1056 4823 eorum
1099 4757 1665 4838 superstitionibus
1709 4780 1778 4824 se
1824 4757 2168 4835 dissidere,
2214 4759 2468 4842 publice
2515 4781 2649 4824 non

700 4842 1222 4928 proclamabant:
1268 4843 1361 4906 ita
1401 4865 1520 4909 nec
1554 4844 1759 4909 ullam
1795 4844 2040 4910 dabant
2082 4844 2646 4927 significationem,

702 4951 834 5011 qua
886 4951 956 4994 se
1014 4928 1383 4994 consentire
1450 4930 1854 4995 simularent.
1931 4930 2156 4996 Huius
2212 4931 2650 5014 simplicitatis

701 5015 962 5099 insigne
989 5015 1241 5079 exstitit
1267 5016 1337 5079 in
1372 5013 1652 5081 Daniele
1687 5016 1875 5100 (Cap.
1916 5019 1972 5096 6,
2016 5019 2124 5100 11)
2163 5017 2646 5084 documentum.

698 5303 1092 5438 clausllheffdd.
1125 5321 1255 5362 rece.
1283 5305 1419 5359 1576
1443 5320 1583 5376 seqq.
1619 5305 1844 5360 habent:
1880 5306 2027 5370 Quae
2065 5307 2254 5374 (15662
2292 5326 2393 5378 par
2415 5311 2646 5380 laquelle

2396 442 2863 511 EPIS'POLA
2904 444 2959 510 I.

4564 442 4694 504 248

2739 633 2914 698 Nam
2968 634 3270 717 quamvis
3325 631 3671 718 Babylone
3714 632 3785 696 in
3827 630 4062 697 mediis
4103 630 4510 697 idololatriae
4552 650 4694 696 sor-

2742 718 2931 785 dibus
2966 726 3360 796 versaretur,
3406 720 3559 803 quia
3601 726 3825 782 tamen
3863 719 3943 784 ab
3979 720 4158 783 omni
4201 717 4430 800 procul
4466 715 4696 782 aberat

2741 806 3345 871 communicationis
3382 804 3812 881 simulatione,
3849 803 4120 887 perinde
4157 825 4233 869 ac
4267 804 4323 869 si
4358 803 4556 886 longo
4591 804 4694 867 in-

2741 892 3017 958 tervallo
3056 890 3426 956 disiunctus
3460 899 3650 967 esset,
3683 889 4010 954 maculam
4056 890 4311 956 nullam
4344 890 4695 956 contrahe-

2740 978 2869 1042 bat.
2922 976 3252 1058 Quoniam
3289 986 3513 1041 autem
3534 977 3606 1039 in
3642 996 3949 1041 consessu
3984 977 4209 1060 populi
4232 997 4427 1042 verae
4462 974 4695 1057 pietati

2741 1061 3005 1128 videbat
3037 1083 3171 1128 non
3207 1062 3344 1127 fore
3387 1062 3620 1140 locum,
3658 1061 3738 1125 ab
3773 1061 3913 1127 eius
3951 1071 4301 1145 conspectu
4334 1061 4694 1127 subductus

2701 1142 2716 1167 ⁴
2740 1149 3037 1215 obductis
3087 1148 3414 1215 coenaculi
3452 1147 3725 1225 foribus,
3762 1148 3979 1214 Deum
4015 1170 4225 1227 suum,
4263 1169 4390 1231 qua
4424 1147 4698 1213 decebat

2740 1235 3045 1318 puritate,
3083 1255 3380 1300 seorsum
3400 1233 3679 1299 colebat:
3718 1234 3813 1298 ita
3836 1236 3907 1298 in
3940 1234 4196 1316 publico
4222 1235 4400 1299 urbis
4424 1253 4500 1299 ac
4535 1255 4694 1318 gen-

2742 1322 2827 1384 tis
2880 1342 3101 1386 errore
3154 1342 3195 1385 a
3236 1321 3346 1386 via
3408 1321 3550 1403 ipse
3602 1341 3732 1384 non
3793 1320 4190 1386 deflectebat.
4270 1319 4424 1385 Huc
4467 1328 4535 1384 et
4574 1319 4697 1383 illa

2743 1406 3006 1473 Iudaeis
3059 1409 3132 1471 in
3189 1406 3332 1491 lege
3388 1415 3734 1489 praecepta
3786 1407 4155 1471 observatio
4209 1406 4569 1489 spectabat,
4617 1414 4697 1469 ut

2744 1514 2827 1557 ne
2855 1495 2902 1576 ¹)
2938 1513 3171 1557 aurum
3198 1492 3303 1557 vel
3344 1499 3695 1576 argentum
3730 1514 3767 1557 e
3803 1493 4103 1575 gentium
4140 1491 4553 1575 sculptilibus
4579 1513 4697 1575 ap-

2742 1585 3059 1662 peterent,
3098 1598 3173 1643 ac
3206 1578 3529 1643 inferrent
3561 1578 3634 1641 in
3669 1576 3892 1643 domos
3914 1597 4098 1643 suas:
4144 1579 4257 1644 sed
4293 1577 4482 1660 quasi
4503 1598 4698 1660 spur-

2745 1665 2966 1731 citiam
3002 1677 3070 1728 et
3109 1665 3331 1730 sordes
3376 1662 3936 1741 abominarentur,
3975 1663 4145 1746 quod
4181 1664 4450 1729 Domini
4484 1664 4701 1730 forent

2746 1750 3187 1816 anathemata.
3234 1748 3348 1816 Sic
3393 1752 3570 1827 enim
3608 1748 3691 1813 ad
3727 1749 4191 1815 detestandum
4225 1750 4295 1814 id
4330 1771 4540 1828 omne,
4578 1771 4696 1814 ex-

2747 1835 3261 1918 secrandumque
3305 1834 3622 1918 quidquid
3666 1835 3828 1900 idoli
3863 1835 4131 1900 nomine
4165 1835 4367 1901 semel
4401 1836 4699 1900 inustum

2745 1923 2992 2001 fuisset,
3030 1942 3140 1987 eos
3159 1922 3570 1987 instituebat:
3609 1942 3735 2003 quo
3770 1922 3851 1986 ab
3886 1924 4066 1987 omni
4100 1922 4446 2006 gentilium
4469 1942 4698 2005 super-

2747 2009 3088 2073 stitionum
3123 2007 3539 2073 immunditie
3583 2009 3936 2073 animosius
3981 2008 4426 2074 abhorrerent.

2922 2092 3115 2176 Quod
3169 2095 3223 2158 si
3276 2101 3465 2159 tanta
3506 2101 3817 2158 externae
3864 2094 4281 2176 professionis
4325 2093 4700 2160 sinceritate

2751 2180 3133 2264 religionem
3188 2201 3404 2259 suam,
3466 2180 3806 2245 obscuram
3863 2180 4079 2245 adhuc
4134 2189 4201 2245 et
4252 2180 4483 2263 figuris
4527 2179 4701 2245 dun-

2752 2275 2940 2331 taxat
2975 2265 3451 2344 adumbratam,
3490 2265 3611 2331 sub
3657 2267 3861 2331 veteri
3899 2274 4291 2331 testamento
4330 2266 4468 2332 coli*
4489 2265 4702 2332 voluit

2751 2352 2958 2429 Deus,
3015 2360 3260 2436 quanto
3314 2352 3382 2416 id
3439 2351 3832 2417 christianae
3876 2351 4184 2419 ecclesiae
4239 2353 4462 2417 verius
4502 2352 4704 2417 fuerit

2754 2438 3248 2522 praestandum:
3309 2439 3411 2503 cui
3469 2439 3608 2521 ipse
3653 2459 3771 2521 per
3815 2438 4231 2522 unigenitum
4287 2438 4496 2503 filium
4541 2437 4705 2503 dum

2755 2526 3077 2609 apparuit,
3122 2525 3480 2607 sapientiae
3525 2545 3682 2590 suae
3718 2526 4033 2608 mysteria
4076 2523 4206 2590 late
4251 2523 4587 2603 reseravit,
4636 2532 4705 2589 et

2754 2619 2890 2676 toto
2950 2610 3154 2675 veluti
3211 2608 3461 2674 ambitu
3525 2610 3870 2675 veritatem
3928 2631 4118 2675 suam
4183 2610 4451 2676 illucere
4503 2608 4700 2676 fecit?

2754 2695 2962 2779 quue
2984 2697 3201 2779 ipsum
3225 2695 3667 2779 apostolorum
3695 2694 3990 2761 doctrina
4019 2697 4407 2762 confirmare
4485 2698 4706 2779 romp-

2754 2790 2899 2847 tum
2954 2789 3086 2847 est:
3146 2803 3304 2847 nam
3357 2790 3853 2865 argumentum,
3911 2803 4037 2864 quo
4088 2781 4343 2848 Paulus
4474 2802 4706 2846 versus

2752 2868 3250 2934 fornicationem
3286 2868 3512 2946 utitur,
3558 2867 3817 2951 quando
3856 2867 4051 2933 huius
4086 2889 4342 2951 quoque
4384 2868 4508 2932 loci
4552 2888 4706 2951 pro-

2755 2956 2967 3040 priam
2990 2955 3190 3019 habet
3213 2955 3551 3033 rationem,
3592 2954 3723 3019 huc
3760 2953 4248 3019 accommodare
4288 2954 4555 3018 minime
4588 2955 4707 3018 ab·

2756 3041 3030 3106 surdum
3074 3042 3226 3106 erit:
3273 3041 3573 3121 Nescitis,
3620 3041 3852 3123 inquit,
3899 3061 4176 3123 corpora
4218 3050 4457 3120 vestra,
4499 3062 4707 3105 mem-

2755 3127 2873 3192 bra
2917 3148 3060 3193 esse
3104 3126 3398 3192 Christi?
3467 3127 3733 3192 Tollens
3769 3147 3925 3210 ergo
3964 3126 4260 3193 membra
4296 3126 4567 3205 Christi,
4604 3127 4706 3191 fa-

2755 3215 2925 3279 ciam
2960 3212 3257 3279 membra
3291 3212 3694 3279 meretricis?
3765 3211 3961 3277 Absit
4003 3215 4066 3295 (1
4111 3212 4259 3278 Cor.
4301 3217 4358 3290 6,
4404 3213 4529 3296 15).
4587 3210 4706 3279 Sin

2755 3308 2822 3365 et
2865 3298 2948 3364 ad
2988 3298 3265 3364 eandem
3309 3300 3495 3364 nobis
3529 3299 3810 3364 formam
3844 3299 4224 3364 ratiocinari
4263 3298 4444 3363 licet:
4488 3298 4706 3364 Mem-

2755 3384 2874 3450 bra
2891 3393 3121 3449 nostra
3145 3407 3347 3467 quum
3375 3384 3631 3450 Christi
3657 3386 3952 3450 membra
3975 3386 4128 3463 sint,
4166 3384 4490 3449 idolorum
4524 3384 4708 3450 cultu

2755 3470 2861 3536 vel
2905 3470 3262 3538 immundis
3316 3471 3886 3554 superstitionibus
3927 3470 4375 3537 foedabimus?
4436 3478 4506 3534 at
4544 3470 4707 3552 quid

2755 3557 2878 3622 hoc
2920 3558 3133 3636 fuerit,
3181 3558 3307 3621 nisi
3344 3557 3450 3623 vel
3485 3556 3740 3622 Christi
3776 3556 4053 3641 gloriam
4086 3557 4207 3621 tali
4243 3555 4560 3622 subiicere
4606 3556 4620 3568 ‘
4675 3592 4708 3606 -

2755 3644 3110 3707 nominiae:
3149 3644 3255 3708 vel
3293 3664 3529 3725 corpus
3573 3657 3873 3708 nostrum
3916 3663 3956 3708 a
3991 3641 4241 3708 Christi
4275 3663 4545 3725 corpore
4586 3662 4632 3706 a

2756 3727 3071 3807 scindere,
3116 3736 3191 3793 ut
3236 3749 3386 3795 cum
3429 3729 3619 3794 idolis
3667 3733 3815 3808 [pag.
3867 3734 3971 3808 13]
4012 3727 4414 3816 fornicetur?
4484 3726 4708 3808 Quam

2756 3836 2910 3880 vero
2947 3813 3210 3880 demum
3252 3815 3778 3898 praeceptionem
3821 3813 4109 3893 subiicit,
4156 3813 4239 3878 ad
4282 3834 4543 3878 omnem
4586 3835 4707 3878 ex-

2756 3908 3012 3966 ternam
3054 3898 3568 3967 moderationem
3611 3900 3936 3984 generalis
3986 3909 4115 3966 est:
4162 3909 4238 3964 ut
4279 3920 4512 3983 corpus
4551 3919 4708 3967 nos·

2757 3996 2938 4051 trum
2989 3988 3483 4052 meminerimus
3539 3987 3862 4070 templum
3928 4006 4069 4052 esse
4133 3986 4406 4069 spiritus
4462 3986 4704 4051 sancti:

2758 4094 2876 4138 nos
2903 4094 3035 4138 non
3063 4093 3205 4138 esse
3229 4083 3509 4139 nostros:
3536 4082 3790 4155 emptos
3810 4073 3984 4137 enim
4023 4094 4163 4139 esse
4197 4072 4406 4154 pretio
4440 4091 4704 4155 magno,

2755 4157 2994 4223 idcirco
3018 4159 3410 4241 portandum
3433 4167 3502 4224 et
3536 4157 4032 4243 glorificandum
4069 4159 4289 4223 Deum
4324 4159 4397 4222 in
4432 4176 4704 4239 corpore

2754 4253 2996 4311 nostre.
3074 4245 3328 4328 Ecquid
3373 4245 3656 4312 elucebit
3698 4247 3767 4309 in
3813 4265 4079 4326 corpore
4126 4253 4348 4309 nostro
4387 4243 4515 4308 Dei
4559 4243 4704 4327 glo-

2755 4332 2881 4410 ria,
2928 4331 2982 4397 si
3025 4330 3200 4396 inter
3242 4332 3731 4415 sacrilegiorum
3776 4330 3999 4396 sordes
4036 4328 4505 4414 provolvatur?
4570 4329 4704 4394 Ec-

2754 4416 2909 4500 quid
2931 4437 3119 4482 sacra
3140 4417 3368 4500 templi
3388 4416 3518 4482 Dei
3552 4417 3863 4483 sanctitas
3900 4416 4412 4493 conservabitur,
4450 4415 4505 4480 si
4543 4414 4702 4480 alie-

2753 4504 2856 4568 nis
2913 4504 3328 4586 profanisque
3385 4504 3619 4569 ritibus
3678 4501 4053 4585 polluatur?
4122 4502 4404 4580 Verum,
4460 4502 4516 4565 si
4570 4521 4704 4582 qua

2754 4588 2884 4652 alia
2938 4590 3009 4653 in
3063 4598 3252 4670 parte
3308 4590 3665 4654 vehemens
3721 4596 3823 4654 est
3878 4588 3962 4653 ad
4003 4588 4289 4654 officium
4331 4587 4702 4653 cohortator

2751 4674 3026 4754 Paulus,
3053 4676 3120 4738 in
3157 4674 3278 4741 hac
3315 4677 3599 4739 maxime
3634 4695 3830 4740 causa
3863 4674 4319 4740 vehementiae
4354 4692 4514 4738 suae
4549 4692 4702 4737 ner-

2753 4782 2870 4826 vos
2913 4781 3139 4826 omnes
3181 4759 3539 4837 contendit,
3590 4761 3747 4825 dum
3792 4759 4205 4826 Christianos
4248 4758 4570 4836 admonet,
4619 4780 4701 4824 ne

2753 4846 2912 4930 quid
2960 4848 3031 4911 in
3091 4847 3428 4911 hominum
3486 4846 3687 4913 oculis
3744 4844 3895 4912 fidei
3952 4867 4109 4924 suae
4152 4845 4557 4912 confessione
4599 4846 4701 4909 in-

2755 4932 3044 5017 dignum,
3092 4953 3329 5015 pravas
3375 4934 3815 4999 caeremonias
3852 4931 4246 5015 usurpandO,
4294 4952 4452 5014 prae
4495 4950 4566 4995 se
4606 4931 4699 4996 fe-

2752 5027 2920 5083 rant.
2987 5016 3267 5084 Duabus
3322 5026 3542 5083 autem
3587 5020 3937 5102 propositis
3980 5019 4171 5084 noxis
4188 5070 4203 5097 ,
4247 5016 4379 5081 Dei
4421 5017 4700 5081 inhono-

2753 5105 3036 5182 ratione,
3093 5113 3161 5169 et
3216 5104 3558 5169 hominum
3616 5106 4000 5184 offensione,
4058 5125 4220 5187 quas
4263 5122 4490 5168 secum
4535 5104 4702 5168 ferat

2889 5381 2948 5445 1)
2985 5396 3122 5448 non,
3160 5378 3294 5433 1576
3328 5395 3466 5450 seqq.
