5100 6061
297 499 306 507 .
344 435 463 498 381

1719 428 2184 495 EPISTOLA
2228 428 2359 493 AD
2405 430 2984 498 GENEVATES.

4235 442 4360 506 382

353 625 538 703 nique
579 621 784 686 modis
826 621 1138 699 contendi,
1182 626 1252 684 ut
1292 621 1400 685 hoc
1441 622 1837 702 tyrannicum
1880 619 2165 684 eeclesiae
2206 619 2305 682 iu·
2355 649 2359 682 a
2407 641 2590 701 porro
2630 622 2902 701 infausti
2945 628 3000 685 et
3045 623 3417 688 incommodi
3460 624 3701 690 comites
3744 628 4156 695 traducendae
4197 632 4366 697 vitae

351 729 527 793 qum,
573 728 734 789 quae
777 707 942 773 cibos
987 708 1302 772 interdum
1336 706 1645 787 prohibet,
1702 726 1862 786 quae
1905 707 2042 770 dies
2085 709 2305 782 servat,

355 815 513 876 quae
534 793 811 874 confiteri
833 813 944 857 nos
979 794 1112 856 vult
1133 800 1392 873 peccata
1425 799 1640 856 nostra
1673 791 2110 869 sacerdotibus,
2148 810 2308 871 quae

352 886 490 946 vota
533 878 785 960 impleri
827 880 1008 957 iubet,
1054 901 1212 960 quae
1245 879 1520 943 homines
1555 880 1624 942 in
1665 885 1737 957 te,
1783 877 2041 955 Christe,
2086 877 2306 941 liberos
2355 871 2360 898 “

350 973 432 1032 tot
475 967 793 1030 servitutis
831 965 1100 1030 vinculis
1141 966 1377 1047 alliqat,
1425 987 1466 1028 a
1507 964 1685 1030 nobis
1725 964 1926 1029 cuncti
1967 963 2078 1043 qui
2120 968 2176 1025 te
2211 982 2304 1025 co-

353 1053 545 1118 limus
588 1056 1032 1116 eoecuteremus:
1086 1051 1398 1132 solamque
1437 1050 1624 1130 fidem
1677 1051 1748 1114 in
1802 1055 1885 1129 te,
1940 1071 2061 1112 non
2117 1050 2307 1112 e'iam

355 1139 511 1203 bona
555 1159 771 1219 opera,
816 1158 976 1218 quae
1015 1137 1293 1201 maxime
1336 1136 1710 1201 esctolluntur
1751 1141 1805 1200 et
1851 1136 2308 1216 praedicantur

358 1226 428 1288 in
472 1224 754 1300 ecclesia,
813 1223 1126 1286 iustitiam
1169 1222 1346 1287 nobis
1390 1229 1444 1287 et
1486 1223 1752 1286 salutem
1786 1241 2014 1302 parere
2054 1219 2309 1299 conside-

355 1330 597 1375 remus:
654 1329 847 1390 quum
891 1315 959 1373 tu
991 1310 1368 1389 praesertim
1399 1328 1671 1388 poenam
1705 1328 1827 1388 pro
1869 1307 2044 1371 nobis
2074 1325 2309 1387 pepen-

357 1397 576 1474 disses,
618 1400 836 1475 tuoque
869 1399 1078 1460 sancto
1113 1396 1418 1477 sanquine
1453 1399 1805 1459 cunctorum
1840 1393 2060 1457 delicta
2095 1398 2153 1456 et
2185 1409 2307 1456 sce-

359 1483 490 1546 lera
536 1480 902 1550 delei-isses.-
952 1485 1022 1542 ut
1075 1500 1189 1544 nos
1227 1480 1342 1544 hac
1384 1501 1513 1544 una
1555 1481 1678 1559 fide
1720 1480 1790 1542 in
1833 1484 1889 1542 te
1929 1477 2107 1560 freti,
2167 1476 2309 1542 libe-

357 1568 497 1632 rius
541 1567 762 1632 deinde
807 1587 989 1660 aqere
1024 1587 1417 1647 quaecunque
1450 1567 1627 1630 nobis
1661 1565 1941 1629 libuisset
1961 1584 2316 1645 possemus..

363 1653 733 1733 Scripturas
784 1655 971 1716 etiam
1027 1653 1416 1734 inqeniosius
1467 1672 1610 1714 sum
1641 1656 2074 1730 perscrutatus
2118 1671 2309 1730 quam

358 1745 589 1804 veteres
647 1737 784 1802 illi:
839 1759 913 1802 ac
964 1744 1096 1801 tum
1149 1739 1394 1819 quidem
1450 1739 1756 1816 maxime,
1816 1757 2008 1816 quum
2063 1735 2310 1815 aliquid

360 1826 725 1906 quaerebam
771 1827 841 1887 in
896 1825 1015 1900 eis,
1073 1825 1235 1905 quod
1288 1829 1499 1887 contra
1555 1825 1713 1887 istos
1769 1825 2118 1904 detorquere
2163 1841 2309 1902 pos-

359 1932 516 1977 sem:
558 1931 683 1991 qua
719 1911 908 1974 etiam
942 1912 1256 1976 doctrinae
1297 1916 1352 1973 et
1395 1911 1633 1992 inqenii
1677 1910 1964 1989 opinione
1998 1909 2169 1988 apud
2192 1926 2308 1986 po·
2360 1959 2364 1980 ,

2409 708 2538 769 sint
2562 727 2799 770 moeror
2812 713 2868 770 et
2891 708 3091 789 furor,
3117 729 3281 772 unus
3299 730 3423 789 per
3439 730 3567 775 sese
3588 713 3846 793 quisque
3867 715 4029 778 satis
4040 721 4242 796 potest
4262 719 4361 782 in-

2412 791 2714 870 telliqere:
2726 796 3107 871 praesertim
3130 816 3321 876 quum
3356 796 3705 861 illiusmodi
3739 799 3894 862 mali
3929 806 4109 881 atque
4141 804 4365 868 damni

2410 877 2626 940 nullus
2676 878 2936 958 futurus
2986 901 3264 961 unquam
3317 881 3474 962 finis
3526 884 3635 962 sit,
3688 885 3865 948 nulla
3908 886 4360 969 determinati0‚

2411 981 2740 1041 nunquam
2783 964 2872 1026 ibi
2904 965 3184 1046 plorare,
3231 988 3550 1046 nimquam
3594 970 3922 1034 desinatur
3962 972 4175 1038 irasci.
4246 975 4362 1039 At-

2411 1049 2537 1128 qui,
2583 1050 2644 1110 si
2686 1049 2933 1128 reliqua
2977 1052 3240 1116 istorum
3275 1055 3485 1116 omnia
3526 1055 3736 1134 aliquo
3781 1062 3983 1121 tamen
4009 1065 4194 1138 pacto
4217 1081 4362 1141 per-

2408 1134 2571 1214 ferri
2616 1139 2669 1195 et
2710 1134 2961 1199 tolera-ri
3009 1145 3290 1217 possent,
3350 1138 3459 1202 hoc
3513 1134 4031 1220 quemadmodum
4084 1146 4362 1226 ferretur

2413 1219 2513 1302 (in
2557 1240 2676 1299 quo
2731 1220 2890 1283 mihi-
2937 1222 3172 1285 videtur
3213 1246 3289 1288 ne
3333 1226 3417 1288 ad
3459 1226 3891 1308 iqnoscendum
3934 1215 4184 1310 quidem
4227 1233 4363 1298 illis

2413 1307 2610 1370 locum
2643 1305 2848 1370 ullum
2890 1309 3103 1372 veniae
3144 1316 3199 1372 et
3242 1311 3704 1376 misericordiae
3747 1315 3921 1394 apud
3954 1316 4167 1381 Deum
4209 1318 4362 1382 dari

2407 1390 2623 1474 posse)
2640 1392 2823 1481 vquod
2855 1413 3148 1474 sponsam
3182 1394 3250 1457 hi
3278 1394 3515 1459 Christi
3548 1401 3798 1462 unicam
3836 1400 4181 1482 discerpere
4213 1395 4362 1468 sunt

2412 1479 2659 1540 conati?
2717 1478 2882 1558 quod
2935 1481 3225 1544 tunicam.
3263 1481 3447 1544 illam
3502 1482 3792 1560 Domini,
3854 1507 4042 1566 quam
4093 1490 4361 1570 profani

2411 1563 2641 1626 milites
2685 1564 2967 1629 dividere
3008 1566 3365 1644 noluerunt,
3426 1569 3535 1630 isti
3589 1572 3733 1633 ausi
3790 1578 3963 1650 sunt,
4020 1595 4143 1637 non
4200 1575 4361 1639 divi-

2412 1649 2556 1713 dere
2599 1648 2825 1725 solum,
2870 1651 2978 1713 sed
3019 1651 3341 1715 lacerare?
3438 1654 3594 1733 Quot
3633 1657 3796 1718 enim
3839 1658 3997 1736 iam,
4040 1661 4197 1725 istis
4235 1662 4360 1725 ini-

2411 1736 2569 1798 tium
2617 1735 3020 1814 facientibus,
3077 1742 3271 1802 sectae
3326 1739 3639 1803 ecclesiam
3694 1741 4101 1824 disciderunt,
4167 1767 4361 1827 neque

2414 1842 2548 1883 cun-i
2590 1822 2733 1884 istis
2769 1828 3186 1904 conqruentes,
3216 1829 3271 1886 et
3309 1825 3484 1903 ipsae
3521 1826 3681 1888 inter
3702 1847 3767 1890 se
3794 1829 4153 1896 discordes?
4195 1833 4362 1913 quod

2413 1908 2811 1987 manifestum
2847 1928 2977 1972 esse
3004 1909 3314 1989 falsitatis
3348 1911 3654 1974 indicium·
3687 1915 3889 1977 omnis
3917 1915 4199 1981 doctrina
4220 1938 4357 1982 con-

351 1997 542 2079 pulos
582 2001 827 2077 lamam
883 2002 939 2061 et
989 1997 1508 2062 existimationem
1560 2000 1779 2060 nactus
1833 1999 2019 2058 totam
2062 1993 2310 2073 quidem
2361 1993 2364 2068 1
2409 1993 2639 2073 firmat.
2724 1993 2970 2057 Veritas
3013 1995 3179 2058 enim
3221 1997 3409 2060 unica
3452 2017 3697 2080 semper
3740 2004 3854 2078 est,
3909 2004 4094 2066 varia
4151 2010 4360 2068 autem

359 2084 646 2149 ecclesiae
683 2083 1079 2148 autoritatem
1122 2088 1378 2147 evertere
1417 2103 1540 2145 non
1567 2082 1764 2162 potui,
1811 2100 2184 2162 mosynarum
2218 2084 2309 2141 ta-

361 2191 498 2234 men
532 2169 907 2232 seditionum
951 2170 1022 2232 in
1066 2189 1155 2246 ea,
1202 2174 1259 2231 et
1299 2168 1675 2233 scissionum
1715 2168 1816 2247 fui
1863 2173 2063 2230 autor.
2138 2165 2312 2228 Haec

359 2256 466 2319 ubi
509 2255 624 2319 iste
663 2255 911 2332 dioeerit,
954 2260 1011 2318 et
1053 2275 1192 2318 vere
1232 2255 1461 2318 dicerit
1505 2258 1723 2335 (neque
1766 2254 1931 2317 enim
1974 2251 2311 2316 mentiendi
2359 2311 2363 2322 ,

361 2341 532 2422 apud
578 2340 759 2405 illum
803 2341 1105 2404 coelestem
1151 2341 1420 2404 iudicem
1455 2346 1543 2405 est
1588 2340 1770 2417 locus,
1827 2340 2072 2402 tametsi
2114 2337 2310 2402 multa

359 2429 524 2493 idem
566 2428 643 2490 de
683 2425 1015 2490 ambitione
1057 2447 1203 2503 sua,
1256 2429 1332 2492 de
1386 2426 1689 2500 avaritia,
1750 2427 1824 2489 de
1865 2426 2072 2488 studio
2103 2445 2308 2506 popu-

2413 2084 2468 2143 et
2501 2079 2913 2159 multiformis
2950 2084 3040 2142 est
3070 2080 3359 2159 falsitas:
3404 2088 3459 2146 et
3491 2084 3778 2164 simplex,
3823 2087 3983 2166 quod
4017 2094 4277 2153 rectum:
4305 2089 4355 2173 ¹)

2413 2165 2820 2245 multifidum,
2877 2167 3043 2246 quod
3096 2164 3430 2247 obliquum.
3523 2169 3646 2234 Sed
3700 2169 4060 2236 huiusmodi
4111 2176 4359 2240 scissio-

2413 2261 2571 2330 nem,
2596 2251 2950 2316 huiusmodi
2974 2256 3224 2315 sanctae
3257 2254 3544 2317 ecclesiae
3576 2256 4062 2338 dilaniationem,
4087 2266 4360 2341 potestne

2413 2338 2741 2417 quisquam
2787 2335 3105 2402 Christum
3138 2359 3470 2421 aquescens
3503 2345 3559 2404 et
3591 2343 3896 2422 confitens,
3934 2351 3989 2406 et
4024 2348 4207 2410 cuius
4241 2347 4360 2410 ali-

2413 2424 2660 2503 quando
2716 2424 2905 2487 menti
2965 2428 3146 2504 atque
3200 2425 3375 2490 cordi
3430 2426 3700 2505 spiritus
3752 2436 4002 2494 sanctus
4057 2431 4360 2512 illuserit,

361 2513 522 2576 laris
558 2513 814 2595 qloriae,
862 2514 938 2576 de
977 2511 1321 2593 fraudibus
1365 2517 1419 2575 et
1459 2512 1725 2576 malitiis
1769 2511 2106 2588 intesti·ni8‚
2152 2531 2309 2590 quae
2357 2511 2363 2618 J
2412 2530 2528 2572 non
2579 2509 2942 2591 innumere,
2994 2509 3296 2589 Satanae,
3344 2516 3401 2575 et
3440 2531 3563 2575 non
3608 2511 3733 2575 Dei
3766 2517 4102 2595 propriam
4145 2538 4361 2597 ‹noera-

361 2600 531 2663 intus
567 2599 704 2678 ipse
740 2603 1045 2679 aqnoscat,
1085 2599 1155 2660 in
1189 2618 1321 2662 sese
1355 2599 1684 2675 reticuerit,
1723 2617 1882 2677 quae
1917 2602 2118 2661 tamen
2158 2601 2304 2674 [pag.

365 2689 470 2762 26]
530 2684 628 2748 illi
674 2685 898 2762 prima
953 2685 1097 2764 ipsa
1143 2684 1209 2746 in
1249 2688 1453 2766 fronte
1508 2683 1897 2765 apparebunt
1950 2683 2305 2762 inscripta),

363 2771 521 2851 quod
565 2770 838 2846 tandem,
883 2790 916 2833 o
967 2769 1388 2834 (iebennenses
1427 2771 1663 2850 fratres
1705 2771 1854 2847 mei,
1900 2788 2052 2848 quos
2092 2789 2194 2851 890
2236 2769 2306 2831 in

367 2854 610 2919 Christo
626 2906 640 2934 ‚
701 2861 754 2917 et
811 2856 880 2918 in
942 2854 1178 2919 Christi
1235 2857 1489 2920 ecclesia
1539 2855 1868 2918 unanimes
1923 2874 2154 2919 mecum
2199 2854 2308 2918 ha-

2357 2905 2362 2932 ξ
2404 2915 2418 2927 0

2410 2595 2637 2658 tionem
2678 2596 2852 2660 esse?
2949 2595 3116 2674 Quid
3158 2598 3425 2678 imperat
3477 2597 3652 2661 nobis
3694 2597 3921 2663 Deus?
3980 2603 4134 2680 quid
4167 2624 4359 2685 prae-

2410 2681 2565 2760 cipi-t
2609 2678 2948 2745 Christus?
3045 2682 3279 2763 Nempe
3334 2688 3405 2745 ut
3455 2703 3653 2746 unum
3708 2685 3914 2749 omnes
3967 2688 4037 2750 in
4091 2689 4227 2767 ipso
4274 2689 4360 2753 si-

2410 2786 2569 2828 mus.
2665 2772 2795 2845 (guo
2849 2767 3065 2830 datum
3130 2774 3228 2840 est.
3268 2768 3444 2833 nobis
3500 2790 3531 2832 e
3581 2770 3737 2834 coelo
3792 2775 3971 2851 atque
4015 2772 4152 2836 Deo
4196 2774 4359 2837 illud

2409 2852 2728 2934 sinyulare
2766 2857 2911 2930 [pag.
2953 2858 3058 2930 28]
3094 2858 3147 2917 et
3172 2855 3557 2934 praecellens
3590 2856 3878 2919 caritatis
3912 2859 4159 2937 donum,
4194 2859 4359 2939 quod

361 2941 494 3006 bere
538 2946 692 3023 opt0,
738 2961 859 3004 non
901 2940 1100 3004 solum
1143 2942 1219 3005 de
1262 2942 1380 3018 his,
1425 2943 1532 3006 sed
1573 2942 1895 3006 comitibus
1927 2942 2309 3005 assectatori-
2357 2943 2361 2998 ί
2412 2937 2746 3002 christiano
2789 2939 3097 3002 duntaaut
3134 2941 3363 3021 qeneii,
3412 2961 3535 3004 non
3578 2942 3837 3004 caeteris
3874 2943 4156 3024 qentibus
4196 2945 4358 3009 divi-

360 3026 590 3108 busque
642 3048 852 3091 eorum
905 3027 1211 3091 iudicium
1251 3028 1387 3110 fore
1431 3027 1852 3092 existimatis?
1946 3027 2166 3091 Nonne
2208 3027 2309 3091 hic

303 3174 307 3181 .
359 3122 516 3178 certe
561 3115 672 3193 qui
715 3113 1074 3179 catholicam
1120 3116 1435 3180 ecclesiam
1477 3114 1674 3194 fuerit
1705 3120 2016 3196 sequ-utus,
2062 3115 2306 3179 nullum

356 3220 543 3265 suum
578 3204 856 3264 erratum
901 3201 966 3262 in
1012 3200 1127 3265 hac
1168 3222 1236 3264 re
1273 3201 1566 3281 afferet&
1633 3199 1943 3279 Primum,
1987 3204 2140 3281 quia
2183 3221 2307 3264 non

358 3290 545 3364 errat,
588 3305 780 3366 neque
822 3286 974 3350 adeo
1017 3307 1229 3351 errare
1262 3292 1464 3368 potest
1499 3287 1769 3363 ecclesia,
1812 3289 1994 3350 cuius
2037 3288 2152 3351 ula
2180 3308 2306 3366 pu-

357 3372 516 3436 blica
540 3377 597 3435 et
620 3372 1011 3439 universal-ia
1046 3373 1288 3437 decreta
1319 3378 1501 3453 atque
1533 3374 1796 3437 concilia
1828 3374 2094 3452 spiritus
2129 3392 2304 3436 sanc-

2357 3034 2360 3043 “
2409 3026 2579 3089 nitus
2617 3024 2901 3105 infusum
2945 3025 3085 3089 cst?
3160 3025 3386 3090 Nonne
3426 3033 3495 3089 ut
3539 3047 3746 3091 omncs
3776 3050 3917 3095 uno.
3954 3030 4131 3095 corde
4164 3036 4220 3094 et
4253 3052 4357 3095 ore

2411 3111 2758 3177 Dominum
2801 3112 3199 3191 confiteamur
3216 3118 3250 3175 3⁴
3335 3113 3445 3176 An
3490 3112 3878 3178 arbitrantur
3920 3116 4028 3179 isti
4072 3116 4357 3180 christia-

2408 3218 2559 3261 nam
2602 3197 2959 3279 reliqionem
3001 3198 3185 3262 aliud
3227 3200 3473 3263 omnino
3517 3219 3674 3277 esse,
3729 3221 3919 3282 quam
3955 3198 4173 3283 p'aeem
4217 3222 4356 3265 cum

2410 3283 2575 3361 Dee,
2644 3288 2698 3346 et
2750 3304 2887 3348 cum
2932 3286 3224 3364 proximo
3281 3285 3718 3350 concordiam?
3808 3286 4147 3352 Videamus
4202 3289 4355 3367 quid
4394 3336 4401 3351 .

2357 3376 2360 3397 ²
2409 3371 2665 3449 ipsemet
2719 3370 3008 3450 loquatur
3060 3372 3125 3433 in
3185 3369 3423 3435 Ioanne
3477 3370 3817 3450 Dominus,
3864 3380 4114 3451 patrem
4166 3394 4355 3441 suum

357 3463 457 3523 tus
502 3458 762 3523 assidue
801 3457 1117 3540 qubernat.
1185 3458 1435 3523 Deinde
1477 3460 1724 3522 etiamsi
1766 3464 2036 3522 errasset
2080 3479 2152 3521 ea
2196 3462 2306 3523 aut
2402 3475 2520 3536 pro
2566 3456 2898 3535 discipulis
2931 3457 3312 3537 deprecans:
3361 3456 3555 3521 Pater
3597 3463 3830 3536 sancte,
3890 3479 4073 3523 serva
4128 3481 4229 3525 eos
4284 3462 4355 3524 in

357 3548 598 3609 erraret
652 3544 844 3624 (quod
898 3549 1105 3609 tamen
1156 3545 1395 3610 creditu
1446 3550 1502 3609 et
1554 3549 1898 3608 memoratu
1951 3550 2038 3608 est
2091 3544 2301 3627 nefas)

354 3630 571 3695 nullus
611 3629 757 3693 huic
798 3631 1049 3711 quidem
1091 3651 1249 3695 suus
1292 3631 1762 3711 eatprobraretur
1795 3650 1986 3709 error,
2030 3631 2138 3711 qui
2173 3630 2301 3692 sin-

354 3737 488 3781 cero
532 3717 760 3795 animo,
806 3722 861 3779 et
892 3722 1155 3797 propter
1197 3717 1407 3782 Deum
1445 3717 1700 3794 immiti,
1758 3717 2071 3782 maiorum
2112 3714 2301 3796 fidem

351 3822 612 3868 suorum
655 3808 709 3866 et
753 3804 1147 3867 autoritatem
1189 3810 1343 3869 esset
1363 3807 1798 3885 prosequutus.
1824 3804 1873 3883 ¹)
1936 3803 2028 3866 At
2061 3803 2175 3876 iste
2209 3801 2302 3864 al-

353 3894 443 3953 ter
485 3908 599 3952 suo
641 3888 914 3952 innitens
957 3890 1173 3970 capite,
1220 3891 1525 3954 neminem
1560 3890 1790 3953 habens
1823 3894 2093 3952 veterum
2127 3907 2302 3952 sanc-

353 3980 553 4039 torum
587 3978 848 4055 patrum
865 4024 879 4053 ,
940 3995 1013 4038 ac
1051 3995 1126 4040 ne
1163 3976 1548 4059 qeneralium
1600 3975 1850 4056 quidem
1894 3995 1970 4037 eat
2016 3973 2301 4037 omnibus

355 4062 660 4142 episcopis
701 4067 1126 4141 conventuum,
1180 4083 1357 4145 quem
1400 4062 1621 4126 honore
1664 4061 1922 4143 diqnum
1947 4065 2152 4140 putet,
2196 4060 2301 4123 cui

354 4148 608 4211 inducat
652 4149 938 4210 animum
981 4149 1188 4213 cedere
1225 4153 1278 4211 et
1321 4148 1743 4228 obtemperare,
1786 4148 1996 4211 omnia
2040 4146 2163 4210 sibi
2198 4167 2299 4210 ar-

354 4253 610 4316 roqans,
657 4233 742 4297 ad
787 4232 1239 4298 obtrectandum
1293 4235 1499 4318 maqis
1554 4254 1741 4315 qua-m
1799 4234 1883 4297 ad
1936 4233 2297 4298 discendum

353 4320 761 4385 docendumve
805 4324 1107 4400 paratus,
1174 4341 1364 4402 quum
1418 4342 1460 4385 a
1516 4320 1822 4385 communi
1884 4319 2137 4383 ecclesia
2193 4318 2297 4382 de-

354 4406 577 4483 sciscit,
621 4425 796 4486 quaem
820 4406 1077 4486 respicit
1107 4413 1364 4487 portum
1400 4408 1799 4489 fortunarum
1823 4406 2136 4470 suarum?
2177 4425 2296 4484 quo

341 4491 818 4574 propnqnaculo
872 4492 1164 4571 confidit?
1222 4493 1449 4574 quibus
1502 4494 1674 4573 apud
1719 4492 1927 4555 Deum
1978 4492 2296 4555 advocatis

344 4577 546 4659 fretus
590 4577 726 4642 est?
772 4582 838 4640 ut
882 4598 1004 4642 non
1042 4581 1318 4661 qraviter
1360 4578 1570 4657 debeat
1607 4584 1889 4657 metuere,
1935 4580 2186 4642 eiectum
2229 4597 2295 4641 se

348 4665 437 4728 iri
477 4665 548 4733 in
584 4663 868 4728 tenebras
904 4667 1248 4743 exteriores,
1292 4665 1401 4729 ubi
1434 4667 1553 4729 erit
1580 4667 1762 4744 fletus
1796 4669 1852 4726 et
1883 4664 2118 4727 stridor
2150 4664 2294 4726 den-

348 4750 530 4827 tium,
589 4751 696 4813 hoc
751 4755 865 4829 est,
921 4750 1028 4813 ubi
1071 4753 1369 4815 miserias
1410 4772 1564 4816 suas
1599 4755 1896 4831 perpetuo
1939 4750 2290 4827 defleturus,

353 4842 408 4899 et
447 4841 660 4902 contra
703 4841 886 4900 semet
916 4838 1126 4916 ipsum
1174 4837 1458 4902 dentibus
1498 4839 1920 4917 increpiturus
1963 4837 2077 4899 sit:
2131 4835 2294 4913 quod

350 4942 541 5001 quum
567 4927 790 5003 posset,
836 4924 894 4986 si
930 4923 998 4987 id
1033 4924 1386 5000 studuisset,
1428 4923 1607 4988 illam
1642 4922 2106 4986 acerbissimam
2145 4927 2290 5001 [pag.

352 5012 459 5085 27]
505 5009 703 5072 vitare
735 5008 1170 5088 calamitatem,
1216 5009 1285 5071 id
1323 5010 1529 5090 facere
1564 5009 1947 5091 neqleaeisset.
2041 5008 2216 5088 Quod
2234 5010 2292 5081 2)

489 5299 547 5360 1)
587 5308 964 5368 persequutus,
1003 5297 1139 5351 1540
1172 5314 1311 5367 seqq.
1481 5297 1542 5363 2)
1586 5298 1916 5351 Genevensis
1954 5297 2090 5351 1540
2125 5314 2293 5352 einen·

350 5368 476 5423 dat:
513 5368 701 5452 Quam,
739 5368 886 5437 quod
920 5376 1197 5438 sequentes
1229 5376 1554 5451 receperunt⁸
1577 5383 1776 5444 omnes.¹

2407 3542 2652 3605 nomine
2692 3546 2793 3605 tuo
2836 3562 2988 3621 quos
3029 3542 3256 3607 dedisti
3298 3543 3485 3621 mihi,
3542 3549 3612 3606 ut
3664 3544 3791 3607 sint
3846 3565 4044 3608 urmm
4096 3548 4258 3610 sicut
4300 3552 4357 3611 et

2405 3648 2549 3691 nos:
2588 3647 2713 3690 non
2745 3648 2869 3709 pro
2907 3626 3009 3690 his
3051 3634 3258 3691 autem
3293 3649 3437 3711 νο90
3472 3629 3688 3707 solum,
3730 3631 3838 3694 sed
3873 3636 3929 3693 et
3961 3651 4079 3712 pro
4118 3633 4210 3696 eis
4244 3634 4355 3713 qui

2406 3713 2705 3777 credituri
2740 3718 2885 3777 sunt
2894 3733 3017 3794 per
3038 3713 3290 3777 verbum
3322 3735 3535 3778 eorum
3568 3716 3639 3779 in
3671 3736 3783 3793 me,
3818 3721 3886 3779 ut
3917 3736 4126 3780 omnes
4156 3738 4355 3781 unum

2404 3800 2563 3876 sint,
2624 3800 2783 3863 sicut
2827 3803 2893 3862 tu
2928 3803 3112 3879 pater
3153 3801 3223 3863 in
3266 3820 3362 3863 me
3405 3806 3459 3864 et
3502 3821 3607 3883 890
3651 3803 3720 3864 in
3763 3807 3847 3880 te,
3901 3808 3971 3865 ut
4013 3807 4065 3866 et
4109 3804 4238 3884 ipsi
4282 3804 4354 3867 in

2404 3884 2580 3949 nobis
2622 3905 2817 3949 unum
2859 3887 3012 3961 sint,
3069 3890 3138 3949 ut
3188 3887 3399 3950 credat
3450 3888 3726 3950 mundus
3773 3889 3938 3968 quod
3982 3893 4050 3951 tu
4102 3909 4196 3952 me
4238 3890 4355 3953 mi-

2403 3972 2577 4035 sisti.-
2621 3976 2675 4035 et
2717 3992 2822 4053 890
2864 3971 3148 4053 qloriam,
3194 3992 3384 4053 quam
3429 3972 3655 4037 dedi-sti
3696 3973 3885 4050 mihi,
3930 3973 4078 4037 dedi
4119 3976 4211 4040 eis
4228 4026 4241 4053 ,
4286 3981 4357 4039 ut

2403 4058 2531 4121 sint
2568 4077 2778 4135 unum,
2818 4059 2977 4121 sicut
3020 4063 3075 4123 et
3118 4078 3227 4121 nos
3269 4079 3464 4121 unum
3500 4079 3750 4122 sunt-us:
3795 4079 3900 4140 890
3935 4061 4005 4123 in
4042 4060 4149 4137 eis,
4196 4067 4251 4123 et
4285 4066 4355 4124 tu

2401 4144 2474 4206 in
2515 4164 2627 4221 me,
2672 4148 2738 4205 ut
2782 4144 2910 4207 sint
2940 4146 3215 4225 perfecti¹
3244 4145 3311 4208 in
3355 4165 3569 4208 unum.

2597 4230 2853 4307 Videtis,
2895 4230 3133 4312 fratres
3177 4231 3524 4309 carissimi,
3580 4236 3635 4293 et
3690 4230 3757 4292 in
3813 4230 3990 4294 clara
4044 4231 4352 4313 evanqelii

2403 4316 2536 4380 luce
2578 4316 2956 4395 discernitis,
2998 4318 3151 4398 quid
3193 4319 3278 4381 sit
3319 4338 3456 4380 vere
3500 4337 3629 4380 esse
3671 4316 4116 4381 christianum.-
4159 4338 4352 4397 quum

2398 4402 2557 4481 fides
2601 4403 2670 4465 in
2712 4401 2925 4465 Deum
2968 4409 3209 4480 nostra,
3268 4423 3459 4482 quum
3505 4402 3631 4467 Dei
3687 4404 4113 4483 omnipotentis
4128 4405 4184 4485 ²)
4226 4404 4352 4486 9Ζο-

2401 4488 2523 4566 ria,
2570 4509 2726 4569 quae
2770 4494 2825 4550 et
2868 4488 3076 4567 ipsius
3112 4489 3285 4568 apud
3323 4508 3449 4566 nos,
3496 4494 3551 4551 et
3586 4494 3801 4553 nostra
3836 4490 4011 4569 apud
4044 4510 4184 4553 eum
4222 4510 4351 4555 esse

2395 4576 2623 4656 possit,
2683 4574 2751 4636 in
2808 4573 2924 4638 hac
2965 4574 3099 4638 sola
3153 4577 3317 4636 inter
3358 4594 3468 4637 nos
3524 4575 3763 4638 unitate
3804 4577 4114 4653 consistat,
4159 4596 4349 4656 quum

2402 4660 2508 4723 hoc
2560 4681 2754 4724 unum
2809 4661 3089 4739 requirat
3133 4666 3187 4722 et
3217 4660 3486 4741 postulet
3530 4684 3569 4724 a
3604 4666 3792 4741 patre
3835 4662 3910 4726 de
3952 4662 4126 4725 nobis
4173 4661 4351 4727 Chri-

2402 4752 2556 4826 stuS,
2591 4747 2777 4825 idque
2795 4747 2852 4826 8)
2874 4765 3022 4810 suos
3054 4747 3126 4809 in
3159 4745 3266 4810 hoc
3305 4747 3560 4826 labores,
3598 4767 3753 4810 suas
3774 4767 4127 4825 aerumnas,
4162 4768 4349 4812 suam

2400 4838 2743 4914 susceptam
2755 4850 2879 4910 pro
2901 4831 3076 4896 nobis
3097 4831 3362 4896 humani
3398 4834 3673 4914 corporis
3704 4832 4128 4915 fraqilitatem,
4165 4854 4349 4898 suam

2399 4938 2656 4996 crucem,
2700 4937 2883 4980 suam
2926 4923 3194 4996 mortem,
3236 4918 3330 4982 sic
3367 4919 3642 5001 fructum
3683 4918 4026 4984 allaturam
4068 4920 4189 4983 sibi
4216 4941 4346 5002 μιν

2541 5158 2601 5225 1)
2640 5156 2777 5210 1540
2811 5172 2980 5227 seqq„-
3016 5168 3221 5212 rectum
3259 5168 3358 5213 est.
3529 5157 3587 5223 2)
3626 5158 3729 5213 Dei
3766 5160 3935 5213 omnis
3970 5159 4157 5229 gloria,
4208 5159 4349 5215 1540

2401 5243 2542 5299 seqq.
2619 5227 2836 5280 Gallica
2880 5228 3058 5281 versio
3103 5244 3224 5281 cum
3271 5228 3671 5297 antiquioribus
3712 5227 3866 5293 facit.
4071 5228 4130 5295 3)
4176 5229 4347 5285 Gene-

2400 5299 2582 5352 vensis
2637 5295 2812 5350 editor
2860 5296 3194 5350 emendavit.-
3245 5299 3411 5365 isque.
3488 5296 3684 5350 Gallus
3727 5313 3854 5351 vero
3888 5298 4072 5353 vertit:
4118 5306 4174 5352 et
4218 5298 4345 5368 qu’il

2403 5383 2571 5437 pense
2606 5365 2730 5434 qu’i.
2766 5381 2827 5419 ce
2863 5382 3054 5435 moyen
3092 5373 3185 5420 etc.
