5100 6061
358 375 482 437 481

359 563 662 628 firmatae
706 568 892 639 sunt,
950 561 1321 641 requirunt,
1366 581 1451 624 ne
1495 561 1639 642 quis
1683 582 1766 625 ex
1810 560 2149 625 ordinibus
2194 561 2318 623 im-

358 647 524 731 perii
581 647 773 711 alteri
826 646 1071 711 bellum
1135 647 1376 711 inferat
1442 669 1639 712 causa
1691 647 2023 730 religionis
2042 698 2057 722 ,
2114 653 2181 711 et
2237 667 2320 711 ne

358 732 626 799 electori
672 731 997 797 Saxoniae
1043 733 1232 815 eique
1275 734 1348 796 in
1393 732 1516 798 hac
1559 753 1757 799 causa
1801 732 2195 810 coniunctis,
2241 731 2320 795 li-

362 826 461 884 tes
505 819 586 883 ob
629 820 892 902 negotia
918 817 1255 902 religionis
1300 820 1372 883 in
1416 819 1673 885 iudiciis
1716 817 1974 901 imperii
2010 839 2320 883 movean-

361 914 501 983 tur,
555 913 670 968 aut
713 906 844 969 iam
889 911 1105 969 motae
1160 904 1551 970 iudicentur.
1642 906 1733 970 Et
1790 906 1845 968 si
1901 901 2060 987 quid
2101 904 2172 968 in
2216 902 2320 969 his

358 992 576 1059 causis
610 999 839 1055 contra
859 991 1006 1055 illos
1041 990 1404 1055 iudicatum
1437 991 1655 1067 fuerit,
1694 1011 1812 1073 per
1856 991 2321 1073 imperatorem

361 1078 713 1162 abrogetur
763 1077 1154 1159 irritumque
1207 1079 1339 1141 fiat.
1441 1077 1627 1142 Haec
1686 1083 2122 1159 protestantes
2178 1075 2319 1160 qui-

363 1163 514 1228 dem
565 1161 915 1246 diligenter
960 1163 1425 1242 observarunt,
1492 1163 1739 1226 nemini
1785 1163 1963 1226 enim
2028 1166 2322 1226 statuum

362 1269 550 1313 arma
607 1248 946 1333 religionis
1004 1268 1202 1313 causa
1281 1249 1680 1327 intulerunt,
1742 1258 1856 1312 aut
1923 1247 2125 1312 ullam
2189 1248 2323 1311 vim

359 1337 672 1402 fecerunt.
762 1334 845 1398 In
913 1336 1047 1399 suis
1110 1334 1303 1399 modo
1325 1377 1341 1388 ⁵
1358 1335 1722 1434 ‘ditionibus
1786 1334 2320 1398 reformationem

360 1421 781 1488 ecclesiarum
833 1420 1294 1495 instituerunt,
1353 1420 1418 1483 1d
1464 1419 1635 1503 quod
1681 1429 1750 1483 et
1792 1419 2205 1485 Schvinfurti
2253 1427 2319 1483 et

361 1508 792 1591 Nurnbergae
856 1506 977 1570 sibi
1045 1505 1285 1570 diserte
1351 1507 1629 1571 liberum
1697 1512 2135 1570 reservarunt.
2227 1505 2321 1568 At

361 1594 674 1658 iudicium
713 1613 1010 1658 camerae
1032 1613 1142 1656 eas
1180 1592 1477 1658 inducias
1512 1591 1742 1657 multis
1779 1591 1989 1655 modis
2025 1589 2317 1666 violavit,

363 1678 707 1744 iudicando
760 1688 989 1745 contra
1044 1677 1386 1743 electorem
1440 1677 1769 1743 Saxoniae
1825 1678 2114 1761 aliosque
2170 1675 2320 1741 reli-

363 1768 573 1850 gionis
610 1765 915 1830 societate
953 1765 1012 1828 ei
1050 1765 1443 1830 coniunctos.
1520 1762 2018 1829 Confoederatio
2054 1761 2319 1845 quidem

363 1852 866 1936 protestantium
917 1859 1110 1915 aucta
1155 1857 1254 1914 est
1294 1851 1656 1916 accessione
1699 1850 2074 1933 principum
2121 1857 2187 1912 et
2229 1848 2319 1912 ci-

363 1938 642 2002 vitatum
659 1989 672 2014 ,
720 1936 833 2002 sed
879 1935 946 2001 id
990 1957 1397 2018 nequaquam
1438 1944 1665 2003 contra
1700 1943 1892 2019 pacta
1937 1942 2051 1999 aut
2092 1939 2320 2016 pacem

365 2024 766 2089 Germaniae
809 2022 913 2086 vel
951 2022 1438 2101 iusiurandum,
1496 2043 1617 2086 nec
1658 2023 1835 2086 enim
1878 2020 1987 2085 vel
2032 2019 2319 2085 Schvin-

362 2111 544 2186 furti,
569 2109 676 2175 vel
713 2107 1146 2190 Nurnbergae
1189 2106 1312 2173 hoc
1338 2107 1419 2171 ab
1462 2109 1639 2191 ipsis,
1686 2127 2062 2189 quanquam
2105 2105 2172 2170 id
2209 2104 2320 2169 diu

364 2197 708 2279 utrobique
753 2197 838 2258 fla
884 2195 1120 2259 itatum
1165 2195 1282 2271 sit,
1329 2194 1701 2277 extorqueri
1744 2194 1983 2275 potuit,
2050 2191 2210 2274 quin
2265 2189 2320 2254 si

364 2283 478 2367 qui
523 2291 748 2365 postea
791 2302 830 2348 a
919 2301 1104 2345 suam
1150 2279 1533 2363 religionem
1583 2289 1800 2343 essent
1835 2278 2175 2355 accessuri,
2212 2297 2321 2341 eos

362 2369 432 2433 in
489 2367 716 2433 foedus
774 2388 968 2431 suum
1024 2366 1420 2448 reciperent,
1479 2385 2018 2446 communemque
2062 2382 2324 2428 causam

361 2455 433 2518 in
478 2454 612 2517 illis
655 2473 910 2535 quoque
956 2473 1073 2536 pro
1120 2473 1238 2515 sua
1281 2452 1576 2533 portione
1623 2447 2061 2515 defenderent.

542 2650 648 2716 Ea:
671 2650 912 2731 quibu-3,
961 2671 1031 2713 ne
1073 2650 1377 2733 lonywres
1401 2651 1620 2726 simu-9,
1669 2653 1788 2728 [1101.
1834 2653 1941 2727 20]
1965 2646 2154 2728 facile
2190 2665 2326 2711 con-

362 2739 481 2804 iici
530 2743 752 2820 potest,
798 2757 957 2818 quae
1012 2756 1152 2816 spes
1191 2735 1448 2817 futurae
1491 2735 1679 2816 pacis
1722 2735 1807 2798 sit
1851 2732 2130 2797 habenda
2139 2757 2162 2812 ,·
2213 2732 2327 2796 du-

360 2830 547 2892 rante
589 2825 754 2888 enim
783 2842 945 2903 paee
958 2874 972 2903 ,
1027 2827 1159 2885 bum
1202 2820 1418 2900 literis,
1463 2826 1594 2885 tum
1637 2820 1833 2884 minis
1850 2870 1864 2898 ,
1924 2824 2054 2883 tum
2085 2818 2326 2899 practi-

362 2913 488 2990 cis,
547 2910 793 2992 aliquos
848 2909 1116 2988 quotidie
1169 2907 1470 2972 seducunt
1525 2926 1604 2971 ex
1647 2906 1817 2971 omni
1870 2904 2190 2971 hominum
2229 2924 2329 2988 ye-

364 3019 529 3066 nere.

541 3135 688 3199 Non
734 3134 953 3210 minis,
1000 3154 1132 3197 non
1176 3133 1476 3214 practicis
1520 3132 1782 3208 illicitis,
1824 3130 1993 3213 quod
2039 3150 2173 3192 non
2207 3129 2336 3192 mi·-

370 3246 498 3287 nus
545 3232 646 3286 est
700 3220 830 3284 illis
886 3219 1270 3283 inusitatum
1327 3238 1524 3299 quam
1568 3216 2096 3282 Romanensibus
2139 3215 2328 3279 fami-

370 3309 553 3385 liare,
596 3306 709 3372 sed
737 3305 860 3388 piis
895 3304 1430 3387 persuasionibus
1466 3312 1533 3368 et
1561 3303 2038 3368 hortationibus
2081 3308 2329 3383 protes-

370 3402 589 3460 tantes
633 3392 861 3468 velint,
907 3393 963 3456 si
999 3390 1326 3453 Dominus
1365 3389 1493 3467 det,
1534 3410 1668 3453 non
1705 3389 2077 3453 Germanos
2112 3386 2328 3464 modo,

372 3501 493 3546 sua
527 3479 840 3555 membra,
877 3498 1068 3542 suam
1103 3496 1370 3542 carnem
1404 3482 1471 3540 et
1504 3475 1914 3558 sanguinem,
1953 3474 2008 3539 si
2043 3480 2254 3537 totum
2279 3474 2329 3553 ¹)

370 3569 570 3631 etiam
615 3565 835 3629 orbem
882 3562 964 3627 ad
1007 3562 1401 3628 consortium
1443 3580 1637 3626 verae
1683 3568 1750 3624 et
1795 3559 2025 3624 unicae
2071 3557 2330 3642 religio-

372 3655 474 3718 nis
521 3651 770 3716 Christi
817 3669 1217 3732 permovere.

562 3849 642 3915 Ut
701 3869 818 3913 non
871 3847 1056 3927 facile
1097 3849 1199 3924 sit,
1245 3847 1351 3909 ubi
1399 3846 1621 3928 reliyio
1659 3843 2000 3926 refrixerit,
2048 3862 2334 3907 revocare

373 3937 650 4000 homines
708 3958 748 3998 α
807 3933 1054 3996 duriori
1098 3933 1180 3996 ad
1225 3932 1595 4010 memorent,
1641 3953 1682 3994 a
1724 3930 2054 3995 continenti
2099 3930 2182 3993 ad
2227 3950 2329 3993 vo-

379 4022 751 4105 luptuosam,
799 4041 874 4083 ea:
919 4018 1260 4084 obedientia
1306 4018 1390 4081 ad
1434 4017 1789 4082 libertatem,

549 4175 746 4241 Ultra
790 4171 1217 4238 Sauromatas
1250 4175 1476 4254 fugere
1511 4171 1667 4235 hinc
1701 4169 1876 4234 libet.
1956 4169 2122 4249 Quis
2160 4170 2335 4232 enim

379 4263 445 4327 in
493 4270 679 4326 tanta
729 4259 1139 4342 impudentia
1195 4257 1611 4325 stomachum
1668 4255 1928 4321 teneat?
1977 4255 2085 4319 ubi
2131 4257 2336 4337 pieta-

382 4357 513 4414 tem
552 4346 884 4412 refrixisse
923 4344 1227 4410 flebiliter
1263 4344 1619 4426 deplorant,
1658 4343 1769 4425 qui
1793 4364 1993 4425 quum
2028 4342 2151 4424 ipsi
2189 4340 2338 4405 nul-

381 4435 524 4500 lum
568 4454 833 4518 prorsus
879 4430 1166 4496 habeant
1210 4429 1339 4494 Dei
1382 4451 1666 4507 sensum,
1714 4437 1781 4493 et
1825 4436 2029 4493 totam
2077 4426 2338 4512 religio-

383 4523 486 4586 nis
532 4519 926 4593 doctrinam,
974 4523 1039 4581 et
1082 4516 1397 4600 quidquid
1441 4516 1758 4600 populum
1803 4516 1872 4579 in
1915 4514 2046 4579 Dei
2102 4515 2339 4578 timore

383 4608 721 4672 continere
775 4612 1033 4686 poterat
1056 4655 1070 4680 ,
1120 4625 1155 4667 e
1197 4601 1443 4667 mundo
1479 4599 1689 4685 quoad
1723 4601 1794 4664 in
1840 4602 1998 4683 ipsis
2032 4600 2155 4664 fuit
2191 4621 2341 4683 pro-

385 4694 715 4777 fligarunt.
787 4687 982 4754 Unde
1019 4690 1191 4752 enim
1232 4689 1376 4766 ista,
1415 4710 1611 4771 quam
1647 4687 1737 4771 pii
1773 4707 1997 4751 omnes
2034 4708 2164 4751 non
2200 4687 2342 4751 sine

385 4801 627 4863 magno
683 4774 932 4861 gemitu
990 4782 1296 4853 cernunt,
1356 4775 1687 4858 religionis
1744 4772 2120 4837 dissolutio?
2167 4772 2342 4836 unde

386 4872 797 4948 contemptus
833 4859 1006 4925 Dei?
1046 4859 1219 4925 unde
1254 4881 1590 4927 sacrorum
1624 4860 1918 4923 omnium
1961 4857 2341 4941 neglectus?

390 4952 517 5018 nisi
562 4949 738 5034 quod.
768 4946 1288 5012 Romanensium
1329 4947 1569 5030 partim
1613 4944 1906 5011 socordia
1948 4952 2014 5008 et
2057 4945 2340 5028 ignavia,

532 5240 590 5305 1)
633 5239 727 5294 Sic
757 5241 971 5307 quidem
1005 5236 1316 5306 expressum
1349 5239 1560 5306 leqitur,
1592 5236 1752 5289 nobis
1783 5241 1961 5289 tamen
1997 5235 2344 5290 sou-cbemlum

393 5311 631 5364 videtur.-
670 5308 764 5363 sed
802 5319 992 5364 totum.

612 5394 834 5449 Calvini
865 5412 1047 5464 opera.
1113 5394 1225 5447 Vol.
1277 5394 1333 5448 V.

1850 369 2370 462 oONsmmM
2413 372 2705 439 PAULI
2747 373 2873 438 111.

4260 384 4389 446 482

2421 561 2663 644 partim
2682 562 2957 644 inscitia,
2981 563 3225 647 partim
3252 564 3448 628 etiam
3472 564 3797 630 malitiosa
3818 566 4110 650 perfidia,
4131 566 4387 635 Christi

2422 649 2665 712 veritas
2702 650 2959 732 sepulta
2992 650 3133 728 fuit,
3174 649 3276 715 vel
3313 651 3529 732 potius
3566 674 3600 714 e
3639 652 3888 716 mundo
3925 655 4379 720 exterminata.

2423 732 2597 797 Nam
2639 734 2864 817 quales
2907 734 3141 800 habuit
3182 737 3523 819 pontifices
3560 738 3775 801 Roma
3810 759 3849 801 a
3884 738 4381 824 quadringentis

2426 826 2542 882 aut
2596 820 2976 904 quingentis
3020 821 3279 887 circiter
3334 823 3526 886 annis
3546 873 3560 898 ,
3624 823 3842 889 notius
3898 831 3997 889 est
4050 846 4249 907 quam
4305 835 4384 890 ut

2425 908 2921 971 commemorari
2967 929 3230 974 necesse
3276 907 3376 972 sit.
3426 947 3433 956 κ
3471 905 3605 988 Qui
3638 915 3806 973 ‘vero
3852 911 3972 976 sub
4016 909 4129 975 illo
4174 910 4382 976 domi-

2424 996 2586 1053 natu
2675 991 2901 1057 titulos
2990 1013 3428 1076 personasque
3505 1004 3853 1078 gesserunt
3929 996 4383 1079 episcoporum

2423 1076 2494 1139 in
2532 1076 2687 1140 orbe
2723 1076 3105 1158 christian0,
3150 1081 3332 1161 quasi
3372 1079 3536 1144 nihil
3577 1080 3754 1144 aliud
3792 1082 4113 1147 haberent
4152 1104 4383 1147 mune-

2424 1161 2548 1238 ris,
2608 1182 2804 1244 quam
2868 1170 2942 1227 ut
2995 1166 3471 1246 praedarentur
3517 1167 4013 1249 expilarentque
4057 1168 4380 1246 ecclesias,

2425 1246 2693 1312 docendi
2755 1269 2978 1312 curam
3035 1252 3324 1316 maxima
3367 1272 3451 1315 ex
3506 1259 3695 1332 parte
3750 1275 3789 1317 a
3842 1273 3913 1317 se
3971 1253 4380 1336 ablegarunt.

2425 1330 2559 1414 Qui
2638 1355 2794 1398 vero
2868 1333 3138 1400 docendi
3212 1337 3498 1401 officium
3578 1346 3983 1421 usurparunt
4063 1348 4178 1403 aut
4219 1339 4383 1404 stul-

2424 1420 2507 1484 tis
2563 1425 2628 1483 et
2670 1419 2941 1484 insulsis
3005 1423 3201 1505 nugis
3293 1422 3708 1488 inebriabant
3764 1423 4019 1506 plebem
4078 1432 4194 1488 aut
4258 1425 4383 1488 im-

2423 1506 2549 1587 piis
2605 1506 3112 1588 perniciosisque
3163 1508 3573 1590 opinionibus
3628 1509 4107 1575 dementabant
4200 1511 4384 1575 Inte-

2423 1593 2553 1654 rim
2597 1592 2923 1655 exstincta
2979 1593 3278 1672 veritatis
3334 1593 3481 1657 luce
3535 1597 3830 1677 exposita
3874 1607 4063 1659 erant
4101 1596 4383 1679 praedae

2425 1686 2492 1741 et
2526 1676 2828 1758 quaestui
2864 1697 3049 1742 sacra
3087 1680 3423 1761 mysteria,
3450 1691 3570 1746 nec
3606 1680 3805 1745 alium
3830 1681 4112 1746 fructum
4139 1680 4384 1746 habere

2471 1763 2855 1838 utabantur‚
2905 1784 3103 1846 quam
3159 1773 3233 1828 ut
3289 1764 3573 1848 populus
3618 1766 3700 1830 ad
3756 1787 3836 1830 ea
3878 1766 4383 1850 obstupesceret.

2480 1849 2539 1911 ic
2584 1849 2785 1912 enim.
2807 1847 2887 1913 de
2931 1848 3257 1915 industria
3302 1849 3452 1914 boni
3495 1851 3885 1934 interpretes
3931 1851 4386 1932 obscurabant,

2425 1955 2555 2016 quo
2589 1933 2843 1998 facilius
2880 1934 3114 2000 deinde
3150 1936 3412 2001 venalia
3445 1938 3931 2018 prostituerent.
3952 1941 3965 1966 ‘
3993 1939 4173 2002 Eant
4207 1960 4386 2004 nunc

2427 2029 2493 2084 et
2559 2028 2921 2102 querantur
2983 2021 3182 2086 fidem
3243 2022 3596 2088 refrixisse.
3687 2021 3885 2104 Quod
3941 2037 4161 2088 autem
4229 2022 4388 2091 dicit

2428 2105 2595 2170 nihil
2641 2127 2782 2170 esse
2824 2106 3180 2188 proclivius
3214 2129 3406 2189 quam
3452 2109 3773 2174 abducere
3810 2108 4108 2175 homines
4154 2132 4192 2174 a
4227 2131 4381 2175 con-

2425 2192 2667 2255 tinenti
2702 2193 2842 2254 vita
2875 2191 2959 2256 ad
2998 2193 3473 2275 voluptuosam,
3514 2217 3553 2258 a
3590 2194 3851 2260 duriore
3888 2195 3971 2259 ad
4008 2195 4385 2276 molliorem,

2427 2276 2508 2340 ab
2548 2276 2917 2342 obedientia
2959 2278 3028 2342 in
3072 2278 3462 2357 libertatem,
3509 2281 3652 2362 quis
3689 2281 3831 2346 sine
3868 2282 4004 2346 risu
4042 2281 4261 2365 legat?
4300 2282 4387 2346 si·
4490 2299 4495 2312 ’

2428 2361 2690 2445 quidem
2748 2385 2943 2445 quam
3004 2365 3418 2429 continenter
3464 2372 3530 2429 et
3575 2371 3691 2446 [fol.
3747 2372 3853 2445 21]
3901 2381 4159 2432 austere
4203 2367 4391 2432 vivat

2429 2470 2702 2513 romana
2747 2450 2931 2514 curia
2975 2457 3042 2513 et
3085 2471 3309 2514 omnes
3354 2449 3488 2516 illic
3544 2451 3828 2528 forma-ti,
3876 2461 4203 2534 postremo
4246 2454 4390 2535 qui-

2430 2556 2686 2617 cunque
2730 2545 2948 2599 notam
3002 2542 3069 2599 et
3112 2537 3555 2601 characterem
3608 2537 3747 2601 eius
3803 2539 4044 2620 ubique
4089 2540 4388 2623 gentium

2430 2620 2670 2698 ferunt,
2710 2619 2923 2686 dicere
2960 2621 3119 2704 quid
3164 2621 3443 2686 attinet?
3517 2623 3667 2686 Non
3708 2643 3865 2706 ergo
3903 2624 4145 2687 mirum
4192 2626 4244 2688 si
4284 2625 4393 2688 hic

2432 2727 2503 2770 se
2558 2727 3024 2787 persuasurum
3081 2708 3327 2772 mundo
3382 2730 3413 2772 s
3461 2709 3776 2786 eraverit,
3833 2719 4046 2772 actum
4112 2731 4256 2774 esse
4311 2709 4393 2773 de

2431 2793 2850 2871 continentia,
2887 2795 3248 2872 sanctitate,
3274 2795 3393 2859 obe
3443 2794 3642 2859 ‘entia
3666 2802 3731 2859 et
3806 2796 3944 2858 mni
3982 2814 4221 2877 genere
4256 2797 4394 2861 vir-

2433 2879 2611 2957 tutis,
2650 2878 2708 2943 si
2752 2879 2954 2943 semel
2998 2900 3038 2943 a
3072 2901 3347 2944 romana
3390 2880 3737 2963 disciplina
3815 2881 4125 2946 iscessum
4162 2880 4392 2959 fuerit3

2432 2985 2665 3029 verum
2712 2963 2823 3028 ubi
2878 2964 3176 3046 subierit,
3222 2965 3332 3032 hic
3387 2987 3496 3033 eos
3539 2965 3716 3050 loqui
3762 2967 3871 3051 qui
3914 2972 4123 3030 totum
4168 2964 4395 3029 orbem

2433 3052 2723 3133 nequitia
2759 3072 2876 3116 sua
2910 3052 3339 3135 corruperint,
3378 3075 3453 3118 ac
3490 3054 3793 3118 omnibus
3828 3053 4227 3137 flagitiorum
4262 3054 4395 3116 for-

2433 3139 2559 3200 mis
2615 3147 2857 3202 terram
2907 3139 3531 3215 contaminaverint,
3564 3140 3736 3222 ‚quis
3780 3161 3910 3203 non
3956 3139 4249 3222 graviter
4290 3139 4394 3201 in-

2433 3223 2743 3307 dignetur
2786 3223 3029 3289 audere
3073 3225 3166 3289 ita
3210 3225 3354 3290 aliis
3382 3225 3779 3307 exprobrare
3821 3224 4182 3301 mollitiem,
4231 3222 4395 3287 dcli-

2435 3311 2569 3375 cias
2602 3316 2669 3373 et
2710 3308 3260 3375 inobedientiam?
3309 3311 3557 3376 scilicet
3596 3312 3894 3394 ignotum
3942 3321 4044 3375 est
4086 3330 4396 3374 romanas

2432 3395 2739 3460 libidines
2791 3395 3029 3479 pudori
3088 3418 3163 3462 ac
3215 3396 3567 3479 pudicitiae
3624 3397 3794 3461 nihil
3852 3396 4085 3480 reliqui
4145 3396 4394 3473 fecisse,

2434 3483 2667 3546 luxum
2685 3533 2698 3558 ,
2777 3482 3230 3566 intemperiem
3248 3534 3262 3561 ,
3328 3489 3741 3565 portentosas
3821 3483 4085 3547 delicias
4160 3481 4400 3555 laxatis

2432 3568 2678 3632 fraenis
2722 3565 2898 3649 apud
2940 3589 3166 3634 omnes
3209 3589 3520 3633 romanae
3574 3568 3745 3635 sedis
3791 3576 4123 3634 creaturas
4181 3567 4392 3632 domi-

2437 3655 2612 3732 nari,
2681 3651 3115 3718 obedientiam
3174 3675 3438 3718 omnem
3493 3654 3623 3718 Dei
3671 3655 3986 3737 verbique
4044 3654 4247 3736 ipsius
4306 3654 4401 3718 ita

2436 3742 2819 3823 proiectam,
2885 3748 2963 3803 ut
3018 3741 3149 3803 iam
3204 3762 3324 3803 nec
3374 3741 3547 3821 apud
3607 3740 3906 3805 homines
3965 3738 4396 3804 dissimulent.

2439 3824 2666 3908 Quum
2723 3844 2880 3906 ergo
2945 3824 3192 3906 pudere
3244 3827 3423 3907 ipsos
3476 3825 3773 3905 desierit,
3840 3825 4027 3889 bonis
4083 3832 4258 3888 certe
4315 3846 4401 3888 ex

2439 3913 2659 3976 animo
2716 3909 3190 3992 deplorandum
3234 3919 3364 3990 est,
3420 3920 3555 3975 tam
3615 3912 3992 3989 sceleratos,
4049 3910 4400 3992 probrosos

2440 4007 2506 4062 et
2563 3997 2644 4063 ad
2697 4018 2887 4061 omne
2942 3997 3344 4080 impuritatis
3388 3997 3953 4080 nequitiarumque
3997 4017 4205 4079 genus
4249 4016 4400 4078 pro—

2440 4084 2640 4149 iectos
2722 4082 3021 4146 homines
3106 4083 3345 4147 audere
3418 4104 3487 4147 so
3581 4081 3793 4146 adhuc
3872 4088 4204 4145 ostent-are
4283 4103 4400 4163 pro

2442 4167 2818 4234 custodibus
2874 4168 3275 4245 severitatis,
3346 4168 3787 4233 continentiae
3843 4175 3910 4231 et
3940 4218 3947 4223 .
3975 4167 4399 4231 obedientiae.

2444 4253 2673 4336 Quum
2706 4250 2974 4319 ‘nullum
3017 4275 3308 4337 unquam
3358 4256 3427 4318 in
3466 4268 3641 4318 terra
3684 4254 4010 4318 exstiterit
4055 4254 4400 4318 hominum

2444 4364 2656 4425 genus
2700 4342 2911 4425 magis
2956 4342 3037 4405 ab
3082 4343 3257 4405 omni
3301 4340 3775 4417 moderatione,
3825 4338 4202 4422 disciplina,
4250 4338 4402 4403 obe-

2445 4427 2691 4493 dientia
2742 4427 3025 4492 alienum
3084 4435 3150 4491 et
3204 4426 3589 4501 abhorrens,
3659 4425 3917 4489 nullum
3978 4424 4059 4488 ad
4117 4423 4400 4503 delicias,

2444 4508 2851 4597 importunas
2922 4512 3325 4595 voluptates,
3395 4511 3847 4589 insolentiam,
3931 4509 4400 4593 impuritatem,

2445 4599 2669 4683 legum
2711 4599 3004 4664 omnium
3064 4609 3540 4682 contemptum,
3600 4599 3921 4662 scelerum
3980 4596 4275 4660 omnium
4320 4596 4405 4659 li-

2447 4687 2747 4763 centiam,
2796 4686 3005 4768 magis
3052 4684 3437 4749 dissolutum
3485 4694 3549 4748 et
3594 4685 4034 4767 prostitutum.

2624 4892 2840 4973 Neque
2895 4893 3195 4956 seducunt
3250 4891 3527 4956 homines
3584 4864 3803 4955 solum*
3827 4890 3935 4953 sed
3979 4886 4269 4951 ecelesias
4311 4888 4409 4952 di-

2447 4979 2710 5077 ripiunt,
2764 4979 3076 5059 epis-copes
3119 4979 3394 5055 efficiunt,
3428 4978 3788 5059 reliq-ionem
3814 4975 4179 5055 profanant,
4216 4979 4402 5097 &qu

2446 5065 2517 5129 td
2556 5084 2829 5142 zmpmte.

2618 5201 2925 5264 Primum
2980 5222 3115 5266 non
3157 5200 3509 5276 seducunt,
3565 5197 3677 5282 qui
3722 5196 4017 5261 homines
4074 5196 4154 5261 ab
4208 5197 4410 5263 inviis

2448 5287 2777 5352 erroribus
2823 5287 2905 5352 ad
2947 5285 3288 5353 Christum
3335 5283 3672 5350 reducunt
3763 5282 3914 5347 Non
3958 5282 4263 5350 ecclesias
4309 5283 4410 5347 di-

3927 5383 3996 5437 31
