5100 6061
729 417 804 475 91
2360 397 2487 462 DE
2533 393 3080 464 CLEMENTIA
4639 387 4720 448 92

1345 594 1461 649 Rex
1495 594 1841 663 Mycenarum
1878 591 1993 644 fuit.

1345 664 1541 717 Veniet
1574 670 1846 730 tyrannus.

729 755 860 820 Hic
923 754 1175 836 quoties
1241 772 1281 815 a
1335 748 1588 814 Seneca
1644 752 2026 827 usurpatur,
2095 740 2544 825 accipiendum
2604 739 2676 802 in

727 841 967 905 malam
1010 846 1283 922 partem.

1446 1105 1748 1171 CAPUT
1794 1103 1954 1168 XII.

904 1255 1051 1328 [pag.
1075 1252 1183 1325 82]
1236 1246 1401 1327 Quid
1423 1243 1611 1325 erqo?
1669 1242 1814 1306 Non
1836 1260 2008 1323 reyes
2028 1258 2268 1320 quoque
2295 1238 2558 1303 occidere
2586 1256 2678 1300 so-

732 1335 898 1401 lent?
970 1333 1089 1398 Sed
1118 1333 1347 1413 quoties
1376 1330 1445 1394 id
1471 1329 1615 1409 sieri
1634 1327 1893 1411 publica
1920 1326 2164 1390 utilitas
2180 1324 2547 1404 persuadet:
2586 1329 2676 1403 ty—

730 1422 960 1486 rannis
992 1419 1253 1484 saevitia
1292 1417 1465 1481 cordi
1512 1419 1616 1479 est.
1706 1413 2046 1495 Tyrannus
2091 1415 2295 1473 autem
2334 1430 2376 1473 a
2410 1429 2548 1491 reqe
2581 1409 2677 1472 di-

728 1511 853 1573 dat
881 1506 1084 1587 factis,
1128 1524 1251 1567 non
1285 1502 1546 1566 nomine.
1614 1499 1788 1563 Nam
1821 1503 1877 1561 et
1910 1496 2264 1579 Dionysius
2298 1497 2503 1558 maio-r
2537 1496 2676 1557 iure

729 1592 1061 1672 meritoque
1094 1588 1409 1670 praeferri
1455 1585 1669 1650 multis
1710 1583 1957 1664 reqibus
1992 1586 2207 1662 potest.
2298 1580 2385 1644 Et
2422 1581 2493 1643 L.
2537 1578 2674 1661 Syl-

729 1678 858 1743 lam
902 1675 1208 1757 appellari
1249 1678 1592 1756 tyrannum
1634 1670 1787 1750 quid
1819 1668 2151 1748 prohibet?
2209 1669 2309 1730 cui
2366 1665 2677 1731 occidendi

726 1763 917 1844 finem
958 1763 1102 1843 fecit
1143 1760 1361 1840 inopia
1398 1757 1682 1831 hostium,
1725 1754 2095 1819 descenderit
2130 1754 2264 1819 licet
2301 1774 2330 1815 e
2364 1752 2678 1816 dictatura

735 2277 1060 2351 mentium,
1107 2274 1395 2337 exterrito
1438 2276 1670 2348 senatu,
1718 2268 1852 2333 Hoc
1893 2287 2186 2353 ayamus‚
2241 2268 2448 2346 inquit
2497 2266 2567 2329 P.
2614 2264 2678 2329 G.

737 2360 1018 2427 seditiosi
1052 2358 1313 2440 pauculi
1358 2378 1484 2420 meo
1533 2358 1714 2420 iussu
1769 2355 2141 2418 occiduntur.
2234 2352 2357 2417 Hic
2418 2373 2538 2416 non
2594 2355 2682 2413 est

738 2447 1045 2524 mentituS,
1079 2445 1277 2526 pauci
1328 2442 1534 2524 Syllae
1575 2440 1953 2505 videbantur.
2025 2439 2146 2502 Sed
2189 2460 2332 2503 moa:
2374 2437 2449 2501 de
2497 2436 2682 2519 Sylla

741 2552 1173 2611 consequemur
1215 2528 1506 2611 quomodo
1544 2526 1819 2590 hostibus
1853 2525 2249 2589 irascendum
2282 2525 2382 2588 sit.
2464 2523 2683 2603 Utique
2733 2562 2736 2573 ·

741 2620 803 2683 si
844 2620 914 2681 in
955 2616 1167 2680 hostile
1210 2635 1426 2678 nomen
1468 2616 1644 2690 cives,
1689 2618 1743 2675 et
1785 2633 1861 2675 ex
1901 2611 2107 2675 eodem
2149 2630 2396 2689 corpore
2429 2610 2681 2689 abrupti

742 2705 1127 2770 transierint.
1216 2700 1479 2764 Interim
1523 2698 1630 2762 hoc
1672 2698 1836 2779 quod
1877 2696 2180 2774 dicebam,
2237 2696 2550 2760 clementia
2595 2695 2682 2776 ef-

739 2791 894 2873 ficit,
951 2794 1021 2851 ut
1072 2807 1364 2870 maynum
1414 2787 1577 2848 inter
1617 2804 1816 2866 reqem
1858 2789 2307 2866 tyrannumque
2348 2782 2685 2845 discrimen
2734 2758 2739 2857 ἶ

743 2879 843 2954 sit,
890 2881 1138 2954 uterque
1181 2874 1313 2937 licet
1357 2892 1479 2934 non
1522 2871 1736 2933 minus
1779 2871 1981 2933 armis
2020 2869 2313 2933 valletur:
2370 2868 2477 2931 scd
2530 2868 2686 2931 alter

743 2983 926 3027 arma
967 2959 1156 3036 habet,
1204 2957 1430 3040 quibus
1473 2958 1542 3020 in
1582 2955 2031 3020 munimentum
2055 2956 2239 3036 pacis
2273 2954 2486 3032 utitur,
2532 2953 2687 3016 alter

742 3053 811 3113 ut
852 3068 1073 3130 maqno
1115 3049 1331 3109 timore
1366 3065 1595 3126 maqna
1640 3043 1785 3106 odia
1825 3046 2173 3122 compescat.
2247 3040 2376 3104 Nec
2408 3040 2558 3103 illas
2593 3042 2687 3119 ip-

741 3156 851 3200 sas
894 3154 1123 3197 manus
1163 3131 1387 3212 quibus
1438 3151 1504 3193 se
1556 3129 1858 3210 commisit
1901 3147 2157 3192 securus
2201 3126 2443 3206 aspicit.
2534 3123 2687 3188 OEn-
2739 3155 2742 3182 ι

741 3221 963 3284 trariis
1006 3219 1076 3282 in
1119 3217 1435 3280 contraria
1479 3217 1703 3297 aqitur.
1798 3213 1969 3276 Nam
2012 3218 2080 3275 ut
2128 3212 2371 3275 invisus
2414 3213 2497 3276 sit
2536 3212 2688 3290 quia

742 3308 1009 3382 timetur,
1054 3304 1262 3367 timeri
1306 3302 1436 3365 vult
1479 3302 1626 3382 quia
1674 3301 1920 3362 invisus
1963 3303 2065 3360 est.
2134 3297 2220 3360 Et
2262 3297 2368 3360 illo
2413 3317 2689 3361 exsecra·
2739 3339 2742 3368 ,

743 3392 858 3457 bili
900 3410 1109 3467 versu,
1153 3389 1265 3470 qui
1311 3387 1534 3450 multos
1576 3386 1742 3449 dedit
1773 3384 2179 3465 praecipites,
2241 3384 2468 3446 utitur:
2533 3381 2687 3447 Ode-

2778 578 2860 645 de
2896 578 3267 644 differentia
3300 580 3473 643 inter
3494 602 3529 642 r
3650 600 3716 643 m
3754 588 3818 643 et
3852 589 4212 664 tyrannum
4241 576 4528 641 breviter
4548 596 4725 641 com-

2777 665 3010 748 plexus
3055 672 3173 742 est,
3219 666 3418 750 longa
3458 687 3574 729 ver
3616 686 3804 729 orum
3849 666 4017 729 serie
4060 672 4285 746 postea
4327 664 4414 729 sit
4458 684 4724 728 enarra-

2779 762 2989 829 turus,
3027 751 3246 815 minus
3277 751 3442 815 haec
3466 750 3784 816 haberent
3819 750 4089 834 gratiae,
4128 751 4184 814 si
4219 748 4472 832 aequali
4509 757 4727 814 tractu

2777 836 3213 920 pronunciata
3255 846 3492 914 essent,
3537 838 3608 900 in
3653 836 3829 901 hunc
3872 836 4167 900 modum:
4215 835 4385 899 Nam
4430 843 4498 900 et
4538 856 4728 920 reg-es

2778 921 3071 987 occidere
3116 921 3346 999 solent,
3394 921 3507 987 sed
3552 922 3806 1005 quoties
3843 932 3961 987 etc.

2956 1007 3129 1072 Nam
3176 1014 3231 1072 et
3272 1008 3628 1091 Dionysius
3669 992 3900 1094 mur]
3948 1009 4302 1093 Dionysius
4344 1009 4553 1071 maior
4595 1028 4728 1074 non

2780 1113 2927 1171 rex,
2986 1092 3099 1158 sed
3158 1106 3482 1178 tyrannus
3539 1091 4025 1176 Syracusarum
4084 1094 4280 1177 vulgo
4334 1092 4599 1160 dicitur:
4659 1101 4729 1159 et

2781 1192 3005 1242 tamen
3049 1178 3241 1242 multi
3286 1179 3399 1262 qui
3443 1199 3631 1263 roges
3677 1179 3988 1261 appellati
4045 1187 4227 1257 sunt,
4284 1179 4492 1243 multo
4547 1201 4727 1245 acer-

2780 1264 2927 1329 bius
2970 1274 3409 1329 exercuerunt
3467 1286 3772 1363 regnum,
3832 1287 4026 1348 quam
4082 1265 4225 1348 ipse
4284 1265 4725 1348 tyrannidem.

2740 1348 2911 1412 ·Hic
2952 1350 3156 1433 igitur
3196 1350 3332 1428 rex,
3379 1350 3472 1414 illi
3521 1372 3736 1415 venus
3782 1353 4064 1435 tyranni,
4112 1353 4166 1415 si
4212 1373 4293 1416 ex
4336 1352 4469 1415 suis
4514 1352 4726 1434 operi-

2779 1433 2900 1499 bus
2937 1435 3382 1501 aestimentur.
3449 1436 3679 1518 Neque
3715 1447 3933 1502 tamen
3965 1436 4330 1520 Dionysius
4365 1437 4505 1519 ipse
4541 1459 4728 1501 man-

2779 1530 3005 1585 suetus
3057 1542 3173 1603 per
3217 1542 3286 1586 se
3330 1532 3443 1586 aut
3500 1521 3871 1587 moderatus
3927 1524 4076 1586 fuit:
4138 1544 4332 1606 quem
4388 1525 4584 1587 etiam
4631 1523 4729 1586 di-

2779 1628 2929 1669 rum
2975 1619 3168 1689 atque
3213 1607 3548 1672 exitialem
3595 1609 3786 1673 terris
3829 1609 4125 1672 futurum
4170 1611 4420 1673 somnia
4465 1619 4727 1691 porten-

2781 1691 3018 1756 derunt
3064 1704 3410 1776 antequam
3455 1703 3849 1773 nasceretur,
3899 1705 3969 1757 ut
4011 1695 4213 1760 refert
4237 1695 4560 1760 Valerius.
4638 1695 4729 1760 Et

2780 1777 3156 1843 Macrobius
3209 1779 3857 1844 inclementissimum
3914 1780 4099 1844 aulae
4142 1780 4405 1846 Siculae
4460 1779 4729 1846 incuba-

2786 2313 3020 2357 norum
3055 2294 3561 2359 dominationem
3597 2296 3941 2379 peregerit,
3977 2318 4179 2378 quum
4214 2297 4507 2379 plerique
4543 2318 4729 2381 reges

2785 2379 3047 2461 fastigio
3073 2382 3121 2463 ¹)
3166 2381 3438 2464 depulsi,
3485 2393 3602 2444 aut
3641 2381 3869 2445 exsilio
3916 2392 4033 2445 aut
4075 2393 4282 2447 morte
4319 2383 4491 2447 male
4527 2383 4731 2448 mulc-

2786 2466 2907 2528 tati
2965 2467 3111 2529 sint.
3212 2469 3314 2532 Eo
3370 2479 3660 2549 tempore
3719 2468 3968 2541 floruit,
4034 2490 4160 2550 quo
4215 2469 4732 2534 Atheniensibus

2788 2552 3066 2635 triginta
3109 2554 3375 2638 tyranni
3419 2554 3704 2641 impositi
3742 2563 3922 2617 sunt:
3970 2575 4095 2636 quo
4131 2554 4359 2619 eodem
4392 2556 4530 2619 fere
4568 2568 4733 2619 tem-

2787 2658 2941 2719 pore
2987 2639 3239 2704 Romae
3293 2640 3492 2707 creati
3549 2650 3706 2703 suut
3761 2640 4009 2704 tribuni
4066 2641 4352 2704 militum
4408 2641 4731 2706 consulari

2787 2734 3125 2805 potestate,
3173 2747 3344 2790 anno
3390 2734 3534 2807 post
3576 2725 3905 2789 conditam
3951 2728 4182 2791 urbem
4230 2731 4350 2790 347
4396 2737 4470 2791 ut
4514 2735 4736 2793 censet

2791 2809 3065 2875 Gellius.
3121 2812 3292 2875 Nam
3316 2812 3555 2876 Livius
3580 2810 3779 2875 tradit
3803 2814 4001 2877 fuisse
4017 2834 4272 2891 „annum
4289 2814 4348 2895 2)
4375 2818 4518 2878 310.
4572 2815 4733 2878 Dio·

2788 2898 3055 2980 nysium
3101 2900 3413 2961 maiorem
3458 2896 3616 2961 dicit
3661 2912 3926 2980 propter
3968 2899 4208 2977 filium,
4266 2900 4374 2981 qui
4435 2901 4733 2983 tyranni-

2792 2982 2941 3048 dem
2976 2985 3158 3049 velut
3190 2982 3692 3049 haereditariam
3729 3006 3766 3048 a
3801 2994 3985 3067 patre
4020 2985 4282 3068 accepit.
4351 2986 4589 3051 Postea
4620 3008 4738 3069 per

2789 3072 3134 3135 factionem
3179 3071 3508 3153 expulsus,
3554 3069 3782 3133 ludum
3829 3071 4191 3136 literarium
4229 3071 4534 3136 Corinthi
4580 3094 4736 3155 pue-

2739 3187 2742 3216 ι
2791 3157 2881 3220 ris
2937 3158 3210 3240 aperuit.
3311 3154 3658 3236 Quoddam
3713 3157 3958 3222 scilicet
4011 3159 4306 3234 fortunae
4359 3157 4733 3238 ludibrium,

2739 3265 2742 3300 =
2792 3253 3138 3326 utramque
3182 3257 3509 3326 expertus,
3558 3242 3901 3307 adversam
3944 3243 4339 3310 moderatius
4375 3245 4545 3322 tulit,
4585 3265 4734 3326 pro-

2794 3351 2982 3412 spera
3005 3332 3520 3412 intemperanter
3542 3330 3781 3393 abusus
3804 3337 3920 3394 est.
3981 3331 4305 3411 Loquitur
4334 3337 4553 3395 autem
4583 3352 4734 3394 con-

2739 3453 2743 3480 ι
2794 3427 2897 3480 tra
2940 3415 3173 3480 Vallae
3217 3414 3769 3492 observationem,
3817 3436 4020 3496 quum
4066 3418 4379 3480 maiorem
4425 3416 4581 3480 dicit

746 3478 904 3554 rint,
962 3475 1110 3538 dum
1162 3478 1449 3536 maant-
1542 3470 1819 3552 IH'WWS
1875 3475 2112 3550 quanta
2167 3470 2369 3532 rabies
2424 3471 2687 3545 Oriatur’
2740 3485 2743 3560 Ῑ
2794 3503 2925 3566 tius
2970 3523 3169 3584 quam
3214 3503 3644 3583 superiorem:
3694 3501 3861 3565 sicut
3896 3501 4203 3566 Valerius
4246 3502 4353 3567 lib.
4401 3501 4560 3566 HL:
4607 3437 4734 3567 ἐξ

746 3561 854 3627 ubi
911 3580 1108 3642 supra
1165 3559 1413 3623 modum
1467 3558 1611 3621 odia
1656 3561 1986 3620 creverunt.
2081 3555 2482 3635 Temperatus
2526 3554 2691 3618 enim
2740 3577 2744 3662 h
2793 3589 2976 3653 noim,
3022 3589 3327 3670 progenie
3372 3607 3491 3649 sua

746 3649 931 3711 timor
973 3644 1197 3710 cohibet
1228 3646 1489 3720 animos,
1536 3643 1833 3707 assiduus
1868 3663 2007 3705 vero
2041 3647 2096 3706 et
2130 3662 2285 3719 acer,
2329 3645 2385 3705 et
2417 3647 2691 3706 eoetrema

745 3733 1100 3809 admovens,
1145 3732 1216 3794 in
1258 3730 1595 3795 audaciam
1638 3729 1903 3793 iacentes
1944 3728 2194 3798 excitat.
2242 3733 2296 3790 et
2337 3729 2548 3791 omnia
2592 3747 2692 3790 ea:-
2741 3743 2744 3762 ⁴

734 3820 945 3903 periri
988 3818 1224 3882 suadet.
1297 3815 1403 3881 Sic
1432 3815 1606 3896 feras
1644 3815 1827 3877 lineis
1872 3819 1924 3876 et
1956 3814 2160 3894 pinna
2206 3812 2524 3877 conclusas
2556 3833 2690 3876 cone-

745 3906 889 3984 tine,
935 3904 1182 3967 easdem
1224 3923 1266 3964 a
1310 3907 1472 3984 terqo
1516 3921 1696 3981 eques
1738 3900 1875 3962 telis
1919 3901 2198 3976 incessat,
2243 3899 2557 3964 tentabunt
2592 3899 2692 3978 fu-
2743 3935 2746 3942 ·

741 4011 893 4074 qam
923 4010 1044 4070 per
1085 3990 1231 4071 ipsa
1273 4009 1430 4068 quae
1469 3987 1779 4068 fuqerant‚
1816 3985 2377 4066 proculcabuntque
2405 3985 2694 4066 formidi-
2742 3959 2747 4086 ff
2795 4021 2938 4084 nice

747 4097 901 4141 nern.
991 4074 1321 4139 Acerrima
1362 4074 1565 4137 virtus
1607 4076 1693 4136 est
1734 4091 1925 4152 quam
1968 4071 2190 4134 ultima
2225 4076 2557 4135 necessitas
2591 4090 2693 4134 esc-
2743 4089 2748 4142 ι

747 4163 965 4226 tundit.
1057 4160 1396 4241 Relinquat
1439 4162 1664 4240 oportet
1704 4158 1906 4220 securi
1949 4156 2197 4237 aliquid
2231 4157 2696 4323 miiltngtvztlltgz-

748 4270 865 4330 que
897 4248 1050 4329 plus
1092 4247 1226 4327 spei
1258 4267 1445 4327 quam
1479 4243 1905 4326 periculorum
1939 4246 2201 4306 ostentet.

750 4333 1083 4416 quiescenti
1113 4334 1314 4412 paria
1356 4329 1728 4407 metuuntur,
1776 4329 2091 4391 incurrere
2137 4332 2283 4406 [pag.
2324 4333 2431 4407 83]
2484 4329 2553 4391 in
2590 4348 2697 4407 pe-

748 4420 957 4484 ricula
995 4421 1187 4493 iuvat,
1232 4423 1286 4481 et
1327 4418 1537 4481 aliena
1580 4415 1798 4479 anima
1831 4412 2019 4477 abuti.
2090 4412 2352 4478 Placido
2388 4413 2694 4494 tranquil-

751 4507 925 4586 loque
966 4505 1099 4586 reqi
1137 4503 1273 4583 sida
1327 4507 1474 4566 sunt
1530 4501 1780 4565 auxilia
1833 4520 1981 4576 sua,
2039 4500 2263 4580 quibus
2307 4499 2391 4563 ad
2434 4519 2697 4562 commu—

750 4613 893 4657 nem
922 4591 1183 4654 satutem
1214 4593 1444 4651 utatur.
1508 4587 1951 4667 Gloriosusque
1983 4585 2161 4649 miles
2196 4585 2504 4667 (publicae
2531 4587 2699 4649 enim

751 4676 1068 4743 securitati
1110 4675 1264 4738 darc
1308 4693 1560 4754 operam
1600 4673 1871 4753 videt-ur)
1917 4691 2152 4735 omnem
2193 4671 2460 4735 laborem
2502 4671 2700 4735 libens

743 4765 1010 4846 patitur,
1052 4766 1123 4824 ut
1154 4760 1443 4839 parentis
1486 4765 1699 4821 custos.
1776 4757 1871 4821 At
1912 4757 2092 4821 illum
2135 4757 2416 4821 acerbum
2458 4762 2515 4820 et
2556 4776 2700 4820 san—

751 4850 1123 4932 guinarium
1164 4865 1397 4908 necesse
1440 4850 1530 4908 est
1566 4849 1906 4925 qraventur
1948 4844 2278 4923 stipatores
2320 4844 2441 4906 sui.

935 4968 1101 5048 Quid
1144 4984 1288 5047 erqo
1304 4962 1370 5050 ἓ]
1460 4963 1929 5044 Interrogatio,
1990 4983 2155 5044 quae
2212 4961 2700 5045 dispositionem

762 5052 1030 5118 adiuvat
1071 5061 1139 5116 et
1181 5051 1424 5114 excitat
1466 5047 1845 5112 auditorem.
1937 5045 2158 5127 Quum
2203 5049 2379 5111 enim
2424 5068 2503 5112 ea
2535 5069 2701 5129 quae

768 5185 1169 5192 ...—.——-——.-———-

898 5257 957 5322 1)
1000 5255 1105 5310 Ed.
1128 5255 1286 5310 1597:
1324 5256 1603 5321 invicinio,
1641 5250 1786 5321 quod
1807 5251 2000 5306 vitium
2035 5261 2311 5322 sequentes
2346 5255 2427 5308 ita
2461 5268 2703 5308 correxe-

761 5332 893 5381 runt
928 5331 987 5378 ut
1021 5326 1073 5378 in
1108 5326 1297 5379 vicinia
1332 5324 1637 5379 scriberent.

3536 3588 3834 3669 superior
3871 3585 4054 3664 Cato,
4102 3608 4141 3650 a
4176 3610 4300 3670 quo
4337 3589 4606 3653 Porciae
4641 3590 4735 3652 fa-

2741 3703 2744 3714 ·
2796 3674 3011 3739 miliae
3055 3673 3376 3756 principia
3419 3687 3787 3737 manarunt.
3877 3672 4092 3737 Idem:
4139 3675 4303 3738 Oato
4351 3695 4503 3738 vero
4546 3695 4736 3757 supe-

2743 3815 2744 3834 ,
2795 3763 2930 3825 rior
2973 3780 3439 3842 saepenumero
3492 3758 3574 3822 ab
3630 3760 3911 3824 inimicis
3968 3759 4051 3824 ad
4103 3781 4334 3825 causae
4389 3758 4740 3824 dictionem

2743 3899 2744 3914 ,
2794 3863 3080 3922 vocatus,
3129 3868 3248 3911 nec
3291 3845 3426 3908 ullo
3473 3867 3564 3909 un
3607 3866 3761 3910 uam
3805 3847 4076 3910 crimine
4121 3847 4459 3911 convictus
4495 3854 4613 3910 etc.

2969 3932 3053 3995 Et
3098 3932 3173 3995 L.
3223 3930 3493 4080 Syllam}
3638 3931 3774 4014 ylla
3818 3953 4021 4013 quum
4066 3931 4212 4013 plus
4257 3953 4454 4014 quam
4511 3944 4738 4015 tyran—

2978 4019 3048 4081 in
3092 4019 3320 4082 caedes
3365 4029 3431 4081 et
3497 4018 3814 4084 atrocinia
3857 4027 4096 4095 rueret,
4141 4039 4479 4100 nunquam
4515 4027 4739 4102 tyran-

2797 4129 2921 4170 nus
2968 4109 3115 4183 [pag.
3142 4110 3250 4182 84]
3292 4113 3556 4169 vocatus
3592 4111 3707 4167 est.
3777 4103 4137 4169 Dictatoris
4171 4125 4410 4168 nomen
4446 4102 4737 4181 retinuit,

2744 4205 2748 4244 Ι
2798 4213 2991 4273 quem
3026 4191 3487 4272 magistratum
3519 4188 3701 4252 liberi
3741 4190 3959 4272 populi
3996 4189 4118 4254 sibi
4151 4190 4589 4273 imponebant.
4650 4189 4744 4254 Et

2799 4287 3020 4340 tamen
3067 4276 3211 4358 quis
3257 4287 3450 4359 neget
3487 4295 3638 4339 vere
3679 4286 4032 4359 tyrannum
4068 4275 4284 4353 fuisse,
4332 4276 4388 4339 si
4425 4283 4744 4361 tyrannus

2798 4365 2854 4427 is
2898 4372 2998 4427 est
3036 4363 3143 4444 qui
3189 4362 3581 4443 impotenter
3623 4359 4017 4440 dominatur,
4073 4363 4183 4442 qui
4244 4361 4568 4442 caedibus,
4592 4381 4745 4425 suo-

2801 4471 2951 4512 rum
2994 4448 3303 4530 pascitur,
3351 4448 3460 4529 qui
3505 4456 3764 4528 praeter
3807 4468 4085 4529 aequum
4122 4455 4187 4511 et
4216 4448 4458 4512 bonum
4496 4447 4745 4512 violen-

2801 4542 2904 4598 ter
2945 4535 3292 4617 imperium
3337 4531 3637 4597 exercet?
4171 4603 4174 4610 .

2976 4618 3096 4684 Oui
3140 4619 3449 4684 occidendi
3488 4616 3702 4704 tinem]
3763 4618 3906 4682 Imo
3951 4628 4106 4684 vero
4158 4641 4245 4684 ne
4297 4620 4439 4701 ipsa
4481 4618 4749 4701 quidem

2801 4705 3068 4770 modum
3113 4706 3435 4787 imposuit.
3503 4704 3698 4768 Multi
3732 4705 3905 4768 enim
3940 4706 4174 4786 quibus
4214 4705 4384 4769 nihil
4417 4715 4561 4769 erat
4594 4726 4748 4769 cum

2804 4789 2995 4874 Sylla
3038 4792 3164 4868 rei,
3223 4801 3289 4854 et
3335 4791 3442 4873 qui
3493 4789 3792 4856 civilibus
3838 4790 4226 4856 factionibus
4270 4790 4745 4868 abstinuerant,

2804 4879 3079 4960 privatis
3123 4877 3478 4940 inimicitiis
3533 4888 3687 4941 sunt
3740 4877 4149 4959 interempti,
4210 4877 4329 4942 sub
4386 4877 4509 4942 hoc
4557 4897 4746 4959 prae-

2806 4972 3012 5040 textu,
3059 4962 3228 5045 quod
3274 4962 3557 5026 Mariani
3600 4971 3835 5039 essent,
3881 4982 4253 5046 quanquam
4296 4984 4364 5027 se
4408 4983 4750 5046 nunquam

2946 5253 3006 5318 1)
3050 5253 3393 5308 Recentiores
3426 5270 3606 5308 omnes
3641 5256 3805 5309 male.-
3841 5253 4073 5308 fastidio.

2812 5338 2968 5376 anno.

4211 5253 4270 5317 2)
4314 5254 4458 5307 Edd-
4496 5252 4630 5306 1597
4653 5268 4759 5306 88..-
