5100 6061
326 420 449 482 373

318 610 675 688 yumentum
716 611 897 687 atque
939 606 1271 684 indicium,
1331 605 1676 686 Separatus
1729 627 1836 690 eqo
1892 608 1963 671 in
2009 605 2262 691 evanqe-

320 692 482 756 lium
520 691 674 771 Dei,
724 693 959 772 inquit,
1017 693 1184 772 quod
1223 693 1612 773 promiserat
1657 714 1778 773 per
1811 693 2153 776 prophetas
2192 696 2264 758 in

320 778 662 859 scripturis
712 778 945 842 sanctis
986 779 1062 843 de
1111 778 1243 858 filio
1296 799 1436 857 su0,
1485 781 1685 861 qenito
1741 779 1990 860 quidem
2044 801 2121 843 cx
2176 800 2267 844 se·-

319 863 489 927 mine
531 868 677 942 [pag.
726 868 831 942 10]
872 863 1114 941 David,
1162 866 1502 929 secundum
1543 885 1815 942 carnern,
1870 863 2264 931 determinato

320 955 530 1014 autem
573 956 628 1012 et
668 950 975 1018 declarato
1021 949 1157 1030 filio
1202 951 1329 1015 Dei
1384 952 1451 1014 in
1486 952 1769 1031 potentia
1801 973 1923 1034 per
1965 952 2265 1033 spiritum

319 1036 685 1113 sanctitatis,
709 1035 836 1101 hoc
870 1041 974 1115 est,
1017 1037 1087 1099 in
1110 1037 1392 1115 potentia
1424 1037 1770 1118 spirituali,
1812 1060 1971 1119 quae
1995 1039 2266 1120 propria

321 1120 448 1184 Dei
481 1124 755 1202 potentia
796 1127 914 1186 est:
956 1121 1122 1204 quod
1163 1143 1284 1186 non
1326 1143 1582 1202 corpore
1626 1113 1828 1202 Deus,
1884 1126 1993 1190 sed
2034 1126 2265 1205 spiritu

320 1208 648 1272 mirabilia
685 1229 808 1272 sua
849 1209 996 1290 aqit.
1089 1207 1412 1290 Imperare
1455 1210 1619 1272 enim
1672 1212 1898 1289 ventis,
1959 1216 2013 1274 et
2068 1211 2265 1275 caecis

317 1292 497 1357 verbo
542 1294 748 1358 lumen
789 1294 1067 1371 reddere,
1124 1299 1179 1356 et
1229 1300 1499 1359 mortuos
1542 1296 1833 1378 excitare,
1891 1317 2015 1360 non
2056 1317 2266 1377 corpo-

316 1400 443 1457 rea,
486 1380 594 1444 sed
632 1381 972 1461 spirituali,
1018 1401 1177 1459 quae
1212 1382 1422 1445 eadem
1457 1386 1510 1442 ct
1547 1381 1768 1444 divina
1801 1388 1904 1460 est,
1945 1381 2130 1462 fiebat
2150 1401 2266 1462 po·

318 1470 543 1529 testate.
612 1463 1074 1531 Declarabatur
1107 1467 1305 1547 iqitur
1343 1465 1632 1530 Christus
1668 1466 1791 1529 Dei
1821 1468 2005 1547 filius
2038 1489 2113 1530 ea:
2147 1468 2264 1532 hac

317 1553 646 1633 spirituali
678 1554 972 1633 potentia,
1015 1573 1172 1632 quae
1206 1552 1342 1617 sola
1375 1553 1596 1616 divina
1630 1557 1733 1614 est.
1800 1553 1890 1617 Et
1923 1555 2085 1634 quod
2122 1552 2264 1617 sub-

317 1639 527 1720 iunyit
562 1638 827 1716 Paulus,
872 1659 946 1708 ee
984 1639 1386 1702 suscitatione
1429 1659 1470 1700 a
1512 1639 1806 1703 mortuis:
1849 1661 1976 1704 non
2019 1646 2148 1704 tam
2190 1660 2263 1702 ca

318 1723 595 1804 quidem,
655 1745 781 1803 qua
824 1745 1047 1805 corpus
1093 1724 1362 1802 Lazari,
1421 1729 1533 1788 aut
1581 1724 1790 1804 filium
1845 1727 2095 1802 viduae,
2155 1730 2267 1788 aut

305 1810 631 1891 principis
651 1831 995 1892 synaqoqae
1022 1809 1228 1890 filiam
1262 1810 1653 1893 (quanquam
1671 1810 1796 1875 ista
1818 1832 2056 1893 quoque
2077 1831 2266 1891 opera

317 1894 445 1959 Dei
487 1901 692 1978 erant)
736 1917 949 1959 verum
991 1917 1063 1960 ea
1107 1898 1292 1959 etiam
1333 1897 1728 1959 suscitatione
1762 1899 1985 1980 magis,
2030 1919 2156 1978 qua
2199 1917 2264 1961 se

316 1983 528 2061 ipsum
579 1982 934 2060 suscitavit,
994 1987 1105 2046 aut
1155 1987 1310 2046 certe
1335 1985 1382 2063 ι)
1437 2003 1562 2062 qua
1606 1980 1897 2047 Mariam
1942 1982 2263 2066 Maqdale-

316 2087 435 2131 nae
477 2088 519 2130 a
562 2066 906 2132 daemoniis
948 2073 1190 2148 septem,
1239 2067 1626 2131 Matthaeum
1661 2090 1702 2132 a
1742 2070 1989 2147 telonea,
2007 2071 2065 2152 2)
2109 2069 2264 2132 mul-

317 2159 406 2217 tos
450 2175 494 2216 a
537 2159 782 2244 terrena
825 2159 879 2217 et
920 2155 1295 2218 moribunda
1335 2155 1493 2230 vita,
1552 2174 1724 2218 omne
1765 2156 2029 2234 denique
2067 2176 2263 2236 qenus

315 2238 664 2303 humanum
718 2262 760 2303 a
803 2245 1047 2320 peccato
1100 2248 1153 2302 et
1196 2241 1433 2320 peccati
1487 2245 1704 2317 morte,
1761 2247 1815 2303 et
1872 2262 1914 2303 a
1959 2246 2264 2320 potestate

316 2324 509 2389 huius
551 2326 774 2390 mundi
818 2327 1222 2403 tenebrarum,
1267 2326 1352 2389 ad
1395 2327 1697 2390 coelestem
1733 2327 2141 2408 appetendam
2175 2332 2265 2390 at-

313 2432 429 2492 que
469 2414 849 2493 sperandam
884 2417 938 2474 et
970 2412 1388 2494 eoquationem
1421 2417 1478 2475 et
1511 2414 1706 2476 lucem
1723 2417 1779 2492 ³)
1817 2414 2120 2490 excitavit,
2162 2414 2264 2476 de-

315 2510 665 2578 mersosque
719 2499 788 2561 in
843 2499 970 2562 luto
1025 2503 1226 2560 terrae
1282 2496 1600 2561 hominum
1655 2499 1899 2562 animos
1941 2500 2138 2562 erexit
2180 2499 2264 2563 ad

312 2583 559 2662 coelum,
592 2588 775 2664 afflue
797 2583 1030 2647 exstulit.
1087 2584 1297 2664 Atque
1326 2582 1434 2647 hoc
1464 2584 1817 2648 maximum
1852 2584 2003 2648 Iesu
2029 2583 2266 2649 Christi

315 2688 461 2751 crya
504 2690 619 2733 nos
659 2669 1031 2749 beneficium,
1066 2669 1598 2751 praecipuumque
1640 2671 1710 2734 in
1753 2690 1818 2733 eo
1861 2671 1998 2752 ipso
2032 2671 2264 2734 divini—

317 2755 465 2818 tatis
502 2762 952 2838 arqumentum,
990 2756 1224 2821 idcirco
1266 2760 1323 2818 et
1360 2755 1717 2820 institutum
1749 2776 1793 2821 a
1818 2756 1954 2821 Deo
1997 2757 2069 2820 in
2109 2757 2262 2821 mis-

312 2841 484 2906 sione
513 2841 643 2921 filii
686 2843 807 2921 sui,
851 2848 906 2905 et
948 2841 1024 2905 ab
1065 2843 1204 2920 ipso
1244 2841 1380 2920 filio
1418 2848 1793 2922 susceptum,
1838 2847 1894 2904 et
1933 2861 2047 2906 suo
2089 2843 2262 2907 nobis

313 2931 579 3008 tempore
611 2947 735 3006 per
778 2947 918 2992 eum
960 2929 1178 2992 datum
1221 2927 1636 3008 tributumque
1678 2935 1796 2992 est:
1852 2933 1923 2991 ut
1978 2929 2261 2993 ornnibus

313 3017 368 3077 et
406 3014 648 3079 divinis
692 3018 749 3077 et
788 3013 1086 3078 humanis
1125 3013 1197 3077 in
1238 3034 1364 3079 uno
1412 3010 1658 3078 Christo
1711 3015 2018 3094 consiliis,
2075 3016 2261 3079 ausci-

311 3098 438 3179 liis,
481 3100 936 3181 virtutibusque
977 3100 1183 3164 adiuti
1221 3119 1334 3163 nos
1377 3101 1630 3165 animas
1671 3100 1809 3166 Deo
1846 3108 2096 3166 nostras
2138 3100 2263 3166 sal-

312 3206 426 3250 vas
479 3187 697 3250 sistere
741 3206 1089 3267 possemus,
1189 3186 1394 3250 Tanta
1452 3190 1595 3264 [pag.
1643 3202 1667 3250 1
1687 3191 1747 3265 l]
1806 3193 1894 3251 est
1947 3188 2261 3268 monitae,

311 3276 440 3335 tam
483 3273 733 3354 insiqne
765 3273 1045 3353 pretium
1058 3322 1072 3349 ,
1130 3277 1258 3335 tam
1308 3273 1576 3355 qrandis
1618 3274 1968 3338 aestimatio
2009 3274 2265 3340 huiusce

309 3359 420 3436 rei,
466 3379 625 3439 quae
660 3360 879 3422 anima
922 3358 1195 3422 hominis
1237 3362 1339 3436 est,
1381 3363 1453 3420 ut
1493 3380 1612 3438 quo
1649 3380 1726 3422 ne
1770 3380 1843 3423 ea
1874 3361 2260 3439 perderetur,

311 3445 420 3508 sed
464 3450 520 3507 et
554 3443 689 3508 Deo
731 3445 860 3525 ipsi
905 3449 961 3506 et
1001 3443 1181 3508 nobis
1213 3443 1559 3524 lucrifieret,
1605 3445 1981 3509 conturbatis
2003 3448 2263 3526 penitus

311 3530 500 3594 totius
539 3536 805 3594 naturae
848 3530 1084 3613 leqibus
1098 3580 1111 3607 ,
1168 3535 1348 3609 atque
1392 3531 1608 3595 ordine
1650 3551 1861 3594 rerum
1890 3538 2261 3613 permutata,

313 3621 368 3679 et
409 3615 591 3680 Deus
636 3617 1012 3681 descenderet
1053 3616 1124 3679 in
1168 3622 1389 3694 terras,
1434 3621 1505 3679 ut
1540 3616 1712 3696 fieret
1753 3616 1944 3695 homo,
1990 3623 2046 3679 et
2086 3618 2260 3683 homo

310 3701 652 3783 eriyeretur
695 3703 765 3765 in
820 3701 1078 3778 eoelum,
1132 3708 1203 3765 ut
1254 3708 1410 3766 esset
1449 3701 1647 3765 Deus.
1743 3701 2072 3767 Oredimus
2122 3725 2260 3787 erqo

307 3788 380 3851 in
426 3785 742 3852 Christum
787 3789 886 3870 (ut
927 3787 1230 3868 dicebam)
1275 3808 1501 3866 omnes,
1544 3808 1665 3867 quo
1707 3789 1974 3852 salutem
2013 3792 2259 3854 anima-

309 3872 426 3936 bus
466 3875 732 3954 nostris,
786 3876 856 3938 id
909 3878 1025 3951 est,
1067 3873 1365 3938 nobismet
1397 3874 1559 3954 ipsis
1605 3875 1799 3938 vitam
1842 3876 2262 3940 inveniamus:

307 3980 427 4040 quo
467 3959 716 4024 nullum
761 3965 1037 4040 optatum
1078 3959 1513 4038 vehementius,
1558 3960 1801 4024 nullu-m
1843 3962 2067 4025 bonum
2111 3965 2260 4026 inte-

304 4046 466 4122 rius,
509 4066 618 4109 nee
658 4047 868 4129 maqis
912 4047 1303 4111 coniunctum
1344 4066 1418 4110 ac
1456 4046 1782 4127 familiare
1823 4049 2001 4111 nobis
2043 4050 2258 4113 adesse

297 4136 512 4212 potest.
612 4132 925 4212 Quantum
968 4133 1135 4196 enim
1171 4153 1300 4198 sese
1342 4133 1555 4214 diliyit
1607 4135 2061 4214 unusquisque,
2123 4140 2259 4198 tan-

306 4223 439 4281 tum
481 4219 614 4299 ipsi
658 4219 835 4282 salus
878 4239 1030 4282 cara
1074 4224 1163 4281 est
1204 4239 1355 4283 sua:
1411 4240 1567 4298 quae
1620 4218 1680 4281 si
1733 4220 2086 4302 neqliqatur
2130 4222 2254 4297 et4)

307 4304 663 4383 abiis-tatur,
700 4305 862 4385 quod
897 4305 1142 4368 tandem
1176 4305 1314 4368 erit·
1316 4305 1679 4387 praemium
1715 4307 1878 4385 quod
1901 4307 2111 4386 possit
2130 4328 2262 4387 par

306 4390 606 4469 acquiri?
698 4391 901 4470 Quam
944 4391 1110 4453 enim
1151 4391 1409 4474 (liquam
1450 4391 1709 4470 accipiet
1761 4391 1936 4457 homo
1990 4413 2261 4474 compen·

304 4477 607 4540 sationem
639 4496 764 4556 pro
818 4478 1038 4540 anima
1088 4497 1237 4555 sua,
1294 4478 1500 4559 inquit
1541 4476 1886 4557 Dominus,
1942 4485 2054 4542 aut
2105 4481 2261 4560 quid

294 4563 588 4642 proderit
636 4561 876 4626 homini
891 4612 905 4640 ,
966 4563 1061 4627 vel
1112 4564 1172 4627 si
1215 4565 1583 4628 universum
1628 4563 1931 4628 mundum
1973 4567 2259 4645 lueretur,

452 4869 510 4936 1)
549 4869 704 4924 Haec
736 4872 930 4924 verba:
973 4887 1080 4937 qua
1117 4876 1176 4923 se
1212 4871 1384 4938 ipsum
1423 4873 1701 4926 suscitavit
1753 4882 1846 4927 aut
1885 4880 2030 4927 certe
2099 4874 2264 4941 neqli-

304 4939 496 5007 yentia
541 4941 862 4992 correctoris
909 4939 1227 4992 exciderunt
1271 4940 1331 4991 in
1377 4940 1611 4994 editione
1662 4915 1967 4995 denevensi
2002 4916 2138 4994 1540
2213 4950 2263 4995 et

307 5008 394 5061 sic
426 5023 639 5077 quoque
672 5010 735 5060 in
769 5008 1017 5062 omnibus
1061 5008 1450 5061 recentioribus
1484 5015 1596 5063 tam
1628 5010 1819 5064 latinis
1853 5026 2016 5079 quam
2048 4985 2264 5079 qallicis

309 5076 713 5131 desiderantur.
912 5076 971 5141 2)
1010 5077 1229 5143 teloni0,
1270 5074 1406 5128 1540
1440 5092 1578 5146 seqq.
1775 5078 1836 5144 3)
1879 5080 2072 5134 Editio
2099 5082 2262 5147 prin-

307 5161 438 5213 ceps
485 5151 535 5198 et
581 5148 937 5214 apoqraphon
982 5146 1438 5214 Arqentoratense
1483 5147 1734 5200 mendose
1776 5149 2002 5203 habent:
2056 5149 2262 5204 ducem.

315 5213 517 5268 Gallus
553 5218 775 5269 omnino
812 5232 923 5269 non
960 5217 1132 5282 vertit,
1171 5214 1381 5268 dicens:
1432 5217 1464 5268 ὸ
1511 5231 1613 5268 une
1662 5232 1955 5284 esperance
2010 5218 2262 5273 d'affinite

310 5284 740 5420 ῗυὲῗιωραίςῃίθ
778 5286 997 5339 celeste.
1186 5282 1246 5349 4)
1284 5289 1354 5351 et,
1392 5285 1646 5336 omissum
1682 5290 1762 5338 est
1796 5288 1857 5338 in
1892 5286 1974 5341 ed.
2004 5287 2264 5355 principe

487 5368 699 5406 unensa.

1690 418 2148 485 EPISTOLA
2189 420 2319 486 AD
2366 421 2948 488 GENEVA'JJES.

4206 431 4338 496 374

2369 611 2618 676 animae
2678 616 2884 677 autem
2938 632 3091 677 suae
3130 613 3446 678 iacturam
3479 615 3771 695 patiatur
3789 616 3824 680 ‚2
3916 616 4090 684 Haec
4127 619 4327 702 iqitur

2367 702 2495 760 tam
2548 699 2791 779 ampla,
2853 704 2983 763 tam
3036 718 3215 779 cara,
3270 704 3402 765 tam
3439 703 3724 781 pretiosa
3764 703 4108 784 profe-ssia,
4166 726 4326 786 quae

2367 788 2611 846 nostrae
2653 786 2902 849 animae
2942 785 3121 850 salus
3163 786 3500 867 unicuique
3543 793 3822 852 nostrum
3875 794 3990 868 est,
4046 793 4213 855 omni
4257 792 4324 856 vi

2367 873 2423 932 et
2464 874 2685 932 conatu
2725 869 2903 935 nobis
2951 871 3274 936 retinenda
3327 878 3445 936 est.-
3503 874 3814 954 siquidem
3867 881 4108 944 caetera
4163 877 4323 942 bona

2367 954 2582 1018 omnia
2623 976 2782 1035 quae
2823 959 3202 1038 appetimus,
3261 964 3517 1022 externa
3560 965 3742 1040 atque
3795 962 4007 1025 aliena
4064 968 4240 1042 sunt,
4268 963 4320 1046 ¹)

2366 1039 2474 1104 hoc
2515 1060 2715 1104 unum
2758 1042 2982 1106 bonum
3034 1050 3431 1108 conservatae
3484 1046 3736 1109 animae
3792 1051 4065 1125 nostrae,
4086 1049 4145 1128 ²)
4198 1069 4319 1114 non

2365 1126 2572 1190 sol-um
2600 1133 2901 1208 nostrum,
2937 1131 3045 1194 sed
3068 1149 3207 1194 vere
3239 1136 3470 1194 nosmet
3490 1131 3623 1211 ipsi
3653 1132 3826 1196 istud
3858 1133 4328 1213 ipsumbonwm

2367 1232 2604 1277 sumus.
2703 1213 2875 1293 Quod
2910 1216 3022 1294 qui
3061 1215 3393 1297 neqleaterit
3432 1223 3615 1297 atque
3657 1219 3955 1296 amiserit,
3999 1220 4060 1282 is
4102 1241 4177 1282 ne
4220 1221 4320 1284 bo-

2367 1318 2522 1361 num
2562 1299 2813 1378 quidem
2857 1301 3037 1364 aliud
3079 1300 3297 1364 habere
3338 1303 3541 1367 ullum
3581 1304 3830 1384 poterit,
3887 1324 4008 1384 quo
4046 1306 4322 1387 fruatur,

2368 1385 2598 1464 quippe
2640 1405 2831 1464 quum
2875 1387 3011 1464 ipse
3052 1386 3160 1450 ille
3200 1389 3311 1466 qui
3354 1390 3659 1451 debuisset
3696 1391 3851 1469 frui,
3897 1391 4033 1454 iam
4074 1412 4140 1454 se
4172 1393 4321 1470 pri-

2369 1490 2542 1532 mum
2574 1471 2947 1550 prodiderit.
2971 1473 3028 1554 ⁸)
3094 1472 3514 1552 Assequimur
3539 1495 3731 1554 porro
3766 1476 3989 1539 bonum
4024 1476 4132 1541 hoc
4172 1481 4319 1555 [pag.

2379 1561 2476 1631 12]
2537 1562 2783 1619 nostrae
2830 1562 3167 1638 perpetuae
3228 1560 3672 1640 universaeque
3748 1561 4007 1640 salutiS,
4072 1562 4198 1642 fide
4250 1565 4325 1627 in

2370 1642 2580 1704 Deum
2630 1643 2765 1707 sola
2821 1648 2875 1706 et
2929 1646 2994 1707 in
3055 1644 3270 1708 Iesum
3317 1643 3648 1709 Gla-istum.
3746 1648 3950 1727 Quum
4006 1648 4142 1713 dico
4195 1649 4348 1733 fide

2368 1728 2521 1805 sola,
2566 1748 2691 1792 non
2724 1728 2820 1792 ita
2855 1730 3141 1812 intelliqo,
3186 1731 3701 1810 quemadmodum
3736 1732 3843 1795 isti
3880 1754 4191 1797 novarum
4226 1740 4322 1796 re-

2368 1834 2514 1877 rum
2556 1821 2894 1894 repertores
2938 1817 3317 1899 intelliqunt,
3362 1822 3431 1879 ut
3473 1816 3713 1881 seclusa
3757 1819 4040 1896 caritate,
4087 1825 4142 1882 et
4186 1840 4321 1883 cae-

2368 1900 2517 1963 teris
2562 1899 2941 1965 christ-ianae
2979 1904 3203 1965 mentis
3246 1902 3476 1984 officiis
3493 1953 3506 1980 ‚
3558 1903 3760 1966 solam
3812 1905 3881 1966 in
3926 1905 4060 1969 Deo
4104 1906 4320 1969 credu-

2367 1985 2604 2049 litatem
2628 1992 2681 2049 et
2698 1987 3004 2066 fiduciam
3036 1988 3234 2068 illam,
3271 2010 3397 2068 qua
3424 2008 3774 2068 persuasus
3806 2009 3948 2053 sum
3983 1991 4053 2054 in
4079 1991 4318 2056 Christi

2368 2091 2543 2135 cruce
2588 2077 2642 2136 et
2683 2074 2991 2154 sanquine
3032 2094 3171 2137 mea
3209 2074 3370 2138 mihi
3413 2075 3633 2138 delicta
3668 2076 3881 2138 omnia
3917 2095 4047 2140 esse
4092 2077 4320 2159 iquota.

2369 2157 2492 2221 Est
2530 2157 2639 2223 hoc
2682 2159 2928 2238 quidem
2987 2161 3173 2223 etiam
3214 2161 3391 2224 nobis
3443 2162 3886 2240 necessarium,
3946 2162 4324 2243 primusque

2368 2242 2466 2308 hic
2508 2243 2686 2308 nobis
2718 2249 2893 2324 patet
2934 2246 3020 2309 ad
3064 2245 3272 2309 Deum
3313 2247 3634 2310 introitus.-
3692 2247 3799 2310 sed
3838 2247 3901 2309 is
3953 2253 4155 2310 tamen
4198 2269 4322 2312 non

2369 2334 2458 2392 est
2506 2329 2683 2394 satis.
2774 2329 3044 2394 Mentem
3102 2332 3266 2395 enim
3309 2338 3640 2411 praeterea
3698 2332 4041 2413 afferamus
4098 2338 4327 2413 oportet

2356 2415 2623 2494 pietatis
2654 2415 2912 2497 plenam
2956 2438 3104 2499 erqa
3147 2438 3460 2482 summum
3504 2416 3731 2495 Deum,
3775 2420 4191 2499 cupidumque
4235 2418 4325 2500 ef-

2363 2499 2616 2580 ficiendi
2658 2522 3052 2583 quaecunque
3078 2504 3197 2568 tlh·
3235 2509 3421 2588 qrata
3474 2503 3634 2567 sint.-
3692 2505 3762 2567 in
3819 2524 3939 2584 quo
3983 2506 4328 2586 praecipue

2367 2587 2636 2667 spiritus
2677 2589 2877 2655 sancti
2920 2590 3019 2654 vis
3060 2591 3236 2654 inest.
3332 2591 3505 2671 Quae
3546 2608 3744 2666 mens,
3804 2590 3993 2653 etiam
4034 2593 4096 2654 si
4139 2593 4329 2657 inter-

2369 2674 2520 2736 dum
2564 2674 2649 2738 ad
2692 2675 3003 2740 exteriora
3054 2695 3243 2756 opera
3286 2675 3408 2740 non
3440 2675 3875 2757 proqreditur:
3930 2677 4078 2756 ipsa
4121 2683 4325 2741 tamen

2368 2777 2452 2822 ex·
2504 2778 2636 2822 sese
2689 2760 2775 2824 ad
2839 2760 2981 2824 bene
3046 2762 3434 2842 operandum
3494 2763 3626 2825 iam
3688 2762 3860 2836 intus
3916 2766 4155 2841 parata
4219 2767 4326 2842 est,

2355 2849 2839 2926 promptumque
2887 2847 3051 2928 qerit
3102 2848 3383 2911 studium
3436 2853 3507 2911 ut
3543 2847 3681 2912 Deo
3743 2848 3813 2911 in
3864 2848 4099 2912 cunetis
4143 2848 4328 2912 rebus

2369 2930 2767 3010 obsequatur:
2820 2933 2931 3012 qui
2986 2951 3169 2997 verus
3224 2934 3479 2998 divinae
3535 2934 3818 2997 iustitiae
3874 2935 3945 2996 in
3998 2934 4178 2997 nobis
4232 2940 4326 2998 est

2313 3078 2318 3095 ‚
2367 3015 2632 3081 habit-us.
2736 3016 3012 3099 Etenim,
3092 3018 3247 3099 quid
3308 3020 3491 3085 aliud
3555 3019 3893 3101 siqnificat,
3961 3023 4073 3084 aut
4128 3039 4321 3099 quwm

2366 3103 2565 3167 aliam
2608 3103 2787 3168 nobis
2830 3106 3001 3186 offert
3033 3106 3500 3187 intelliqentiam
3535 3112 3592 3169 et
3625 3106 3927 3169 notionem
3961 3124 4180 3169 nomen
4214 3106 4326 3171 hoc

2365 3189 2580 3269 ipsum
2608 3190 2904 3270 iustitiae,
2950 3192 3009 3255 si
3043 3212 3166 3257 non
3198 3198 3507 3273 respectus
3544 3194 3611 3256 in
3645 3193 3778 3272 eo⁴)
3817 3192 3902 3256 ad
3936 3192 4093 3255 bona
4129 3211 4327 3271 opera

2366 3275 2717 3340 habeatur?
2806 3276 2987 3341 Dicit
3032 3279 3197 3341 enim
3249 3278 3597 3359 scriptura.-
3671 3278 3847 3357 Quod
3910 3277 4089 3341 misit
4138 3276 4325 3341 Deus

2362 3361 2576 3440 filium
2617 3380 2820 3442 suum,
2864 3368 2935 3426 ut
2963 3364 3194 3443 faceret
3226 3366 3348 3429 sibi
3375 3364 3685 3445 populum
3718 3364 4161 3446 acceptabilem,
4198 3382 4324 3427 sec-

2367 3452 2626 3510 tatorem
2669 3447 2963 3513 bonorum
3007 3470 3280 3530 operum,
3325 3451 3410 3514 ad
3454 3452 3667 3514 Titum
3709 3471 3843 3531 cap.
3879 3454 3941 3515 2.
3964 3453 4054 3527 ³),
4101 3455 4158 3514 et
4192 3450 4325 3515 alio

2366 3533 2521 3597 loco.-
2559 3532 2638 3597 Ut
2666 3534 3063 3613 aedificemur
3085 3536 3350 3619 (inquit)
3386 3538 3455 3600 in
3482 3536 3728 3601 Christo
3750 3537 3835 3599 ad
3857 3536 4015 3600 bona
4038 3557 4241 3616 opera.
4263 3536 4321 3618 ⁶)

2371 3616 2448 3682 Si
2481 3639 2623 3701 erqo
2657 3619 2893 3684 missus
2927 3627 3018 3685 est
3054 3620 3358 3701 Christus,
3401 3629 3472 3686 ut
3504 3622 3647 3686 bene
3681 3628 4005 3701 operantes
4027 3642 4148 3701 per
4183 3641 4325 3685 eum

2366 3705 2597 3786 accepti
2642 3702 2778 3768 Deo
2821 3708 3039 3786 simus,
3085 3713 3268 3787 atque
3301 3714 3373 3771 ut
3408 3711 3477 3772 in
3514 3730 3577 3771 eo
3615 3708 4012 3788 aedificemur
4046 3710 4131 3772 ad
4165 3707 4323 3771 bona

2364 3810 2575 3871 wera,
2636 3794 2796 3854 certe
2848 3790 3036 3871 fides,
3093 3814 3253 3873 quae
3294 3795 3366 3857 in
3409 3794 3618 3860 Deum
3659 3800 3944 3858 nostrum
3965 3793 4019 3875 ⁷)
4055 3814 4175 3874 per
4221 3793 4324 3866 Ie-

2363 3896 2505 3939 sum
2548 3874 2871 3941 Christum
2896 3883 2998 3956 est,
3023 3898 3142 3942 non
3169 3879 3369 3943 solum
3407 3884 3554 3957 [pag.
3602 3885 3700 3958 13]
3735 3885 3804 3941 ut
3841 3879 4221 3959 confidamus
4250 3880 4324 3943 in

2372 3960 2636 4041 Christo,
2681 3963 2791 4026 sed
2834 3962 2976 4025 bene
3012 3966 3079 4027 in
3114 3958 3223 4031 illo
3259 3972 3594 4045 operantes,
3639 3965 3960 4045 operarive
3995 3965 4322 4031 instituen-

2365 4053 2467 4125 tes,
2490 4052 2562 4110 ut
2580 4048 2980 4128 confidamus,
3009 4051 3279 4130 imperat
3295 4050 3478 4114 nobis
3499 4072 3573 4116 ac
3589 4051 3975 4131 praescribit.
4012 4050 4136 4114 Est
4157 4053 4326 4116 enim

2365 4133 2645 4215 amplum
2665 4139 2720 4197 et
2729 4135 2989 4215 plenum
3010 4136 3374 4201 vocabulum
3395 4135 3607 4214 FideS,
3643 4156 3751 4200 nee
3778 4136 3980 4199 solum
4006 4138 4074 4199 in
4106 4158 4172 4201 se
4194 4159 4318 4203 cre-

2366 4219 2686 4283 dulitatem
2710 4225 2765 4284 et
2791 4221 3090 4301 fiduciam
3112 4222 3401 4300 continet,
3438 4223 3546 4286 sed
3570 4243 3741 4302 spem
3770 4224 3957 4285 etiam
3971 4228 4027 4285 et
4044 4225 4325 4288 studium

2368 4304 2685 4370 obediendi
2710 4306 2861 4386 De0,
2901 4313 2956 4372 et
2995 4309 3193 4386 illam,
3218 4309 3470 4389 quaein
3502 4307 3745 4372 Christo
3769 4310 4046 4373 maxime
4068 4312 4323 4393 perspi-

2367 4412 2487 4455 cua
2529 4392 2705 4456 nobis
2745 4395 2916 4474 facta
2958 4400 3061 4472 est,
3096 4395 3449 4475 principem
3492 4400 3548 4455 et
3589 4394 3908 4458 dominam
3950 4396 4323 4471 christiana-

2370 4497 2516 4541 rum
2538 4479 2816 4543 omnium
2844 4481 3144 4544 virtutum
3167 4481 3518 4543 caritatem.-
3546 4501 3673 4560 qua
3702 4480 3767 4543 in
3792 4481 4049 4545 caritate
4064 4484 4324 4564 proprie

2511 4735 2571 4796 1)
2609 4735 2786 4788 aliena
2820 4736 2974 4788 nobis
3012 4742 3161 4802 sunt,
3202 4734 3336 4788 1540
3370 4750 3513 4803 seqq.
3589 4736 3784 4791 Gallus
3824 4738 3966 4803 facit
4009 4754 4131 4791 cnm
4176 4741 4322 4794 anti-

2371 4804 2669 4873 quioribus.
2888 4803 2946 4869 2)
2996 4812 3245 4872 nostrae,
3295 4820 3393 4858 om.
3444 4803 3578 4858 1576
3624 4822 3766 4875 seqq.
3990 4807 4050 4873 3)
4101 4807 4193 4863 Sic
4238 4810 4320 4865 ed.

2367 4874 2650 4940 princeps,
2698 4873 3020 4925 assentiente
3053 4873 3523 4941 Arqentoratensi.
3599 4873 3927 4928 Genevensis
3964 4875 4101 4929 1540
4146 4884 4194 4931 et
4241 4894 4319 4933 se-

2444 4948 2590 4994 entes
2642 4956 2853 4993 omnes:
2904 4940 3214 5009 perdiderit.
3301 4941 3525 4997 Gallus.-
3580 4944 3613 4996 il
3662 4943 3789 4998 s’est
3838 4945 4011 4999 aliene
4062 4946 4132 4999 du
4180 4948 4317 5002 bien.

2369 4958 2443 5076 Ξῗ
2470 5027 2554 5077 ec,
2591 5010 2787 5063 habent
2821 5009 3001 5077 Luqd.
3036 5016 3086 5062 et
3120 5010 3255 5078 Arq.
3290 5013 3430 5065 satis
3476 5013 3823 5078 inconcinne,
3871 5016 3983 5066 nisi
4028 5015 4189 5068 malis
4235 5016 4319 5070 di·

2370 5094 2489 5133 cere
2510 5077 2777 5132 mendose.
2834 5078 3090 5132 Caeterae
3113 5094 3311 5145 omnes,
3347 5081 3513 5134 etiam
3536 5083 3715 5135 versio
3733 5083 3952 5149 qallz'ca,
3988 5085 4199 5151 lequnt:
4235 5102 4319 5141 ea.

2367 5147 2426 5214 ὅ)
2466 5148 2623 5200 Haec
2656 5148 2846 5201 verba.-
2883 5148 2952 5201 ad
2990 5147 3169 5201 Titum
3206 5166 3323 5217 cap.
3342 5148 3392 5202 2.
3427 5150 3630 5202 omissa
3664 5155 3793 5203 sunt
3826 5151 3955 5203 inde
3989 5154 4058 5206 ab
4083 5169 4133 5206 a.
4166 5151 4321 5210 1540.

2370 5218 2430 5281 6)
2473 5216 2733 5284 Respexit
2764 5216 3004 5281 fortasse
3039 5217 3115 5269 ad
3150 5216 3179 5268 1
3221 5218 3367 5272 Petr.
3399 5217 3449 5284 2,
3487 5219 3536 5271 5.
3745 5217 3800 5283 7)
3847 5218 4173 5276 Genevensis
4206 5223 4319 5278 edi—

2368 5288 2446 5341 tio
2476 5286 2663 5353 prima
2699 5286 2950 5353 scripsit.-
2981 5294 3195 5352 nostra,
3242 5304 3405 5356 quam
3451 5286 3644 5340 deinde
3690 5295 3946 5357 sequutae
3978 5298 4108 5345 sunt
4140 5307 4321 5348 recen-

2372 5358 2552 5410 tiores.
2628 5352 2694 5407 G.
2732 5370 2859 5409 vero
2893 5355 3078 5410 habet:
3113 5363 3297 5409 nostre
3332 5356 3486 5409 Dieu.

3810 5441 3910 5495 24*
