5100 6061
696 398 827 459 471

878 584 1236 652 Caeterum
1281 581 1455 666 quod
1495 602 1633 647 non
1677 580 1898 647 omnia
1941 533 2281 665 sigillatim
2322 597 2674 646 recensue-

708 677 897 752 runt,
957 691 1123 753 quae
1177 669 1346 738 vel
1328 692 1402 734 m
1446 666 1771 746 doctrina,
1828 665 1937 734 vel
1979 666 2051 731 in
2097 665 2324 732 ordine
2368 685 2445 729 ac
2480 664 2673 731 disci-

712 759 899 860 plina
933 758 1217 823 afflictae
1250 754 1677 841 perditaeque
1711 752 2026 820 eeclesiae
2055 751 2535 831 desiderabant,
2559 773 2673 817 cu-

711 846 820 910 ius
875 844 1221 928 aequitatis
1271 843 1426 922 erit,
1487 861 1598 906 eos
1653 846 2003 940 propterea
2044 837 2426 904 criminari?
2480 859 2672 921 prae-

709 931 943 998 sertim
984 951 1188 1013 quum
1228 921 1652 1012 perspicuum
1697 927 1783 991 sit
1815 924 2072 990 nullam
2105 925 2242 990 fere
2282 922 2674 1024 particulam

708 1038 872 1095 esse,
918 1037 1083 1098 quae
1125 1036 1259 1080 non
1297 1014 1419 1079 sub
1465 1012 1787 1095 capitibus
1827 1011 1963 1078 illic
2007 1011 2337 1094 expressis
2382 1030 2677 1092 compre·

710 1102 1061 1168 hendatur.
1164 1099 1456 1165 Valeant
1533 1120 1689 1182 ergo
1753 1098 1889 1163 iam
1955 1104 2221 1180 apertae
2287 1096 2675 1173 calumniae,

711 1184 1969 1371 ‘ffiutssfftssssssffisffitiffpffiuffi‘e
2006 1145 2677 1334 &ffirffssnftffi

711 1362 976 1439 trinam,
1014 1358 1204 1424 cuius
1240 1357 1709 1442 professionem
1745 1354 2109 1434 ediderunt,
2148 1360 2216 1419 et
2249 1354 2323 1418 in
2360 1374 2436 1419 eo
2472 1353 2678 1419 ecele-

715 1446 854 1513 siae
899 1444 1220 1558 regimine
1265 1442 1442 1528 quod
1480 1442 1616 1509 illic
1637 1443 2140 1525 descripserunt,
2169 1446 2347 1506 recte
2381 1458 2675 1524 pergere.

887 1615 1113 1696 Itaque
1152 1615 1320 1681 nihil
1358 1634 1499 1680 cum
1540 1615 1635 1678 eis
1675 1613 2072 1679 tractandum
2109 1613 2227 1677 erit
2268 1612 2344 1677 de
2384 1612 2681 1694 reliyione

718 1721 915 1786 quum
956 1704 1086 1768 sint
1121 1706 1422 1783 tanquam
1465 1699 1784 1783 anquillae
1818 1698 2093 1763 lubricae
2135 1704 2194 1762 et
2226 1697 2391 1762 nihil
2431 1698 2681 1763 omnino

725 1790 879 1856 certi
914 1789 986 1852 in
1026 1788 1321 1854 manibus
1363 1785 1801 1852 catholicorum
1842 1783 2058 1849 haberi
2084 1785 2336 1865 poterit.

895 1930 1017 2001 [fol.
1049 1929 1115 2002 8]
1162 1925 1294 1988 Hic
1339 1945 1408 1988 se
1452 1923 1663 2005 aperit
1705 1921 1973 1999 malum,
2016 1919 2192 1986 unde
2218 1927 2496 1985 manant
2514 1921 2682 1985 istae

710 2011 1063 2098 lacrymae.
1136 2009 1331 2075 Clare
1366 2009 1549 2074 videt
1583 2016 1805 2074 actum
1842 2006 1922 2073 de
1956 2028 2159 2090 regno
2204 2028 2321 2071 suo
2365 2007 2678 2089 pontifex,

713 2100 771 2164 si
794 2097 1000 2163 semel
1025 2095 1106 2161 de
1135 2094 1451 2194 religione
1487 2094 1880 2176 colloquium
1916 2091 2179 2192 aliquod
2216 2101 2534 2158 tentetur:
2574 2114 2679 2157 oc-

716 2181 1121 2249 currendum
1156 2181 1391 2244 merito
1429 2186 1668 2259 censet,
1708 2200 1939 2244 verum
1980 2180 2123 2244 sine
2157 2186 2510 2262 praetextu
2546 2201 2680 2244 non

671 2297 680 2310 ⁸
715 2275 951 2352 potest.
1042 2265 1460 2333 Obtendatur
1515 2287 1671 2349 ergo
1699 2265 1880 2330 ‘'vel
1863 2286 2008 2329 iure
2051 2264 2160 2329 vel
2203 2265 2474 2340 iniuria,
2527 2286 2680 2348 pro-

710 2362 1033 2454 testantes
1070 2351 1379 2452 anguillis
1415 2371 1556 2416 esse
1590 2351 1803 2435 magis
1824 2350 2126 2429 lubricos,
2164 2350 2392 2433 plenos
2427 2315 2681 2416 fiexuo-

720 2441 812 2506 sis
867 2439 1158 2516 astutiis,
1214 2440 1284 2501 in
1331 2445 1630 2520 apertum
1677 2436 1908 2501 deduci
1963 2459 2097 2501 non
2152 2458 2359 2519 posse.
2458 2439 2681 2520 Atque

728 2526 1030 2624 exceptio
1072 2526 1140 2589 in
1187 2531 1496 2606 promptu
1521 2532 1641 2601 est,
1690 2544 1812 2588 nec
1834 2531 2101 2605 captum
2138 2523 2341 2587 fuisse
2385 2543 2683 2605 unquam

724 2610 1285 2694 experimentum,
1348 2619 1413 2673 et
1465 2616 1903 2691 protestantes
1957 2609 2134 2707 ipsos
2190 2608 2416 2673 multis
2481 2609 2683 2674 docu-

716 2697 964 2763 mentis
1008 2694 1479 2778 comprobasse,
1525 2694 1691 2759 nihil
1736 2715 1807 2760 se
1847 2695 2060 2777 magis
2104 2716 2436 2777 quaerere,
2479 2716 2681 2777 quam

714 2803 950 2850 veram
992 2789 1059 2846 et
1103 2780 1465 2864 simplicem
1511 2780 2067 2862 disceptationem.
2159 2778 2336 2860 Quid
2382 2801 2537 2864 ergo
2577 2801 2680 2846 se-

718 2875 990 2953 quetur,
1034 2868 1166 2933 nisi
1208 2867 1567 2950 pessimum
1613 2888 1896 2950 anguem
1940 2867 2048 2931 hic
2092 2867 2330 2945 latere,
2377 2864 2554 2949 quod
2597 2867 2679 2931 ab

709 2954 894 3020 omni
939 2954 1260 3039 colloquio
1315 2961 1658 3036 tantopere
1707 2951 2017 3017 abhorret
2058 2953 2387 3037 pontifex,
2445 2959 2515 3017 et
2566 2953 2681 3018 ubi

718 3063 868 3125 spes
921 3041 1147 3124 aliqua
1190 3047 1291 3106 est
1345 3040 1784 3119 tractationis,
1844 3039 1928 3104 ad
1993 3061 2139 3104 eam
2196 3039 2682 3122 impediendam

716 3128 903 3194 velut
945 3127 1029 3191 ad
1071 3126 1512 3193 certissimum
1554 3092 1933 3192 incendium
1976 3125 2302 3191 accurrit?

895 3298 1021 3364 Sed
1073 3303 1130 3363 et
1181 3299 1500 3380 superiori
1558 3318 1724 3363 anno
1778 3298 1954 3381 reqia
2017 3298 2319 3362 maiestas
2371 3318 2497 3381 pro
2560 3317 2681 3362 sua

714 3387 956 3469 pietate
1000 3390 1268 3464 optasset
1311 3404 1384 3448 ac
1425 3388 1738 3465 sperasset
1770 3384 2069 3448 suadente
2091 3381 2463 3449 Marchione
2497 3384 2683 3448 bran-

722 3471 1139 3553 denburyensi
1184 3470 1429 3534 electore
1467 3469 1750 3551 aliquam
1784 3470 1956 3533 viam
1988 3469 2348 3535 concordiae
2358 3490 2550 3551 posse
2583 3472 2683 3534 in-

718 3558 942 3622 veniri.
1046 3555 1273 3621 Verum
1326 3555 1397 3618 in
1428 3556 1643 3637 primo
1685 3554 1901 3619 limine
1943 3556 2170 3619 iterum
2211 3555 2567 3620 adversarii
2609 3558 2683 3621 in

717 3642 996 3724 lapidem
1016 3642 1420 3725 impegerunt,
1443 3642 1823 3716 ostendentes
1855 3662 2046 3721 quam
2078 3640 2358 3705 alienum
2392 3643 2682 3708 animum

719 3728 986 3793 habeant
1037 3749 1078 3792 a
1133 3727 1461 3793 eoncordia
1474 3778 1490 3806 ,
1547 3728 1777 3808 quippe
1828 3728 1940 3809 qui
1985 3747 2239 3792 excusso
2293 3728 2480 3793 smel
2531 3729 2679 3811 iuqo

716 3813 1103 3881 obedientiae
1119 3864 1134 3893 ,
1193 3834 1316 3878 non
1358 3813 1764 3894 reformatum
1795 3833 2112 3878 summum
2142 3813 2526 3895 pmztificem,
2570 3815 2681 3879 sed

727 3900 1002 3979 nullum,
1046 3919 1170 3964 non
1210 3904 1472 3965 remotos
1506 3898 1744 3964 abusus
1776 3899 2023 3981 aliquos
2056 3922 2098 3964 a
2142 3900 2282 3965 sede
2322 3901 2681 3981 apostoliea,

729 3987 845 4052 sed
877 3987 1086 4068 ipsam
1128 3986 1332 4051 sedem
1375 3986 1780 4066 apostolicam
1812 3986 2184 4051 destructam
2225 3985 2427 4051 velint.

898 4105 1046 4187 Quo
1088 4104 1329 4171 indicio
1374 4106 1754 4189 apparuisse
1798 4105 1921 4172 hoc
1966 4105 2164 4185 dicet,
2211 4105 2383 4189 quod
2424 4116 2677 4190 protes-

728 4198 968 4270 tantes,
1017 4214 1219 4275 quum
1265 4192 1344 4258 de
1390 4191 1737 4260 concordia
1781 4207 2006 4257 autore
2051 4192 2439 4258 Marchione
2479 4193 2677 4259 bran-

724 4276 1168 4362 denburgensi
1224 4279 1614 4362 agitaretur,
1667 4279 1739 4342 ιιι
1783 4280 1923 4362 ipso
1965 4279 2195 4344 limine
2236 4278 2675 4363 impegerint?

715 4364 822 4431 Ne
864 4365 936 4429 ιιι
981 4385 1056 4428 eo
1095 4373 1447 4444 conventu,
1491 4365 1605 4447 qui
1639 4370 1799 4430 tunc
1842 4366 2203 4448 promissus
2239 4386 2314 4430 ac
2336 4364 2677 4430 condictus

711 4450 870 4530 fuit,
928 4450 1379 4533 praesiderent
1430 4453 1687 4515 romani
1739 4452 2066 4533 pontificis
2110 4451 2330 4535 legati,
2374 4451 2675 4516 nomina-

707 4538 833 4602 tim
875 4542 1194 4602 caverunt
1236 4542 1704 4618 protestantes,
1757 4536 1956 4620 idque
1999 4538 2296 4603 fecerunt
2338 4557 2417 4602 ea
2459 4550 2674 4615 causa,

715 4644 802 4689 ne
842 4644 1038 4705 quem
1082 4622 1457 4688 defectionis
1513 4644 1554 4687 a
1594 4644 1758 4689 vera
1800 4623 2056 4689 Christi
2101 4622 2398 4688 doctrina
2441 4629 2508 4687 et
2537 4622 2676 4687 dis-

716 4709 962 4793 ciplina
984 4730 1173 4775 reum
1196 4716 1494 4792 egerunt,
1517 4730 1713 4792 quem
1736 4708 1888 4774 fidei
1912 4707 2328 4810 proditorem,
2367 4709 2678 4775 ecclesiae

713 4802 1121 4863 vastatorem
1180 4816 1322 4861 esse
1378 4794 1631 4877 dieunt,
1687 4817 1841 4860 eum
1880 4817 2000 4878 pro
2041 4795 2176 4879 legi
2157 4796 2339 4859 timo
2383 4793 2678 4860 antistite

710 4889 782 4947 et
818 4882 1032 4964 capite
1075 4882 1184 4947 vel
1227 4882 1519 4964 recipere
1551 4881 1662 4947 vel
1697 4902 2050 4965 agnoscere
2085 4881 2488 4948 viderentur.
2559 4880 2676 4944 In-

707 4968 907 5033 terim
942 4975 1164 5033 tamen
1197 4968 1470 5033 minime
1505 4975 1978 5051 repugnarunt,
2016 4968 2177 5049 quin
2198 4975 2268 5033 et
2300 4967 2678 5051 pontificem

715 5053 967 5119 Caesar
1010 5052 1376 5135 advocaret,
1423 5061 1489 5119 et
1531 5054 1672 5119 eius
1713 5053 1964 5137 legatos
2010 5053 2390 5119 admitteret
2432 5054 2516 5118 ad
2560 5073 2677 5117 au·

717 5137 1029 5204 diendam
1084 5139 1655 5223 disceptationem,
1724 5137 1919 5204 modo
1976 5137 2045 5203 id
2097 5141 2285 5205 fieret
2349 5139 2494 5205 sine
2559 5160 2679 5205 suo

710 5245 1037 5292 consensu
1089 5247 1165 5291 ac
1220 5226 1763 5309 comprobatione.
1859 5225 2039 5290 Hinc
2091 5225 2340 5310 colligit
2390 5246 2511 5309 pro
2559 5246 2678 5290 suo

709 5310 961 5395 pudore
1004 5312 1214 5378 bonus
1250 5311 1357 5379 hie
1401 5334 1632 5396 nepos,
1671 5318 2112 5396 protestantes
2153 5332 2429 5379 excusso
2473 5311 2679 5379 semel

2209 388 2736 458 OONSILIUM
2778 386 3069 455 PAULI
3087 389 3237 455 ·111.

4608 393 4729 454 472

2778 576 3182 645 obedientiae
3226 580 3382 663 iugo
3434 600 3571 645 non
3623 578 4055 644 reformatum
4108 599 4441 644 summum
4482 581 4738 663 pontifi-

2779 684 2949 744 cem,
3006 665 3122 730 sed
3163 666 3439 745 nullum,
3484 686 3621 730 non
3660 670 3942 729 remotos
3987 662 4230 730 abusus
4270 684 4312 730 a
4353 664 4508 730 sede
4550 686 4737 750 apos-

2778 750 2993 830 toliea,
3020 750 3136 817 sed
3159 751 3420 817 sedem
3401 772 3613 834 ipsam
3637 748 4040 816 destructam
4061 754 4180 832 [fol.
4206 756 4268 828 9]
4294 750 4481 817 velle.
4537 750 4739 818 Sum-

2777 857 2962 901 mum
3021 837 3286 920 quidem
3337 837 3716 921 pontificem
3770 835 3879 902 vel
3919 836 4282 919 principem
4324 836 4741 904 sacerdotum

2778 922 3002 990 vocari
3038 924 3208 988 sacri
3247 945 3531 989 canones
3572 929 3823 1002 vetant,
3865 943 3988 988 nee
4022 921 4203 987 aliud
4237 923 4604 989 concedunt
4634 946 4740 991 ro-

2776 1030 2973 1074 mano
3015 1011 3348 1110 episcopo,
3383 1030 3584 1092 quam
3626 1016 3705 1072 ut
3745 1015 4016 1074 vocetur
4058 1009 4310 1091 primae
4350 1009 4523 1077 sedis
4566 1011 4742 1094 epis-

2778 1116 2994 1178 copus.
3083 1095 3418 1161 Nimirum
3460 1095 3671 1161 sancti
3709 1094 3839 1160 viri
3881 1096 3991 1178 qui
4035 1094 4161 1160 hoc
4195 1095 4580 1161 sanciebant
4613 1118 4740 1163 usu

2777 1182 2922 1266 ipso
2967 1181 3176 1258 edocti
3219 1189 3438 1260 erant,
3512 1202 3646 1246 non
3687 1200 3879 1264 posse
3920 1202 4131 1246 unum
4175 1181 4509 1247 hominem
4556 1189 4741 1250 tanto

2779 1268 2963 1333 oneri
2984 1288 3213 1353 parem
3235 1289 3378 1333 esse
3400 1275 3475 1332 ιιι
3497 1267 3696 1332 totius
3716 1267 4025 1332 ecclesiae
4045 1267 4156 1331 vel
4177 1268 4739 1351 gubernationem,

2781 1353 2889 1421 vel
2956 1354 3468 1438 praefecturam,
3537 1353 3645 1420 vel
3703 1351 4181 1435 inspectionem
4246 1354 4372 1419 sibi
4426 1364 4737 1422 sumeret.

2783 1439 2918 1506 Sed
2971 1441 3231 1505 utinam
3283 1439 3389 1505 vel
3431 1440 3686 1504 Romae
3738 1438 3849 1504 vel
3886 1438 4180 1523 Eugubii
4231 1446 4404 1506 esset
4444 1442 4559 1524 qui
4601 1463 4744 1507 om-

2783 1525 2970 1591 nium
3034 1525 3461 1593 ecelesiarum
3516 1531 3863 1608 paternam
3927 1525 4452 1609 pastoralemque
4513 1548 4742 1592 euram

2785 1635 2859 1678 ac
2915 1612 3421 1677 sollicitudinem
3462 1632 3666 1712 quum
3720 1611 3917 1711 paulo
3972 1612 4356 1694 susciperet,
4413 1612 4612 1692 simul
4667 1634 4744 1679 ae

2786 1700 3155 1764 sustineret.
3184 1698 3233 1782 ι)
3321 1697 3496 1762 Nam
3541 1698 3653 1780 qui
3700 1699 3793 1762 sic
3836 1697 4007 1763 foret
4045 1705 4486 1796 comparatus
4506 1708 4583 1762 ut
4626 1721 4742 1782 po-

2784 1795 3018 1850 testate
3063 1806 3183 1850 sua
3224 1784 3296 1848 ιιι
3342 1783 3892 1862 aedificationem,
3948 1805 4078 1848 non
4118 1785 4384 1848 ruinam
4427 1791 4744 1868 uteretur,

2782 1872 2877 1935 ita
2897 1870 3166 1955 reliquis
3201 1871 3524 1953 episcopis
3559 1869 3643 1933 ad
3677 1835 4083 1952 implendam
4117 1889 4304 1934 suam
4337 1870 4743 1937 functionem

2785 1956 3180 2035 adiumentO,
3216 1979 3348 2022 non
3373 1955 3843 2038 impedimento
3870 1965 4068 2020 esset:
4107 1963 4266 2022 tunc
4288 1964 4464 2021 certe
4498 1980 4569 2022 re
4597 1959 4743 2041 ipsa

2786 2041 3197 2108 declararent
3237 2048 3696 2141 protestantes,
3745 2064 3814 2107 se
3843 2063 3974 2106 non
4009 2062 4246 2123 cupere
4281 2042 4542 2107 nullum
4576 2065 4741 2126 pon-

2782 2130 3025 2194 tificem
3059 2126 3175 2194 sed
3209 2129 3420 2212 magis
3455 2128 3900 2205 reformatum,
3937 2150 4013 2193 ac
4046 2149 4200 2193 vere
4235 2149 4585 2208 summum,
4631 2132 4741 2213 qui

2786 2237 2960 2280 nune
3020 2215 3285 2280 omnino
3329 2213 3549 2279 nullus
3593 2223 3719 2292 est;
3780 2179 4002 2278 sedem
4048 2214 4469 2297 apostolicam
4513 2236 4583 2279 se
4629 2239 4743 2282 cu-

2782 2321 2938 2401 pere
2963 2323 3096 2366 non
3132 2298 3550 2378 destructam,
3595 2298 3709 2364 sed
3743 2298 3909 2365 bene
3953 2301 4346 2378 restitutam,
4371 2321 4535 2383 quae
4559 2301 4744 2367 mille

2784 2388 3294 2470 inquinamentis
3349 2391 3784 2468 conspurcata
3847 2394 3915 2450 et
3958 2387 4326 2467 profanata,
4398 2408 4438 2449 a
4493 2390 4742 2453 sanctis

2784 2471 3090 2555 apostolis
3126 2472 3208 2536 ad
3244 2470 3564 2537 Satanam
3608 2470 3933 2536 translata
3966 2479 4084 2535 est.
4123 2470 4359 2570 ‘quue
4408 2470 4569 2538 adeo
4605 2475 4742 2539 iam

2780 2557 3757 2710 {ggffifssssffiguffiffifflggt
3779 2565 4187 2722 ⁸3t¹⁵i⁷1r²a¹¹a¹²a⁸‚
4217 2578 4744 2724 ‘ifflnssssaissgss

2782 2731 3129 2813 quominus
3172 2731 3265 2812 pii
3309 2736 3669 2795 conventus
3723 2728 4064 2811 aliquoties
4106 2730 4243 2793 iam
4287 2752 4326 2794 a
4368 2737 4741 2812 protestan-

2784 2817 2958 2882 tibus
3003 2816 3211 2881 habiti
3250 2816 3319 2879 in
3355 2815 3500 2881 luce
3537 2824 3731 2898 atque
3767 2815 3972 2880 oculis
4013 2814 4357 2880 hominum
4389 2837 4741 2882 versaren-

2784 2909 2907 2966 tur.
2999 2900 3252 2967 Contra
3293 2922 3450 2966 vero
3496 2902 3555 2965 si
3597 2909 3904 2967 excutere
3937 2901 4181 2980 liceret,
4227 2922 4391 2983 quae
4423 2904 4743 2984 pontificii

2784 2988 3241 3054 conventicula
3295 2988 3400 3054 his
3454 2987 3690 3071 viginti
3742 2988 3935 3053 annis
3991 2994 4106 3052 aut
4159 2987 4441 3071 amplius
4496 2988 4580 3054 ad
4625 3010 4742 3073 op-

2780 3075 3203 3158 primendum
3256 3074 3676 3158 evangelium
3728 3074 4130 3151 habuerunt,
4208 3094 4344 3138 non
4397 3082 4572 3140 esset
4627 3075 4743 3140 ob-

2784 3182 3050 3227 scurum
3105 3182 3306 3244 quam
3358 3160 3887 3225 reformationem
3929 3160 4036 3226 vel
4081 3160 4370 3243 cogitent
4417 3162 4525 3227 vel
4567 3162 4744 3227 ferre

2784 3253 3047 3330 queant.
3137 3247 3368 3329 Neque
3421 3253 3645 3311 tamen
3703 3247 3795 3312 sic
3840 3246 4055 3311 latent
4108 3267 4336 3311 eorum
4386 3248 4740 3330 nequitiae,

2785 3332 2942 3416 quin
2985 3332 3206 3415 palam
3249 3333 3336 3397 sit
3379 3331 3689 3416 gravibus
3737 3354 3812 3397 ae
3855 3334 4066 3412 sanis,
4123 3352 4232 3397 eos
4275 3354 4409 3397 non
4452 3333 4745 3417 aliquem

2784 3418 2894 3487 vel
2929 3440 3265 3483 summum
3300 3418 3406 3483 vel
3434 3419 3736 3483 infimum
3771 3418 4215 3501 episcopatum
4260 3426 4587 3502 appetere,
4627 3420 4745 3486 sed

2786 3526 3013 3572 everso
3071 3505 3457 3588 sublatoque
3510 3503 3859 3588 episcopali
3912 3524 4188 3569 munere
4241 3504 4366 3569 sub
4422 3507 4565 3571 eius
4621 3528 4744 3571 no-

2783 3592 2962 3656 mine
3270 3589 3439 3656 dem
3496 3611 3767 3672 prorsus
3812 3590 4382 3655 antichristianam
4425 3592 4737 3658 stabilire.

2785 3676 3026 3743 Sedem
3069 3699 3226 3742 vero
3264 3676 3704 3759 apostolicam,
3752 3684 3976 3741 utrum
4010 3676 4264 3741 salvam
4308 3679 4576 3759 cupiant
4615 3700 4739 3745 nec

2779 3785 2885 3843 ne,
2912 3762 3082 3829 satis
3123 3762 3298 3827 claro
3319 3770 3708 3846 argumento
3734 3769 3851 3841 est,
3887 3761 4060 3844 quod
4081 3760 4444 3828 doctrinam
4479 3784 4520 3827 a
4552 3785 4743 3831 sanc-

2782 3850 2870 3915 tis
2920 3871 2958 3914 a
3004 3848 3229 3914 ostolis
3285 3848 3598 3912 traditam
3662 3868 3796 3913 non
3853 3848 4067 3914 solum
4120 3848 4247 3932 ipsi
4293 3869 4430 3913 non
4485 3849 4739 3930 docent,

2784 3941 2899 3999 aut
2979 3934 3292 4034 ocendam
3327 3933 3563 4000 saltem
3595 3941 3847 4015 curant,
3883 3932 4000 3999 sed
4021 3934 4407 4000 sceleratis
4388 3937 4742 4020 impiisque

2780 4018 3140 4086 mendaciis
3182 4020 3458 4085 miseras
3511 4020 3857 4086 hominum
3898 4028 4152 4086 mentes
4201 4020 4611 4102 dementant,
4663 4043 4745 4088 ao

2781 4106 3212 4173 conscientias
3265 4104 3572 4188 perdunt,
3631 4113 3880 4172 rectam
3921 4126 3998 4170 ac
4040 4106 4396 4172 salutarem
4450 4075 4743 4193 discipli-

2779 4214 2938 4257 nam
2979 4214 3114 4258 ιιοιι
3155 4192 3349 4257 modo
3391 4193 3646 4257 nullam
3691 4198 4030 4271 exercent,
4087 4192 4204 4258 sed
4246 4193 4616 4260 innumeris
4657 4195 4741 4259 li·

2779 4278 3082 4344 bidinum
3128 4278 3449 4361 exemplis
3486 4285 3706 4343 totum
3730 4278 4053 4343 mundum
4091 4287 4542 4380 corrumpunt.
4600 4281 4741 4346 De-

2779 4364 2977 4448 nique
3022 4386 3159 4430 non
3202 4364 3400 4429 aliam
3434 4364 3684 4430 habent
3725 4364 4103 4443 doctrinam,
4142 4365 4274 4429 nisi
4310 4386 4440 4448 qua
4482 4367 4740 4432 animas

2776 4451 2851 4514 in
2907 4451 3180 4515 exitium
3231 4451 3693 4550 praecipitent,
3748 4471 3886 4514 non
3928 4450 4125 4515 aliam
4169 4450 4555 4534 disciplinae
4589 4474 4738 4536 spe-

2781 4537 2975 4614 ciem,
3032 4537 3159 4600 nisi
3491 4557 3635 4601 cam
3683 4536 3787 4602 vel
3829 4538 4045 4619 potius
4090 4537 4475 4603 carnificum
4521 4539 4736 4605 saevi-

2780 4624 2970 4702 tiam;
3014 4644 3229 4706 neque
3262 4621 3367 4687 his
3401 4622 3740 4688 maleficiis
3775 4624 4086 4701 contenti,
4133 4623 4290 4688 totis
4325 4624 4564 4689 animis
4603 4624 4736 4691 hue

2779 4707 3190 4788 incumbunt,
3235 4729 3362 4792 quo
3405 4716 3750 4787 vexentur,
3796 4710 4318 4774 exterminentur
4351 4707 4650 4793 denique,
4696 4732 4737 4775 e

2778 4794 2997 4859 medio
3049 4794 3367 4860 tollantur
3409 4794 3778 4878 quicunque
3820 4796 4153 4879 puriorem
4195 4794 4449 4861 Christi
4493 4796 4736 4861 doctri-

2782 4901 2938 4945 nam
2977 4880 3474 4965 legitimumque
3540 4879 3851 4947 ecclesiae
3921 4881 4219 4947 ordinem
4270 4881 4376 4946 vel
4441 4902 4735 4947 asserere

2780 4974 3127 5046 conantur,
3183 4967 3293 5033 vel
3336 4967 3718 5048 admittunt,
3772 4967 3883 5033 vel
3941 4965 4324 5047 defendunt,
4382 4968 4490 5034 vel
4532 4968 4734 5034 etiam

2781 5055 3111 5136 requirere
3154 5052 3416 5119 audent.

2918 5257 2976 5325 1)
2996 5257 3154 5312 Haec
3185 5260 3325 5313 satis
3358 5259 3583 5315 obscure
3616 5258 3767 5313 dicta
3800 5264 3931 5315 must
3962 5274 4133 5329 neque
4166 5258 4453 5325 affimat-e
4484 5261 4757 5315 cums.

2780 5333 2985 5386 textum
3019 5327 3171 5383 omni
3203 5344 3268 5382 ex
3295 5335 3459 5397 parte
3492 5343 3690 5384 sanum
3724 5343 3854 5384 esse.
