5100 6061
691 399 816 460 475
2185 389 2709 457 CONSILIUM
2749 389 3044 456 PAULI
3087 391 3214 457 ΠΙ,
4584 401 4713 463 476

691 583 904 649 adhuc
959 583 1214 667 flagitia
1267 589 1408 647 tam
1463 581 1806 647 libidinose
1866 579 2228 663 proiectos?
2321 577 2643 660 Qualibus

691 668 1009 752 exemplis
1050 668 1367 752 pontificii
1420 669 1552 733 iam
1597 666 1838 733 multos
1880 688 2086 731 annos
2132 686 2397 730 omnem
2438 685 2643 746 prope

689 755 1075 839 pudicitiam
1130 761 1197 819 et
1265 754 1711 831 honestatem,
1777 775 1907 817 non
1963 758 2225 817 tantum
2280 773 2320 816 a
2372 770 2493 816 suo
2537 771 2643 815 or-

690 840 861 920 dine,
909 839 1023 906 sed
1067 847 1205 905 toto
1244 841 1450 905 ferme
1491 840 1646 904 orbe
1703 839 2157 922 profligarunt.
2246 838 2342 901 At
2385 857 2540 902 vero
2586 837 2642 901 si

687 927 1007 1011 pontificii
1059 925 1401 992 Christum
1466 926 1678 989 nolint
1742 925 1814 988 in
1880 923 2151 990 60016616
2207 943 2517 1007 regnare,
2578 929 2643 986 et

691 1011 851 1079 dum
898 1034 1087 1078 suam
1128 1020 1353 1077 contra
1397 1010 1738 1077 Christum
1773 1009 2194 1094 tyrannidem
2227 1030 2433 1092 usque
2468 1009 2644 1074 tueri

690 1108 1006 1183 pergunt,
1065 1119 1184 1163 nec
1237 1118 1399 1179 pure
1464 1096 1830 1180 praedicari
1873 1095 2122 1162 Christi
2162 1097 2474 1179 gratiam,
2520 1116 2643 1160 nec

693 1191 1107 1251 sacramenta
1149 1182 1231 1247 ad
1276 1203 1418 1247 eam
1463 1180 2051 1249 commendandam
2096 1180 2291 1247 simul
2343 1188 2411 1246 et
2453 1180 2642 1245 exhi-

693 1270 977 1337 bendam
1021 1269 1499 1348 administrari,
1542 1290 1662 1333 nec
1705 1267 2118 1350 disciplinam
2158 1268 2350 1331 iuxta
2391 1265 2643 1331 Christi

693 1356 1075 1422 institutum
1114 1356 1186 1418 in
1217 1355 1536 1420 ministris
1572 1375 1647 1419 ac
1683 1354 1871 1438 plebe
1918 1354 2208 1420 exerceri
2256 1354 2639 1432 sustineant,

694 1463 829 1508 non
874 1441 1087 1506 solum
1133 1441 1640 1524 quinquaginta,
1699 1439 1813 1506 sed
1857 1448 2062 1517 certe,
2106 1446 2184 1502 ut
2226 1439 2476 1503 dictum
2521 1446 2640 1516 est,

691 1528 988 1594 universi
1022 1527 1277 1592 articuli
1314 1535 1460 1590 tum
1493 1525 1848 1603 doctrinae,
1888 1533 2033 1589 tum
2067 1524 2641 1601 caeremoniarum,

692 1621 839 1678 tum
885 1613 1279 1695 disciplinae,
1324 1613 1396 1675 in
1440 1620 1755 1695 perpetua
1801 1611 2240 1676 controversia
2282 1610 2646 1675 manebunt

692 1700 866 1765 inter
908 1708 1142 1781 partes,
1189 1719 1354 1781 quae
1397 1720 1572 1763 nunc
1617 1697 1948 1763 dissident.
2036 1695 2237 1762 Nulla
2275 1696 2452 1761 enim
2491 1717 2643 1780 par-

694 1785 982 1869 ticipatio
1037 1785 1328 1849 iustitiae
1383 1806 1534 1849 cum
1603 1783 1955 1860 iniustitia,
2023 1782 2208 1847 nulla
2271 1783 2643 1848 communio

688 1871 823 1939 luci
866 1892 1017 1937 cum
1059 1870 1363 1948 tenebris,
1409 1869 1598 1934 nulla
1643 1870 1981 1935 consensio
2019 1867 2282 1935 Christo
2326 1889 2476 1933 cum
2511 1869 2644 1933 Be-

690 1957 824 2022 lial.
914 1958 1004 2021 Et
1048 1965 1221 2022 certe
1266 1955 1380 2039 qui
1423 1954 1675 2020 Christi
1730 1956 1957 2038 iugum
2001 1955 2427 2038 pertinaciter
2469 1954 2643 2020 refu-

692 2045 903 2127 giunt,
950 2048 1224 2107 manent
1264 2042 1336 2105 in
1380 2061 1474 2120 ea,
1517 2040 1600 2104 ad
1645 2062 1838 2127 quam
1882 2042 2022 2104 nati
2063 2047 2244 2119 sunt,
2290 2048 2518 2118 morte,
2564 2047 2644 2105 ut

692 2129 861 2195 nihil
913 2128 1076 2192 recti
1130 2126 1239 2192 vel
1295 2127 1441 2193 sani
1480 2127 1794 2208 cogitare,
1838 2125 2081 2204 dicere,
2126 2127 2338 2192 facere
2381 2134 2641 2209 queant.

865 2297 1149 2363 Additur
1190 2299 1378 2363 etiam
1412 2299 1576 2380 quod
1617 2299 1889 2363 nescitur
1931 2300 2001 2362 in
2045 2297 2272 2379 quibus
2315 2298 2645 2362 tractanda

694 2386 779 2450 sit
822 2385 1162 2462 contem-dia,
1206 2404 1357 2448 nam
1401 2405 1519 2448 non
1563 2405 1770 2449 omnes
1813 2385 2025 2449 eadem
2067 2386 2352 2448 sentiunt.
2420 2382 2646 2447 Iatthe-

691 2472 845 2536 rani
886 2470 995 2534 hoc
1034 2470 1272 2548 volunt,
1329 2470 1491 2535 illud
1522 2474 1748 2552 petunt
1793 2469 2201 2553 Zuinyliani,
2257 2475 2326 2534 ut
2365 2470 2646 2550 reliquas

696 2562 894 2622 sectas
935 2556 1302 2620 mittamus.

868 2676 959 2740 Et
1014 2676 1137 2740 hoc
1189 2676 1512 2740 malitiose
1567 2676 1856 2760 fingitur.
1959 2677 2424 2740 Restituantur
2479 2697 2647 2759 quae

696 2763 1001 2829 Christus
1056 2762 1349 2826 instituit
1392 2771 1459 2825 et
1501 2768 1690 2829 vetus
1735 2763 2110 2828 observavit
2154 2762 2442 2827 ecclesia.
2511 2763 2646 2826 R’e-

693 2857 1082 2913 moveantur
1124 2869 1292 2930 quae
1334 2855 1562 2913 contra
1604 2848 1784 2925 haec,
1831 2868 1967 2911 non
2008 2849 2133 2913 nisi
2171 2847 2253 2912 ab
2297 2848 2647 2914 antichris-

692 2936 779 2998 tis
822 2937 1083 2999 invecta
1124 2942 1298 3012 sunt,
1345 2942 1413 2997 et
1452 2945 1667 2999 sarcta
1700 2931 2044 2999 concordia
2083 2937 2209 2999 erit
2243 2956 2392 2999 cum
2436 2935 2646 2998 omni-

692 3021 836 3098 bus,
882 3022 995 3104 qui
1031 3018 1285 3085 Christi
1330 3029 1516 3098 sunt,
1553 3021 1692 3087 sive
1733 3020 1782 3085 ii
1817 3019 2190 3086 Lutherani
2226 3022 2364 3085 sive
2398 3020 2646 3104 Zuing-

693 3106 860 3172 liani
915 3107 996 3172 ab
1059 3105 1450 3172 adversariis
1504 3116 1836 3172 vocentur.
1942 3103 2019 3171 Si
2073 3109 2184 3189 qui
2242 3115 2461 3172 autem
2518 3106 2649 3171 alia

693 3194 1064 3344 reguirant,
1125 3191 1243 3257 hos
1301 3213 1422 3259 nec
1474 3201 1915 3277 protestantes
1983 3193 2157 3257 inter
2219 3213 2373 3258 suos
2445 3192 2647 3276 depu-

692 3286 765 3343 ta
810 3285 950 3344 unt.

884 3450 1118 3515 Verum
1167 3451 1384 3516 demus
1438 3451 1641 3516 adhuc
1705 3450 2091 3516 concordiam
2148 3455 2266 3528 [fol.
2308 3456 2412 3529 13]
2464 3471 2650 3532 posse

695 3535 838 3615 fieri
891 3541 946 3600 et
1000 3532 1416 3617 protestantes
1468 3537 1554 3602 ad
1608 3536 2015 3600 obedientiam
2068 3537 2236 3601 sedis
2275 3536 2651 3617 apostolicae

683 3641 879 3702 posse
922 3621 1184 3701 adduci,
1242 3628 1475 3688 certum
1526 3628 1618 3687 est
1658 3627 1862 3686 tamen
1915 3622 1988 3687 id
2041 3623 2214 3687 nullo
2277 3622 2452 3687 modo
2503 3623 2650 3703 fieri

687 3725 875 3789 posse
916 3708 1051 3771 nisi
1092 3709 1292 3774 multa
1323 3709 1814 3790 protestantibus
1843 3710 2317 3789 permittantur.

867 3827 1055 3892 Nihil
1097 3829 1387 3911 permitti
1431 3849 1696 3893 necesse
1740 3836 1841 3894 est
1874 3848 2071 3911 quam
2112 3849 2278 3911 quae
2321 3830 2649 3899 Dominus

695 3922 828 4084 ι6116ιὲΓ
827 4022 863 4065 Θ
865 3914 1194 4063 &⁸³00spst
1249 3922 1365 3979 aut
1396 3914 1763 3998 permittit.
1867 3916 1971 3980 Ea
2018 3923 2238 3981 autem
2296 3916 2489 3997 homo
2534 3938 2651 3984 cur

879 4154 1055 4235 Quae
1117 4155 1306 4219 etiam
1361 4154 1497 4219 lieet
1552 4159 1755 4219 essent
1795 4155 1870 4219 de
1923 4156 2066 4221 iure
2110 4156 2408 4240 positiva,
2462 4155 2651 4221 veluti

698 4240 1042 4305 omnm-unio
1085 4240 1199 4306 sub
1245 4246 1512 4323 utraque
1555 4241 1782 4321 specie,
1827 4241 2134 4307 connubia
2177 4244 2566 4319 sacerdotum
2598 4247 2655 4307 et

697 4325 971 4405 similia,
1021 4346 1148 4390 non
1185 4327 1462 4391 deberent
1502 4332 1709 4391 tamen
1750 4327 1885 4391 sine
1919 4326 2185 4408 publica
2219 4329 2553 4393 autoritate
2598 4332 2655 4391 et

697 4431 998 4477 consensu
1039 4412 1112 4477 in
1155 4413 1408 4478 ecclesia
1452 4414 1759 4479 innovari.

872 4529 950 4596 Si
994 4531 1164 4595 nihil
1221 4530 1460 4597 horum
1503 4532 1695 4597 debet
1746 4533 1815 4597 in
1873 4533 2143 4600 ecclesia
2196 4535 2337 4599 sine
2390 4533 2653 4615 publica

566 4656 574 4665 ·
698 4618 1047 4683 autoritate
1083 4625 1151 4681 et
1192 4637 1512 4683 consensu
1554 4619 1858 4686 innovari
1872 4672 1888 4698 ,
1934 4641 2134 4703 quare
2189 4619 2497 4685 mutilata
2552 4629 2655 4685 est

697 4704 1070 4769 communio
1115 4702 1548 4769 eucharistiae
1565 4755 1582 4782 ,
1623 4726 1757 4769 non
1801 4706 2013 4770 solum
2057 4713 2284 4772 contra
2325 4706 2655 4789 publicam

699 4790 1122 4855 autoritatem
1179 4797 1245 4854 et
1295 4809 1689 4855 consensum
1743 4793 1942 4856 totius
1994 4792 2382 4875 apostolicae
2437 4799 2505 4858 et
2546 4813 2653 4859 ca-

698 4874 982 4940 tholicae
1018 4876 1345 4956 ecclesiae,
1382 4875 1497 4940 sed
1530 4877 1728 4941 etiam
1750 4884 1982 4944 contra
2005 4879 2430 4944 manifestum
2463 4880 2654 4944 insti-

701 4967 922 5028 tutum
977 4960 1271 5027 Christi?
1364 4960 1560 5042 Quod
1623 4964 1800 5028 enim
1853 4962 2157 5029 Christus
2213 4966 2526 5043 instituit,
2585 4965 2654 5029 id

701 5052 896 5113 vetus
938 5047 1208 5114 ecclesia
1257 5069 1377 5132 per
1420 5055 1635 5113 totum
1680 5049 1906 5115 orbem
1947 5071 2151 5133 usque
2195 5050 2290 5132 ad,
2319 5053 2653 5135 proximos

703 5131 1214 5218 quadringentos
1258 5154 1467 5201 annos
1525 5136 1843 5214 servavit,
1889 5144 1957 5199 et
2009 5158 2244 5221 graeca
2285 5136 2480 5203 hodie
2514 5158 2653 5203 ser-

701 5224 850 5299 vat,
907 5241 1027 5286 nec
1079 5222 1214 5287 ullo
1276 5242 1572 5304 unquam
1615 5221 2059 5303 oecumenico,
2114 5223 2286 5291 sicut
2337 5245 2458 5290 nec
2517 5225 2654 5290 cui-

702 5324 902 5387 quam
942 5305 1012 5370 id
1055 5307 1321 5373 concilio
1361 5308 1558 5373 licere
1591 5308 1818 5391 potuit,
1858 5306 2191 5375 diversum
2224 5312 2655 5376 constitutum

2753 586 2869 645 est.
2927 579 3192 645 Invasit
3235 579 3413 644 enim
3447 581 3554 647 vel
3598 580 3890 663 obrepsit
3932 582 4096 649 haec
4135 583 4560 650 sacratissimi
4602 605 4712 650 sa-

2748 666 3069 730 cramenti
3126 665 3391 731 violatio
3446 667 3630 733 nullo
3686 667 3920 734 idoneo
3967 676 4226 748 autore,
4283 668 4469 734 nulla
4512 671 4712 736 etiam

2747 750 3015 816 ratione.
3109 749 3505 835 Quanquam
3550 755 3898 819 concilium
3941 756 4426 821 constantiense
4470 776 4710 822 ausum

2746 836 2833 900 sit
2874 837 3071 902 istam
3106 840 3499 904 sacramenti
3532 838 3954 905 violationem
3994 842 4398 920 confirmare,
4433 863 4518 906 ne
4553 839 4713 924 quid

2746 921 2994 987 scilicet
3033 920 3382 1007 indignum
3424 925 3732 990 ecclesiae
3767 925 3897 990 fide
3918 935 3985 991 et
4010 927 4362 992 autoritate
4386 926 4607 1010 supini
4633 948 4713 995 ac

2746 1008 3139 1073 somnolenti
3196 1010 3483 1092 episcopi
3564 1009 3905 1077 admisisse
3971 1011 4372 1078 viderentur.
4501 1012 4715 1093 Quasi

2747 1114 3011 1160 necesse
3048 1095 3134 1159 sit
3167 1102 3259 1172 ut,
3306 1117 3752 1179 quaecumque
3788 1097 3856 1160 hi
3893 1098 4124 1181 quavis
4161 1098 4267 1164 vel
4301 1099 4566 1164 inscitia
4597 1099 4713 1164 vel

2745 1179 2997 1244 malitia
3062 1180 3134 1244 in
3190 1180 3534 1250 ecclesiam
3601 1182 3964 1248 admittunt
4022 1192 4137 1249 aut
4176 1184 4533 1264 invehunt,
4582 1207 4717 1267 pro

2707 1331 2711 1338 ,
2745 1264 3107 1331 inviolabili
3143 1266 3451 1333 ecclesiae
3496 1270 3848 1334 autoritate
3883 1270 4302 1352 recipiantur.
4374 1271 4716 1337 Profcssio

2747 1351 3107 1418 caelibatus
3141 1353 3211 1417 in
3248 1353 3577 1437 plerisque
3611 1355 3917 1420 conciliis
3950 1379 3989 1421 a
4009 1356 4412 1441 presbyteris
4440 1364 4509 1421 et
4535 1358 4717 1440 epis-

2746 1439 2939 1520 copis,
2967 1437 3201 1503 deinde
3222 1439 3422 1503 etiam
3445 1462 3485 1504 a
3507 1440 3793 1506 diaconis
3814 1450 3883 1506 et
3904 1441 4317 1508 subdiaconis
4337 1449 4569 1508 exacta
4587 1451 4715 1523 est,

2744 1545 2978 1588 verum
3020 1524 3089 1588 id
3132 1546 3250 1589 nec
3296 1524 3556 1607 publica
3598 1526 3906 1592 ecclesiae
3950 1529 4335 1606 autoritate,
4383 1550 4506 1593 nec
4548 1551 4716 1593 con-

2745 1631 2942 1674 sensu
2994 1610 3239 1674 factum
3285 1619 3399 1676 est.
3486 1611 3760 1677 Publica
3794 1614 3971 1677 enim
4022 1614 4330 1679 ecclesiae
4377 1615 4708 1680 autoritas

2747 1716 2897 1760 cum
2946 1697 3292 1761 autoritate
3337 1696 3588 1762 Christi
3643 1697 3955 1782 verbique
4013 1699 4220 1783 ipsius
4289 1721 4548 1782 semper
4600 1708 4717 1765 est

2750 1781 3112 1846 coniuncta.
3175 1781 3361 1848 Haec
3395 1804 3553 1848 vero
3586 1784 3819 1849 statuit
3854 1806 3986 1849 non
4022 1805 4164 1850 esse
4187 1784 4428 1850 bonum
4456 1784 4719 1851 homini

2748 1888 2889 1932 esse
2926 1866 3062 1945 soli,
3110 1876 3176 1932 et
3211 1890 3742 1953 unumquemque
3779 1869 4013 1936 debere
4051 1891 4238 1937 suam
4274 1892 4548 1935 uxorem
4585 1871 4717 1937 ha-

2746 1953 2901 2017 bere
2946 1961 3012 2017 et
3056 1975 3582 2037 unamquamque
3629 1977 3825 2021 suum
3869 1958 4211 2035 maritum,
4256 1957 4718 2023 fornicationis

2749 2037 3057 2104 vitandae
3101 2059 3315 2105 causa.
3404 2040 3574 2105 Item
3626 2042 3959 2125 episcopos
4005 2050 4072 2106 et
4116 2041 4424 2108 diaconos
4471 2041 4720 2109 debere

2748 2123 2932 2209 eligi,
2993 2125 3104 2206 qui
3148 2125 3282 2190 sint
3335 2128 3533 2191 unius
3577 2129 3801 2193 uxoris
3856 2130 4109 2205 mariti,
4167 2150 4289 2194 nec
4333 2128 4453 2192 11111
4498 2129 4722 2194 voluit

2749 2211 3092 2275 hominum
3146 2213 3372 2294 generi
3428 2212 3573 2296 lege
3631 2212 3990 2279 caelibatus
4042 2214 4350 2296 laqueum
4415 2215 4716 2281 iniicere.

2748 2297 2922 2360 Nam
2966 2316 3161 2378 quem
3201 2296 3529 2363 Dominus
3583 2301 3842 2383 negotio
3885 2299 4202 2364 eiusmodi
4247 2309 4514 2382 propter
4556 2322 4715 2385 reg-

2750 2403 2911 2446 num
2955 2404 3149 2448 suum
3192 2384 3538 2467 occuparit,
3584 2405 3734 2450 cum
3779 2407 3907 2468 quo
3938 2386 4344 2450 matrimonii
4382 2407 4540 2451 cura
4573 2409 4714 2452 non

2750 2468 3071 2547 cohaeret,
3110 2490 3263 2534 eum
3297 2471 3498 2536 etiam
3533 2472 3719 2537 verbi
3753 2470 3929 2536 illius
3966 2472 4046 2537 de
4082 2472 4475 2537 castratione
4508 2494 4712 2555 prop-

2750 2563 2853 2619 ter
2903 2575 3183 2637 regnum
3227 2556 3555 2621 coelorum
3598 2559 3691 2622 sic
3733 2578 4039 2640 capacem
4082 2556 4325 2635 reddit,
4386 2567 4462 2622 ut
4505 2559 4714 2624 etiam

2752 2639 2994 2722 absque
3039 2640 3235 2706 ullius
3282 2647 3398 2720 [fol.
3453 2649 3556 2722 14]
3603 2642 3708 2709 vel
3751 2644 3917 2720 voti,
3961 2643 4067 2708 vel
4111 2643 4275 2728 legis
4315 2646 4711 2710 necessitate

2750 2747 2987 2790 verum
3020 2725 3411 2792 caelibatum
3454 2729 3639 2793 colat.
3727 2730 4017 2813 Exigere
4060 2730 4281 2812 itaque
4321 2731 4393 2793 in
4440 2731 4713 2796 univer-

2752 2834 2898 2878 sum
2953 2812 3034 2877 ab
3101 2813 3432 2893 omnibus,
3479 2814 3593 2897 qui
3651 2835 3834 2879 sacro
3878 2815 4246 2881 ministerio
4292 2811 4711 2895 adhibentur,

2749 2906 2981 2963 votum
3020 2897 3400 2978 caelibatus,
3445 2901 3748 2966 similiter
3791 2901 4142 2984 requirere,
4189 2920 4266 2966 ut
4309 2901 4516 2966 altera
4556 2912 4713 2966 tan-

2749 2993 2892 3050 tum
2936 2985 3182 3068 species
3224 2986 3657 3052 eucharistiae
3703 2986 4121 3071 dispensetur
4164 2988 4712 3054 communicanti-

2753 3072 2874 3137 bus
2928 3092 3196 3136 mensae
3240 3072 3535 3151 Domini,
3583 3095 3717 3138 non
3762 3075 4108 3139 autoritate
4152 3074 4491 3153 ecclesiae,
4537 3096 4713 3157 quae

2749 3155 2981 3223 eadem
3039 3157 3309 3240 spiritus
3376 3160 3590 3225 sancti
3644 3165 3771 3238 est,
3845 3160 3917 3224 in
3980 3159 4253 3226 ecclesia
4317 3158 4711 3227 occidentali

2749 3242 3049 3321 obtinuit,
3085 3243 3202 3308 sed
3235 3245 3525 3310 humana
3559 3245 3841 3329 quadam
3875 3246 4147 3325 ratione,
4186 3267 4351 3330 quae
4397 3245 4553 3311 dum
4589 3267 4714 3312 ex-

2748 3339 2857 3393 tra
2898 3329 3197 3395 coelestis
3238 3332 3595 3414 sapientiae
3638 3334 3805 3397 fines
3850 3332 4143 3412 exsulat,
4206 3332 4395 3398 facile
4441 3332 4709 3398 labitur.

2752 3415 2932 3479 Hinc
2966 3423 3387 3499 praepostera
3409 3416 3766 3483 caelibatus
3790 3417 4155 3498 admiratiO,
4183 3438 4311 3501 qua
4330 3418 4578 3483 factum
4602 3426 4712 3484 est

2751 3509 2829 3565 ut
2868 3502 3268 3567 matrimonii
3311 3504 3626 3569 sanctitas
3659 3505 3934 3568 minoris
3969 3525 4165 3586 quam
4201 3503 4462 3577 deceret
4508 3505 4711 3568 aesti-

2752 3596 3063 3652 maretur.
3136 3588 3316 3654 Hinc
3348 3590 3643 3671 privatae
3677 3589 3830 3655 illae
3852 3589 4345 3673 speculationes,
4383 3589 4464 3654 de
4498 3589 4714 3655 altera

2753 3673 3183 3739 eucharistiae
3227 3676 3439 3756 specie
3481 3675 3720 3758 populo
3765 3674 4167 3759 deneganda.
4254 3675 4395 3741 Nec
4431 3696 4582 3741 vero
4620 3674 4713 3741 ad

2754 3758 3146 3824 alterutrum
3208 3781 3561 3827 consensus
3617 3762 3975 3828 catholicae
4040 3762 4349 3827 ecclesiae
4414 3781 4716 3843 unquam

2753 3845 3027 3911 accessit
3041 3897 3059 3924 ,
3117 3867 3272 3911 nam
3314 3867 3548 3932 graeca
3599 3848 3871 3915 ecclesia
3930 3849 4004 3912 in
4057 3846 4445 3913 hodiernum
4500 3868 4717 3930 usque

2755 3930 2959 4010 diem,
3014 3940 3083 3996 et
3130 3933 3625 4000 matrimonium
3680 3934 3999 4000 ministris
4012 3985 4028 4013 ,
4075 3941 4140 3998 et
4184 3934 4717 3999 communionem

2754 4017 2954 4082 totius
3012 4018 3444 4085 eucharistiae
3501 4020 3674 4102 plebi
3726 4041 3980 4103 quoque
4024 4018 4337 4085 concedit.
4427 4019 4509 4083 In
4543 4018 4716 4085 His-

2754 4103 2952 4185 pania
2993 4124 3265 4187 quoque,
3294 4104 3494 4171 Italia
3532 4113 3598 4171 et
3634 4105 3996 4171 Germania
4020 4113 4276 4170 retenta
4311 4104 4423 4170 diu
4458 4126 4720 4170 connu-

2753 4189 2863 4255 bia
2908 4210 2947 4253 a
2991 4188 3433 4257 sacerdotibus
3477 4199 3649 4257 sunt.
3741 4190 3969 4273 Quum
4010 4190 4282 4257 concilia
4337 4189 4484 4268 illa,
4542 4211 4713 4273 quo·

2754 4297 2905 4339 rum
2948 4276 3262 4341 autoritas
3306 4278 3633 4341 immerito
3673 4278 3997 4357 ecclesiae,
4044 4284 4363 4360 quantum
4409 4274 4491 4340 ad
4535 4276 4721 4343 hanc

2754 4376 2897 4425 rem
2937 4362 3193 4440 attinet,
3236 4362 3657 4428 adscribitur:
3695 4384 3978 4429 canones
4022 4361 4103 4428 de
4146 4361 4468 4447 exigendo
4511 4382 4551 4426 a
4582 4364 4721 4426 mi-

2755 4447 2982 4511 nistris
3042 4447 3456 4530 superiorum
3508 4448 3812 4513 ordinum
3866 4455 4017 4515 voto
4085 4448 4443 4514 caelibatus
4483 4446 4715 4513 edide—

2756 4538 2914 4596 runt
2949 4538 3103 4597 ante
3138 4533 3319 4598 mille
3354 4555 3579 4600 annos.
3648 4533 3842 4600 Unde
3877 4534 4118 4618 liquet,
4155 4556 4281 4600 nec
4309 4553 4717 4600 eonsensum

2757 4617 3065 4684 ecclesiae
3111 4619 3503 4687 universalis
3546 4621 3691 4686 istis
3736 4621 3987 4686 duabus
4031 4621 4227 4686 rebus
4273 4641 4565 4704 unquam
4601 4641 4717 4685 ac-

2757 4704 3044 4771 cessisse.
3136 4702 3531 4790 Quanquam
3584 4714 3662 4771 ut
3718 4708 3790 4771 in
3843 4707 4119 4773 caeteris
4174 4705 4369 4772 rebus
4427 4707 4511 4771 ad
4554 4705 4716 4770 reli-

2758 4791 3017 4875 gionem
3061 4791 3554 4873 pertinentibus,
3599 4794 3694 4857 ita
3736 4800 3802 4856 et
3843 4794 3915 4856 in
3960 4792 4065 4858 his
4111 4791 4361 4857 duabus
4404 4791 4719 4858 observa—

2758 4876 3047 4941 tionibus
3102 4877 3413 4943 ecclesiae
3466 4879 3787 4943 autoritas
3840 4885 3906 4943 et
3951 4898 4304 4943 consensus
4348 4878 4577 4962 magis·
4627 4899 4719 4943 ex

2718 5010 2721 5013 -
2758 4964 2899 5045 ipso
2944 4963 3126 5028 verbi
3172 4962 3472 5043 Domini,
3518 4985 3679 5047 quo,
3724 4972 3800 5028 ut
3841 4965 4069 5048 genita
4112 4971 4240 5042 est,
4294 4964 4389 5028 ita
4432 4964 4604 5029 vivit
4646 4968 4720 5028 et

2758 5050 3146 5128 sustinetur,
3193 5050 3679 5134 cognoscendus
3722 5058 3840 5130 est,
3885 5045 4086 5133 quain
4129 5070 4221 5117 ex
4257 5070 4332 5114 eo
4375 5048 4550 5133 quod
4594 5050 4721 5115 ho-

2759 5134 2971 5200 mines
3012 5135 3086 5199 in
3127 5135 3424 5215 ecclesia,
3484 5157 3867 5220 quocunque
3920 5138 3990 5200 in
4042 5135 4160 5199 illa
4214 5134 4354 5201 loco
4400 5135 4716 5215 existant,

2761 5219 3180 5304 comprobare
3223 5221 3589 5289 videantur.
3658 5221 3839 5287 Dum
3874 5224 4054 5287 enim
4096 5221 4206 5287 hic
4240 5222 4496 5301 vivunt,
4534 5243 4719 5288 erro-

2760 5307 2942 5373 ribus
2979 5314 3045 5372 et
3085 5310 3366 5390 peccatis
3411 5316 3571 5376 sunt
3613 5329 3838 5374 omnes
3883 5307 4165 5374 obnoxii.
4240 5305 4376 5374 Sed
4424 5327 4546 5375 nec
4594 5329 4721 5374 no—
