5100 6061
683 427 972 501 XXXH
1864 418 2410 490 TRAOTATUS
2456 417 3043 487 THEOLOGIOI
3084 418 3531 488 MtNORES.

682 617 943 683 tionum
984 615 1420 681 recentiorum
1461 614 1533 679 in
1578 613 1947 698 marginem
1993 609 2392 694 relegamus;
2439 609 2748 692 antiquae
2791 608 3112 675 versionis
3147 609 3599 675 testimonium
3639 616 3788 675 tum
3831 611 4092 695 saepius
4133 611 4208 675 in
4251 609 4488 677 iisdem
4530 609 4715 678 diiu—

683 727 1008 806 dicandis,
1065 734 1212 793 tum
1253 726 1454 793 etiam
1508 726 1754 810 passim
1795 725 1865 787 in
1924 742 2121 788 sensu
2180 720 2473 786 locorum
2528 719 2876 785 dubiorum
2934 720 3395 787 constituendo
3456 720 3895 804 producimus,
3984 722 4090 787 Tu
4134 742 4291 790 vero
4306 774 4323 801 ,
4383 721 4706 789 benevole

682 840 916 921 lector,
962 839 1219 906 sudoris
1264 840 1472 906 nostri
1512 838 1765 904 fructus
1811 855 1895 899 ex
1940 833 2064 897 hac
2109 832 2327 914 operis
2368 838 2556 914 parte
2600 830 2683 894 ad
2729 839 2793 896 te
2836 831 3191 898 redeuntes
3234 852 3441 915 aequo
3487 833 3705 898 animo
3759 834 4040 918 accipias
4054 885 4070 914 ,
4116 854 4443 919 rogamus,
4489 836 4710 920 iisque

682 951 961 1018 feliciter
1000 953 1223 1017 utaris.
4082 970 4087 977 ·

2376 1394 2789 1481 CAPUT
2849 1395 3012 1478 III.

816 1609 1769 1711 COMMENTARH
1821 1611 1967 1707 IN
2003 1606 2485 1706 LIBROS
2543 1572 3143 1704 SENECAE
3197 1606 3386 1704 DE
3442 1606 4245 1706 CLEMENTIA.
4309 1600 4602 1704 1532.

996 1839 1192 1922 Quod
1229 1840 1516 1922 primum
1558 1847 1626 1904 et
1665 1841 1734 1904 in
1782 1838 1902 1905 hoc
1945 1859 2186 1923 genere
2231 1839 2501 1903 unicum
2547 1835 2881 1902 doctrinae
2927 1834 3398 1903 documentum
3419 1836 3648 1902 edidit
3690 1837 4013 1905 Calvinus
4046 1838 4308 1906 iuvenis
4352 1840 4708 1907 admodum

683 1963 755 2021 et
795 1955 910 2020 vix
955 1953 1348 2036 vigesimum
1402 1952 1673 2016 tertium
1730 1972 1978 2016 annum
2035 1971 2239 2035 agens
2256 2002 2272 2029 ‚
2333 1949 2392 2015 ei
2436 1947 2773 2015 Grallasius
2831 1956 3057 2030 utpote
3100 1968 3141 2012 a
3179 1948 3633 2033 theologorum
3690 1948 3887 2016 rebus
3945 1950 4157 2016 alieno
4209 1952 4312 2017 sui
4350 1952 4709 2019 voluminis

682 2065 1047 2151 hospitium
1089 2063 1373 2147 negavit.
1463 2063 1639 2128 Beza
1683 2083 1837 2129 vero
1874 2072 1940 2127 et
1981 2062 2095 2144 qui
2139 2082 2291 2126 eum
2327 2061 2585 2144 sequuti
2638 2068 2796 2125 sunt
2847 2059 3077 2125 eadem
3121 2059 3202 2124 de
3245 2081 3443 2127 causa
3495 2060 3661 2127 illud
3704 2063 3773 2127 in
3818 2054 4247 2146 appendicem
4300 2063 4701 2148 relegarunt.

682 2178 823 2244 Nos
869 2176 927 2241 ei
971 2175 1356 2258 primarium
1400 2173 1614 2241 locum
1654 2173 2070 2241 concedimus
2113 2175 2186 2237 in
2228 2180 2452 2239 nostro
2497 2172 2959 2255 opusculorum
3001 2172 3523 2239 calvinianorum
3568 2195 3863 2257 corpore,
3910 2182 3986 2239 ut
4028 2177 4142 2258 qui
4180 2182 4552 2257 temporum
4594 2198 4706 2243 ra-

686 2289 935 2354 tionem
977 2285 1163 2351 nobis
1207 2284 1685 2352 observandam
1729 2285 2270 2351 constituerimus
2283 2336 2301 2365 ,
2363 2306 2574 2368 neque
2618 2284 2698 2350 ob
2756 2284 3131 2368 argumenti
3174 2281 3612 2350 differentiam
3665 2285 3831 2350 illud
3878 2306 3920 2350 a
3973 2288 4246 2353 caeteris
4289 2288 4559 2353 omnino
4602 2309 4706 2355 se-

687 2398 1057 2485 parandum
1101 2398 1514 2464 arbitremur.
1606 2396 1782 2464 Sane
1826 2397 2211 2481 theologicis
2257 2396 2533 2479 scriptis,
2582 2396 2725 2462 sive
2768 2397 3030 2479 proprio
3075 2396 3213 2461 sive
3257 2378 3489 2463 latio're
3533 2418 3732 2463 sensu
3780 2397 3873 2465 sic
3918 2396 4209 2464 dicendis
4223 2450 4239 2478 ,
4287 2397 4706 2465 adnumerari

686 2512 930 2595 nequit,
976 2510 1277 2594 quamvis
1321 2512 1455 2575 sint
1492 2511 1602 2594 qui
1647 2509 2062 2593 suspicentur
2104 2516 2399 2573 autorem
2440 2508 2511 2573 in
2556 2529 2631 2573 eo
2676 2508 3139 2574 conscribendo
3174 2508 3244 2574 id
3285 2508 3499 2593 egisse
3541 2516 3618 2574 ut
3659 2510 3801 2594 regi
3844 2511 4214 2603 Francisco,
4260 2512 4394 2577 iam
4437 2521 4581 2575 tum
4623 2511 4707 2577 de

687 2644 1012 2689 novarum
1048 2643 1271 2687 rerum
1313 2621 1674 2687 fautoribus
1729 2631 1796 2686 et
1838 2620 2122 2703 purioris
2171 2620 2497 2704 evangelii
2555 2619 2781 2685 amicis
2823 2621 2895 2683 in
2935 2642 3055 2685 sua
3099 2619 3344 2684 ditione
3399 2621 3684 2703 iniquius
3728 2622 4071 2702 sentienti,
4127 2623 4391 2715 mitiora
4430 2623 4704 2689 consilia

688 2734 1038 2800 instillaret
1083 2732 1164 2799 de
1207 2732 1440 2799 iisdem
1485 2733 1820 2818 capienda,
1866 2731 2416 2817 quemadmodum
2460 2732 2616 2796 olim
2660 2731 3080 2798 cordubensis
3124 2732 3234 2797 ille
3275 2732 3702 2815 philosophus
3744 2733 4027 2805 Neronis
4064 2733 4365 2800 Caesaris
4410 2736 4708 2801 animum

689 2846 907 2912 oblato
951 2868 1067 2912 suo
1110 2846 1277 2912 libro
1320 2846 1528 2912 lenire
1572 2852 1840 2912 conatus
1879 2845 2093 2910 fuerit.
2167 2845 2305 2910 Nos
2350 2844 2552 2909 talem
2595 2845 2794 2910 huius
2838 2846 3052 2926 operis
3096 2866 3364 2910 causam
3406 2852 3476 2909 et
3516 2844 3840 2929 originem
3884 2866 4176 2912 asserere
4219 2869 4351 2912 non
4394 2847 4704 2925 ausimus,

689 2980 893 3043 quum
938 2968 1131 3023 autor
1174 2979 1500 3042 nusquam
1553 2959 1620 3022 in
1665 2979 1785 3023 suo
1842 2958 2309 3023 commentario
2361 2976 2445 3019 ne
2491 2955 2749 3039 oblique
2802 2955 3067 3040 quidem
3113 2955 3194 3021 ad
3247 2958 3343 3022 rei
3386 2955 3684 3040 publicae
3742 2966 3811 3022 et
3853 2977 4073 3023 sacrae
4128 2966 4377 3023 statum
4433 2958 4706 3037 alludat,

689 3070 902 3153 qualis
946 3092 1063 3136 suo
1107 3077 1397 3153 tempore
1435 3071 1508 3134 in
1551 3070 1773 3137 Gallia
1815 3069 2167 3136 obtinebat.
2258 3067 2392 3149 Qui
2426 3069 2645 3151 potius
2688 3067 2757 3133 id
2799 3069 3013 3135 solum
3047 3070 3119 3134 in
3163 3071 3381 3134 animo
3421 3068 3728 3135 habuisse
3772 3069 4038 3136 videtur
4081 3078 4157 3136 ut
4201 3078 4458 3138 textum
4501 3093 4698 3138 suum

687 3182 1080 3266 philologice
1122 3182 1507 3263 elucidaret,
1545 3183 1837 3266 undique
1878 3182 2203 3267 congestis
2248 3181 2640 3263 scriptorum
2674 3202 3101 3247 romanorum
3134 3181 3480 3248 sententiis
3521 3189 3589 3246 et
3628 3189 3976 3265 poetarum
4010 3183 4280 3249 floribus
4293 3234 4310 3263 ,
4355 3183 4551 3267 paulo
4594 3205 4711 3249 ra-

688 3296 829 3360 rius
870 3295 1070 3359 etiam
1103 3295 1442 3359 variorum
1483 3294 2022 3377 philosophorum
2059 3292 2318 3375 placitis
2360 3293 2430 3357 in
2475 3293 2684 3358 aciem
2717 3292 3016 3360 deductis
3052 3303 3516 3377 argumentum
3558 3292 3776 3376 ipsum
3815 3299 4202 3360 retractaret
4235 3303 4305 3359 et
4347 3301 4706 3361 excuteret.

692 3404 949 3471 Verum
990 3407 1292 3489 quamvis
1349 3405 1479 3470 illis
1521 3405 1794 3470 minime
1837 3406 2306 3484 assentiamur,
2362 3405 2473 3487 qui
2517 3404 2643 3470 sibi
2685 3404 2753 3469 in
2799 3404 2922 3471 hoc
2966 3406 3433 3472 commentario
3477 3403 3863 3490 apologetici
3906 3404 4106 3472 studii
4150 3406 4430 3491 vestigia
4474 3407 4710 3491 depre-

692 3515 1002 3583 hendisse
1047 3517 1376 3597 videntur,
1425 3525 1493 3583 et
1538 3524 1835 3584 autorem
1878 3525 2021 3582 tum
2065 3518 2376 3600 temporis
2417 3515 2913 3582 humanioribus
2957 3538 3122 3600 quas
3158 3516 3386 3583 dicunt
3426 3516 3635 3582 literis
3677 3517 3869 3582 unice
3903 3518 4280 3584 incubuisse
4323 3517 4706 3599 dixerimus,

696 3626 878 3694 aliud
919 3628 1231 3711 quiddam
1267 3637 1368 3695 est
1409 3629 1581 3713 quod
1624 3630 1812 3695 nobis
1856 3630 2140 3694 maxime
2176 3626 2527 3708 dissuadet,
2572 3648 2658 3693 ne
2695 3628 2816 3694 has
2860 3628 2996 3695 stili
3040 3629 3397 3696 calviniani
3438 3628 3765 3712 primitias
3801 3628 3881 3694 de
3925 3629 4135 3712 primo
4178 3629 4292 3696 illo
4333 3631 4474 3696 loeo
4510 3652 4709 3714 quem

693 3740 789 3805 eis
835 3739 1338 3820 destinavimus,
1399 3743 1586 3825 quasi
1630 3741 1845 3808 debito
1892 3741 1971 3806 de
2013 3740 2223 3825 gradu
2279 3739 2723 3806 detrudamus.
2794 3741 2902 3806 Ab
2946 3741 3052 3807 his
3093 3742 3409 3807 nimirum
3448 3740 3742 3826 legendis
3783 3741 4057 3825 incipias
4101 3749 4376 3825 oportet,
4421 3743 4480 3807 si
4520 3764 4709 3827 mag-

691 3873 850 3917 nam
893 3852 1075 3917 illam
1118 3853 1640 3932 conversionem,
1689 3874 1903 3937 neque
1946 3874 2239 3936 unquam
2285 3852 2445 3919 satis
2490 3850 2865 3917 mirandam
2910 3853 3127 3918 animo
3171 3853 3601 3937 contemplari
3645 3854 3947 3932 volueris,
3995 3875 4125 3937 qua
4168 3854 4272 3920 vir
4314 3854 4708 3920 immortalis
4760 3895 4787 3915 .·

691 3985 735 4027 a
776 3973 963 4028 coetu
1005 3962 1491 4049 philologorum
1504 4016 1520 4043 ,
1574 3967 1746 4031 inter
1785 3986 1944 4048 quos
1988 3984 2124 4029 non
2170 3964 2399 4029 ultimo
2439 3966 2581 4029 loco
2627 3971 2948 4030 venturus
2991 3972 3134 4030 erat
3176 3967 3234 4031 si
3277 3987 3362 4031 ex
3416 3964 3656 4030 talibus
3699 3966 3907 4029 initiis
3962 3965 4405 4033 coniecturam
4448 3966 4702 4045 feceris,

692 4073 778 4139 ad
819 4075 1275 4160 theologorum
1319 4075 1541 4142 studia
1582 4084 1847 4143 evectus
1889 4077 2117 4142 statim
2158 4077 2369 4160 primo
2412 4084 2655 4142 conatu
2689 4075 2915 4141 multis
2960 4097 3031 4142 se
3070 4076 3575 4155 commendavit,
3621 4097 3778 4142 mox
3823 4086 4087 4160 arrepta
4128 4077 4350 4161 palma
4389 4078 4558 4163 nulli
4602 4100 4706 4145 se-

694 4185 951 4252 cundus
1007 4188 1236 4254 evasit.
1325 4187 1407 4253 In
1462 4188 1568 4253 his
1625 4189 1801 4253 enim
1860 4188 2346 4254 commentariis
2402 4187 2786 4271 theologici,
2845 4187 3135 4272 adeoque
3189 4189 3295 4255 vel
3337 4189 3623 4273 religiosi
3679 4188 3790 4254 vel
3843 4187 4065 4256 biblici
4117 4190 4488 4273 argumenti
4535 4189 4709 4273 quod

693 4294 936 4362 dixeris
951 4348 968 4377 ,
1013 4299 1181 4364 nihil
1226 4298 1385 4364 dum
1428 4309 1732 4383 apparet,
1778 4321 1991 4383 neque
2033 4299 2211 4365 illius
2252 4299 2535 4378 Calvini',
2583 4298 2778 4382 quem
2821 4307 3050 4383 postea
3108 4300 3285 4366 orbis
3329 4301 3726 4367 christianus
3769 4301 3993 4408 novsit,
4051 4299 4406 4383 quidquam
4448 4309 4715 4384 praeter

690 4406 884 4471 latini
940 4412 1258 4476 sermonis
1301 4410 1594 4477 cultioris
1635 4411 2059 4496 elegantiam,
2115 4433 2244 4495 qua
2287 4431 2479 4476 nemo
2534 4412 2712 4476 inter
2764 4411 2955 4478 istius
3002 4413 3247 4479 saeculi
3301 4412 3635 4496 theologos
3681 4413 3892 4496 magis
3935 4411 4051 4477 illo
4093 4412 4418 4503 inclaruit.
4507 4412 4713 4479 Bien-

693 4519 806 4584 nio
851 4539 1005 4584 vero
1045 4527 1219 4602 post,
1266 4543 1464 4603 quum
1505 4523 2221 4608 Psychopannychiam
2264 4543 2451 4588 suam
2494 4522 2735 4602 ederet,
2782 4522 2861 4588 de
2904 4523 3389 4607 quaestionibus
3432 4531 3498 4589 et
3537 4523 3998 4590 controversiis
4042 4523 4412 4608 theologiae
4456 4523 4561 4591 vel
4604 4545 4711 4590 re-

691 4630 1075 4698 conditioris
1128 4640 1267 4696 tam
1308 4631 1473 4698 bene
1530 4633 1830 4701 edoctum
1884 4657 1954 4702 se
2013 4635 2328 4715 ostendit,
2387 4642 2466 4700 ut
2509 4657 2548 4700 a
2601 4636 2824 4718 pueris
2867 4635 2965 4699 nil
3006 4636 3136 4701 nisi
3179 4637 3341 4702 haec
3386 4641 3696 4701 tractasse
3731 4634 4061 4715 videatur,
4116 4643 4184 4700 et
4227 4636 4340 4719 qui
4382 4636 4454 4700 in
4493 4636 4713 4718 priore

585 4801 591 4808 .
692 4763 889 4826 opere
954 4742 1429 4828 amplissimam
1486 4753 1788 4811 autorum
1842 4746 2262 4814 classicorum
2311 4747 2614 4813 notitiam
2667 4746 2971 4813 exhibuit
3021 4759 3096 4814 ut
3150 4769 3301 4813 eum
3355 4754 3562 4813 totam
3604 4746 4003 4812 latinitatem
4056 4748 4374 4813 memoria
4418 4747 4712 4813 tenuisse

693 4854 1066 4934 credideris,
1114 4856 1245 4919 iam
1281 4857 1354 4920 in
1390 4856 1511 4923 hoc
1547 4857 1754 4924 altero
1789 4847 2183 4943 scripturam
2227 4879 2480 4925 sacram
2523 4880 2785 4924 omnem
2827 4866 3051 4926 mente
3094 4858 3592 4943 comprehendit
3633 4866 3699 4925 et
3731 4865 3998 4944 patrum
4031 4880 4284 4942 quoque
4316 4857 4714 4924 familiarem

695 4984 766 5029 se
808 4968 1096 5049 praebet,
1141 4969 1236 5033 ita
1277 4976 1355 5033 ut
1395 4989 1515 5053 pro
1558 4971 1894 5036 occasione
1938 4979 2006 5038 et
2049 4971 2508 5038 auctoritatum
2552 4972 2773 5054 copiae
2817 4979 2885 5035 et
2924 4977 3454 5055 argumentorem
3496 4972 3783 5037 rationes
3840 4970 4200 5055 disputanti
4256 4976 4519 5055 praesto
4575 4969 4714 5035 sint

697 5082 765 5141 et
807 5076 1177 5145 uberrimae
1220 5088 1289 5146 et
1331 5082 1763 5148 firmissimae.
1835 5082 1943 5147 Ita
1984 5083 2092 5147 hic
2137 5085 2193 5148 si
2236 5103 2277 5147 a
2317 5082 2536 5167 priore
2579 5081 2662 5147 ad
2708 5081 2991 5147 alterum
3024 5081 3268 5148 librum
3311 5083 3669 5150 transitum
3701 5084 3950 5162 feceris,
3987 5081 4138 5166 Viri
4178 5081 4525 5149 clarissimi
4567 5089 4713 5147 stu-

695 5187 806 5252 dia
840 5188 993 5254 inde
1052 5193 1132 5257 ab
1178 5213 1256 5258 eo
1302 5200 1599 5278 tempore
1657 5213 1786 5276 quo
1830 5188 2171 5260 Ani-eliam
2222 5193 2384 5261 adiit
2425 5193 2620 5260 rebus
2671 5195 2875 5260 sacris
2919 5193 3133 5260 dicata
3181 5202 3250 5259 et
3298 5196 3371 5259 in
3417 5195 3556 5262 dics
3615 5196 3848 5261 altiora
3889 5194 4265 5277 appetentia
4319 5213 4715 5279 cognoscere

693 5301 925 5385 possis,
972 5321 1138 5384 quae
1180 5305 1313 5371 iam
1353 5327 1438 5372 ex
1471 5312 1736 5372 nostrae
1778 5305 2022 5371 latinae
2064 5307 2512 5373 Institutionis
2548 5305 2831 5373 editione
2874 5306 3319 5373 indesinenter
3362 5315 3570 5388 aucta,
3616 5304 3982 5386 emendata,
4025 5305 4421 5391 locupletata
4464 5302 4718 5372 vidisti.
