5100 6061
311 388 431 447 259

305 572 569 656 pietatis
613 571 683 635 in
724 571 977 650 Deum,
1035 572 1136 637 vel
1179 570 1496 636 adversus
1545 572 1845 637 homines
1889 570 2254 638 iniustitiae

307 680 515 743 genus
571 663 1020 739 praetereunt,
1081 657 1236 722 dum
1292 658 1537 739 optima
1587 656 1717 722 fide
1774 657 1945 741 quod
1988 679 2256 723 suarum

307 754 409 810 est
452 743 743 826 partium
779 750 1245 824 exsequuntur.
1311 744 1581 821 Earum,
1619 744 1908 826 inquam,
1947 740 2254 827 partium,

306 853 467 913 quas
524 837 637 893 tua
689 849 846 894 voce
912 829 1221 911 privatim
1288 828 1725 908 demandasti,
1785 850 1947 912 quas
2000 828 2255 913 publice

307 916 559 983 solenni
606 914 956 998 diplomate
1000 915 1417 981 confirmasti.
1484 915 1578 980 Ut
1620 921 1809 999 gesta
1844 936 2070 980 eorum
2106 936 2254 998 1181-

309 1001 461 1066 inde
517 999 817 1065 habenda
870 1001 1030 1078 sint,
1090 1023 1166 1067 ac
1209 1002 1264 1066 si
1320 1000 1624 1085 gerendis
1678 1000 1808 1066 illis
1852 1022 2072 1066 coram
2115 1003 2254 1084 ipse

307 1087 714 1171 praefuisses.
791 1086 1117 1168 Equidem
1172 1087 1451 1164 invituS,
1507 1108 1625 1152 nec
1682 1087 1825 1151 sine
1868 1087 2116 1170 pudore
2158 1088 2254 1151 fa-

309 1175 423 1250 010,
472 1189 545 1238 111
588 1172 826 1236 delicta
875 1172 1078 1238 istaec
1123 1181 1238 1237 tua
1283 1181 1419 1236 tam
1476 1173 1764 1256 praecise
1811 1194 2112 1256 urgeam:
2169 1195 2252 1238 ne

308 1259 787 1326 accusationem
831 1259 1040 1341 magis
1084 1259 1409 1324 instruere
1447 1257 1687 1336 videar,
1735 1278 1929 1340 quam
1974 1259 2252 1323 monito-

309 1367 448 1410 rem
508 1365 720 1428 agere.
800 1342 935 1409 Sed
989 1344 1142 1427 quid
1201 1345 1272 1409 in
1330 1367 1401 1409 re
1448 1351 1676 1427 aperta
1730 1343 1848 1410 tibi
1906 1342 2249 1409 blandiar?

307 1430 710 1496 Praesertim
754 1451 955 1512 quum
1010 1453 1084 1494 eo
1137 1430 1490 1513 periclitari
1537 1429 1822 1494 maxime
1868 1437 1932 1494 te
1980 1451 2252 1513 cognos-

310 1539 450 1582 cam
470 1567 484 1595 ,
530 1514 699 1598 quod
755 1516 825 1579 in
869 1516 1323 1598 perpetrandis
1366 1515 1435 1581 id
1477 1538 1685 1600 genus
1731 1515 2056 1597 nequitiis,
2103 1537 2252 1598 per-

308 1601 456 1668 inde
502 1623 578 1667 ac
621 1602 675 1665 si
720 1600 1026 1684 quiddam
1068 1601 1394 1667 ludicrum
1438 1604 1632 1682 foret,
1679 1600 1799 1665 tibi
1845 1601 2110 1667 delicias
2154 1603 2251 1667 fa-

311 1688 444 1755 cis?
514 1688 660 1754 Hoc
705 1708 859 1770 ergo
915 1710 1182 1752 rursum
1235 1688 1623 1770 1110000010,
1682 1687 1785 1753 0111
1838 1687 2180 1753 infitiando
2205 1690 2253 1772 ¹)

310 1795 716 1857 nequaquam
753 1774 906 1838 eris:
954 1773 1336 1857 religionem
1371 1773 1752 1857 plebemque
1789 1774 1935 1852 Dei,
1974 1795 2254 1857 quarum

312 1860 424 1925 tibi
483 1883 640 1926 cura
697 1858 1089 1924 demandata
1145 1867 1315 1939 erat,
1385 1882 1514 1925 non
1575 1869 1688 1924 tua
1742 1859 1935 1924 modo
1987 1860 2257 1943 ignavia

312 1946 597 2012 desertas
654 1966 914 2030 pessum
971 1947 1070 2009 ire
1090 1998 1104 2022 ,
1162 1945 1277 2010 sed
1319 1945 1735 2029 improbitate
1780 1945 1981 2010 etiam
2025 1945 2253 2028 nequi-

312 2034 524 2114 tiaque
589 2032 942 2115 profligari.
1047 2029 1121 2096 Si
1186 2032 1331 2096 iure
1389 2033 1459 2096 10
1522 2031 1793 2095 1111111188
1859 2030 2254 2096 desertorem

313 2117 673 2202 capitaliter
734 2117 913 2200 leges
993 2117 1548 2196 animadvertunt,
1629 2138 1794 2200 quae
1857 2118 2015 2181 satis
2079 2117 2256 2181 iusta

311 2225 519 2288 poena
560 2205 627 2268 in
673 2203 1083 2286 transfugam
1125 2203 1576 2281 constituatur,
1622 2202 1730 2284 qni
1767 2224 1898 2267 non
1933 2202 2072 2268 loco
2109 2211 2253 2266 tan-

312 2302 448 2355 tum
470 2298 539 2354 et
565 2287 792 2353 ordine
820 2310 938 2353 suo
973 2290 1256 2367 cesserit,
1296 2289 1408 2354 sed
1446 2289 1772 2354 hostiliter
1806 2290 2006 2353 etiam
2041 2295 2255 2353 castra

314 2377 449 2459 ipsa
492 2375 770 2450 vexarit,
817 2396 1089 2457 quorum
1132 2376 1199 2438 in
1245 2372 1691 2440 defensionem
1733 2373 2109 2438 iuraverat?

477 2463 622 2545 Age
662 2482 816 2526 vero
834 2512 849 2540 ,
905 2460 1073 2524 nihil
1127 2461 1233 2526 hic
1280 2461 1545 2545 gravius
1589 2481 1784 2542 quam
1828 2460 2022 2525 officii
2067 2481 2252 2543 prae-

292 2547 718 2613 'termissione
741 2554 809 2610 te
841 2543 1216 2628 delinquere
1249 2548 1576 2630 fingamus
1613 2547 2017 2630 (quanquam
2059 2546 2254 2629 longe

312 2655 490 2700 secus
526 2655 667 2698 rem
702 2632 944 2697 habere
979 2633 1195 2714 palam
1232 2632 1379 2714 est),
1427 2641 1585 2714 quot
1628 2641 1848 2696 tamen
1884 2631 2097 2696 adhuc
2127 2632 2252 2696 Dei

312 2718 793 2785 maledictiones
814 2717 1105 2800 undique
1140 2724 1204 2781 te
1234 2717 1592 2796 obsideant,
1631 2717 1859 2783 cernis.
1908 2717 2052 2782 Vae
2087 2717 2254 2781 mihi

311 2807 435 2870 nisi
482 2804 942 2887 evangelizem,
988 2803 1242 2869 dicebat
1275 2803 1553 2868 Paulus:
1601 2824 1842 2868 munus
1879 2803 2056 2868 enim
2090 2803 2254 2867 mihi

314 2890 775 2956 demandatum
831 2896 930 2955 est
987 2889 1050 2973 (1
1106 2888 1253 2954 Gor.
1307 2894 1363 2966 9,
1420 2889 1542 2970 17).
1632 2890 1724 2954 Et
1778 2909 1935 2970 qua,
1993 2910 2250 2970 quaese,

314 2978 550 3043 maiore
609 2976 1068 3060 praerogativa
1111 2975 1253 3041 Vae
1317 2975 1495 3041 istud
1566 2975 1682 3041 abs
1737 2981 1802 3039 te
1871 2974 2254 3059 depreceris,

314 3063 479 3147 quod
531 3065 672 3145 ipse
729 3063 849 3127 sibi
897 3063 1225 3146 apostolus
1294 3060 1778 3128 denunciabat?
1867 3062 2253 3126 Debitorem

314 3150 416 3214 1118
460 3173 529 3214 88
569 3147 839 3213 8111111118
876 3149 1124 3232 pariter
1158 3156 1225 3213 et
1262 3147 1535 3212 rudibus
1569 3145 1998 3230 profitebatur
2033 3148 2250 3231 (Rom.

323 3241 371 3314 1,
420 3236 541 3318 14),
603 3235 684 3299 ad
739 3256 899 3316 quos
952 3233 1282 3317 apostolus
1337 3234 1736 3298 mittebatur.
1832 3234 1931 3297 Tu
1984 3255 2098 3299 0111
2137 3232 2253 3296 811-

316 3321 461 3405 quid
508 3322 729 3385 minus
780 3320 913 3385 tuis
960 3320 1224 3398 debeas,
1286 3320 1519 3402 quibus
1575 3321 1911 3401 episcopus
1953 3341 2023 3384 es
2066 3340 2254 3401 prae-

316 3407 558 3473 fectus?
629 3405 749 3472 Ille
783 3406 1140 3488 Ephesinis
1181 3406 1504 3470 mundum
1544 3427 1613 3470 se
1658 3403 1740 3469 ab
1775 3405 2069 3469 omnium
2105 3426 2253 3469 san·

316 3496 506 3577 guine
552 3491 914 3557 testabatur
959 3493 1135 3575 (Act.
1177 3496 1279 3569 20,
1318 3496 1448 3574 26),
1508 3492 1658 3572 quia
1713 3511 2049 3572 nunquam
2103 3489 2254 3554 sub-

317 3579 714 3663 terfugisset,
776 3577 1122 3660 quominus
1177 3599 1437 3642 omnem
1483 3577 1606 3641 Dei
1662 3576 2068 3642 voluntatem
2122 3575 2255 3638 illis

319 3671 666 3730 enarraret.
758 3664 858 3727 Tu
905 3685 1100 3746 qnam
1146 3684 1185 3727 a
1229 3664 1546 3746 sanguine
1604 3661 1998 3726 munditiem
2053 3661 2254 3726 iacta-

318 3752 442 3830 bis,
503 3752 687 3815 cuius
733 3772 812 3814 ex
859 3770 969 3814 ore
1014 3748 1198 3813 nulla
1254 3754 1461 3831 paene
1506 3768 1798 3831 unquam
1844 3745 2097 3831 syllaba
2140 3767 2255 3810 au-

323 3834 449 3901 dita
494 3846 622 3914 est,
684 3841 828 3914 [pag.
871 3841 977 3914 56]
1024 3855 1191 3917 quae
1236 3834 1343 3899 vel
1395 3855 1529 3898 una
1584 3834 1656 3897 in
1710 3854 1781 3898 re
1827 3831 2095 3896 Domini
2142 3854 2254 3898 vo-

320 3922 637 3987 luntatem
680 3921 911 3986 saltem
957 3920 1348 3986 subobscure
1394 3919 1755 3985 indicaret?
1836 3919 2065 4001 Neque
2104 3938 2256 3983 vero

322 4029 392 4073 eo
435 4030 643 4091 usque
694 4029 845 4072 sum
887 4007 1180 4089 iniquus,
1236 4013 1311 4069 ut
1362 4013 1688 4089 pastorem
1743 4004 2003 4069 nullum
2043 4004 2257 4069 feren-

321 4092 475 4159 dum
513 4114 836 4169 censeam,
875 4093 1004 4157 nisi
1036 4095 1146 4175 qui
1184 4091 1753 4174 incomparabilem
1790 4089 1970 4154 illam
2005 4097 2072 4153 et
2104 4110 2259 4154 vere

322 4179 607 4244 divinam
651 4177 847 4243 Pauli
889 4180 1202 4244 virtutem
1246 4179 1495 4261 aequis,
1542 4184 1616 4241 ut
1660 4176 1915 4254 dicitur,
1959 4175 2259 4257 passibus

322 4266 403 4331 sit
424 4275 830 4348 assequutus.
896 4263 1079 4344 Quin
1100 4264 1316 4346 potius
1352 4272 1419 4327 et
1454 4261 1813 4345 permultos
1847 4260 2046 4327 fuisse
2082 4261 2256 4339 olim,

323 4359 384 4415 et
422 4351 634 4416 hodie·
657 4371 797 4415 esse
843 4371 975 4415 non
1009 4371 1248 4432 paucos
1286 4349 1444 4427 dico,
1492 4370 1622 4413 non
1659 4348 2108 4430 episcoporum
2146 4368 2259 4411 no-

321 4438 491 4502 mine
546 4437 788 4514 solum,
845 4433 960 4501 sed
1014 4434 1208 4499 lande
1267 4436 1466 4499 etiam
1522 4433 2080 4517 admirationeque
2124 4454 2260 4497 om-

324 4524 498 4587 nium
558 4522 1007 4605 dignissimos,
1076 4542 1350 4603 quorum
1407 4521 1739 4585 neminem
1791 4531 2012 4585 tamen
2072 4518 2259 4584 video

324 4629 541 4690 parem
587 4607 682 4672 illi
728 4609 1070 4672 exstitisse.
1136 4605 1271 4672 Sed
1305 4607 1428 4671 hoc
1461 4606 1707 4670 honore
1743 4604 2095 4689 dignamur
2133 4627 2259 4683 eos,

326 4696 425 4776 qui
471 4693 596 4758 etsi
640 4693 722 4758 ad
765 4692 1065 4758 ultimam
1107 4692 1290 4756 illam
1330 4692 1795 4775 perfectionem
1838 4712 1972 4756 non
2014 4692 2262 4773 pertin-

329 4788 494 4862 gant,
543 4779 626 4844 ad
672 4800 816 4844 eam
863 4791 1083 4843 tamen
1135 4786 1401 4843 strenue
1447 4777 1852 4844 contendunt
1894 4784 1961 4841 et
2003 4777 2262 4841 enitun-

328 4880 448 4943 tur,
485 4873 560 4930 ut
597 4867 652 4930 si
688 4887 838 4931 cum
871 4864 1080 4930 Paulo
1118 4865 1256 4946 ipso
1291 4871 1766 4946 comparentur,
1804 4863 2087 4946 impares
2121 4882 2263 4927 esse

330 4949 516 5031 dicas,
551 4951 765 5034 magis
798 4972 993 5034 quam
1030 4949 1392 5015 dissimiles.
1455 4950 1556 5013 Tu
1578 4970 1783 5031 quum
1815 4948 2067 5013 nullam
2088 4947 2263 5012 eius-

329 5037 496 5101 modi
542 5036 1036 5103 similitudinem
1077 5056 1232 5119 prae
1269 5041 1334 5099 te
1370 5036 1558 5111 feras,
1604 5034 1847 5099 mirum
1884 5042 1998 5112 est,
2041 5033 2098 5098 si
2121 5033 2264 5097 Vae

461 5312 521 5381 r)
558 5312 860 5379 inficiendo,
896 5307 1237 5365 1550—1611
1276 5306 1531 5374 (Gallus.-
1565 5310 1725 5373 niet).

532 5398 753 5452 Calvini
782 5414 964 5466 opera.
1049 5398 1160 5451 Vol.
1213 5397 1266 5450 V.

1422 382 1547 447 DE
1594 382 2187 449 SAGERDOTIO
2235 384 2585 449 PAPALI
2626 385 3197 452 ABHOIENDO.

4185 398 4309 460 290

2358 569 2523 635 1111111
2575 570 2954 655 impendere
3010 574 3129 639 tibi
3171 595 3304 638 non
3348 577 3576 642 sentis:
3624 579 3791 659 quod
3835 603 3873 643 a
3916 603 3986 645 se
4020 603 4154 647 non
4191 604 4310 648 au-

2360 654 2554 753 debat
2597 669 2862 722 sanctus
2905 658 3034 723 Dei
3079 660 3411 742 apostolus
3471 661 3835 745 deprecari,
3895 667 3952 730 si
4010 667 4304 749 partibus

2361 762 2495 805 suis
2540 741 2866 808 defuisset.
2936 743 3081 808 Iam
3127 767 3279 811 vero
3325 746 3565 830 (qualis
3608 761 3706 814 est
3750 771 4060 832 praesens
4102 754 4305 820 eccle-

2361 827 2496 891 siae
2541 837 2691 892 tuae
2736 836 2961 908 status,
3009 840 3125 894 aut
3168 832 3391 897 verius
3435 834 3656 918 ruina)
3711 837 3840 900 nisi
3898 838 4048 921 plus
4108 861 4306 922 quam

2362 931 2599 977 saxeus
2657 935 2859 992 esses,
2918 935 3145 979 eorum
3183 937 3440 1000 quoque
3495 920 3759 986 fortuna
3802 926 4194 989 commoveri
4240 935 4304 992 te

2359 998 2713 1095 oportebat,
2759 1021 2918 1081 quos
2960 1001 3031 1064 in
3069 1002 3267 1067 fidem
3311 1004 3714 1088 tutelamque
3757 1016 3940 1073 tuam
3975 1009 4303 1076 Dominus

2358 1083 2650 1148 contulit.
2723 1081 2981 1165 Quibus
3025 1088 3202 1151 enim
3230 1089 3276 1172 ¹)
3321 1090 3523 1156 oculis
3560 1093 3801 1157 otiosus
3835 1102 3901 1157 et
3935 1095 4305 1161 oscitabun-

2360 1167 2480 1233 dus
2523 1176 2780 1233 tantam
2823 1191 3047 1235 eorum
3092 1172 3341 1237 cladem
3400 1178 3660 1259 aspicis,
3718 1200 3992 1260 quorum
4034 1182 4156 1246 tibi
4200 1203 4303 1250 sa·

2356 1253 2561 1318 lutem
2610 1253 2771 1319 adeo
2818 1256 3086 1321 sollicite
3130 1256 3453 1324 Dominus
3498 1263 4019 1331 commendavit?
4109 1267 4302 1334 Unus

2357 1340 2413 1404 si
2472 1338 2720 1405 desidia
2778 1353 2894 1406 tua
2948 1342 3243 1424 perierit,
3305 1351 3694 1431 sanguinem
3741 1371 3776 1414 e
3817 1371 4018 1416 manu
4074 1363 4189 1417 tua
4233 1375 4303 1418 se

2356 1427 2838 1508 reposciturum
2868 1427 3196 1492 Dominus
3242 1429 3451 1496 edicit.
3520 1435 3935 1518 Recognosce
3973 1438 4304 1521 paulisper

2358 1531 2634 1589 mecum,
2680 1520 2841 1595 quot
2881 1513 3014 1577 iam
3056 1515 3279 1597 paucis
3320 1515 3425 1582 his
3468 1519 3818 1600 mensibus,
3866 1523 4098 1603 quibus
4130 1526 4300 1607 epis-

2360 1599 2501 1679 copi
2560 1597 2776 1695 locum
2827 1600 3183 1681 occupasti,
3241 1601 3495 1667 animae
3555 1612 3670 1670 tua
3721 1607 3911 1689 culpa
3968 1610 4299 1691 perierint,

2358 1690 2514 1765 quot
2547 1693 2749 1748 etlam
2774 1684 3060 1766 quotidie
3093 1694 3390 1766 pereant:
3437 1689 3493 1753 si
3522 1698 3739 1755 tamen
3771 1701 3969 1775 potes.
4037 1695 4206 1759 Nam
4246 1697 4300 1761 si

2359 1790 2590 1833 verum
2617 1779 2719 1834 est
2741 1767 2911 1851 quod
2939 1791 3056 1852 per
3091 1771 3481 1853 prophetam
3509 1775 3660 1855 (Ies.
3700 1783 3755 1854 5,
3787 1776 3890 1860 14)
3920 1801 4112 1844 suum
4146 1802 4298 1847 con-

2360 1856 2657 1937 queritur
2699 1854 3056 1920 Dominus:
3119 1856 3462 1922 Infernum
3514 1869 3860 1943 propterea
3911 1865 3978 1928 in
4022 1867 4300 1932 immen-

2359 1962 2507 2004 sum
2550 1962 2623 2004 os
2668 1963 2860 2006 suum
2905 1942 3255 2024 aperuisse,
3303 1952 3371 2008 et
3412 1946 3702 2010 animam
3748 1969 3933 2013 suam
3978 1949 4299 2031 dilatasse,

2358 2037 2704 2108 propterea
2746 2028 3077 2109 captivum
3122 2049 3262 2093 esse
3296 2028 3568 2095 ductum
3604 2033 3937 2116 populum,
3982 2038 4133 2119 quia
4165 2059 4300 2103 non

2360 2112 2662 2178 habuerit
2717 2111 3082 2177 scientiam:
3140 2114 3284 2195 quis
3342 2115 3580 2181 inferni
3636 2140 3879 2204 gurges
3936 2121 4019 2185 ad
4074 2121 4301 2206 deglu-

2356 2197 2649 2261 tiendam
2691 2198 2999 2262 miseram
3044 2198 3214 2265 hanc
3250 2208 3315 2265 et
3348 2209 3467 2266 tua
3498 2203 3773 2286 perfidia
3806 2205 4130 2288 perditam
4163 2210 4301 2292 ple-

2353 2282 2655 2349 beculam
2709 2282 3030 2349 sufficiet?
3101 2305 3268 2367 quae
3322 2308 3454 2352 non
3503 2289 3760 2372 vulgari
3805 2293 4061 2357 inscitia
4104 2294 4300 2359 obvo-

2357 2368 2496 2432 luta
2540 2376 2819 2447 tenetur,
2880 2368 2996 2434 sed
3040 2370 3375 2437 altissimis
3416 2376 3703 2439 tenebris
3757 2377 4093 2456 immersa,
4152 2401 4300 2445 ocu-

2355 2453 2454 2518 los
2502 2455 2615 2518 vix
2672 2456 2804 2518 iam
2860 2455 3159 2521 attollere
3212 2466 3439 2540 potest.
3528 2460 3724 2524 Illam
3767 2460 4157 2528 Iudaeorum
4202 2466 4301 2550 ig-

2358 2541 2757 2618 norantiam,
2826 2561 3023 2624 quam
3079 2541 3374 2624 deplorat
3429 2546 3778 2628 propheta,
3846 2570 3996 2612 cum
4060 2551 4304 2616 saeculi

2358 2626 2555 2690 huius
2599 2627 2909 2690 caecitate
2954 2628 3277 2693 conferas:
3324 2629 3473 2695 illos
3509 2653 3667 2696 sane
3703 2653 3858 2715 prae
3894 2634 4027 2698 tuis
4063 2637 4302 2703 eximie

2359 2711 2652 2794 sapuisse
2708 2709 2897 2775 dices.
2989 2711 3175 2777 Adeo
3229 2714 3401 2779 nihil
3459 2716 3602 2782 istis
3667 2727 3966 2800 superest
4028 2719 4302 2786 humani

2359 2818 2607 2874 sensus,
2655 2797 3004 2879 quominus
3048 2797 3241 2881 plane
3286 2801 3764 2885 obstupuerint,
3813 2805 3940 2868 nisi
3984 2804 4156 2888 quod
4200 2808 4302 2870 ni-

2361 2882 2455 2946 hil
2502 2881 2682 2946 aliud
2725 2904 2921 2965 quam
2963 2884 3177 2967 perire
3221 2883 3449 2965 edocti,
3496 2888 3665 2954 mira
3700 2889 4018 2972 pereundi
4053 2890 4301 2973 cupidi-

2360 2975 2491 3032 tate
2534 2969 2888 3033 insaniunt.
2977 2968 3069 3035 Et
3111 2990 3315 3053 quum
3368 2973 3464 3039 ita
3516 2996 3742 3040 omnes
3799 2975 3879 3040 ad
3936 2997 4142 3041 unum
4186 2997 4301 3076 ag-

2357 3054 2664 3123 minatim
2706 3055 2983 3133 attoniti,
3029 3063 3095 3121 et
3139 3056 3318 3123 velut
3365 3061 3561 3124 exitio
3608 3083 3723 3126 suo
3769 3061 4005 3140 devoti,
4049 3083 4189 3127 sese
4229 3085 4302 3126 10

2359 3141 2742 3224 voraginem
2786 3141 2962 3204 ultro
3007 3139 3373 3223 devolvant‚
3392 3144 3449 3229 2)
3493 3146 3744 3212 instant
3786 3157 4008 3212 tamen
4044 3168 4302 3231 semper

2359 3246 2399 3289 a
2443 3236 2627 3310 tergo
2669 3227 2894 3305 furiae,
2937 3248 3104 3309 quae
3145 3230 3332 3294 novis
3376 3231 3649 3297 subinde
3693 3232 3933 3299 aculeis
3967 3234 4300 3317 instigent,

2361 3321 2428 3376 et
2470 3313 2972 3396 praecipitantes
3027 3314 3384 3397 impellant.
3474 3318 3778 3401 Denique
3834 3340 3967 3383 non
4021 3319 4150 3384 alia
4203 3327 4304 3385 est

2359 3398 2585 3476 facies,
2650 3420 2847 3479 quam
2905 3400 2961 3464 si
3014 3400 3247 3466 civitas
3301 3401 3516 3485 aliqua
3571 3413 3636 3468 et
3688 3406 3876 3489 gravi
3929 3405 4305 3487 pestilentia

2361 3492 2685 3567 correpta,
2743 3491 2808 3548 et
2866 3492 3010 3563 [pag.
3053 3494 3155 3564 57]
3219 3486 3542 3555 hostiliter
3594 3498 4001 3574 expugnata,
4062 3490 4303 3574 duplici

2359 3571 2607 3652 pariter
2649 3570 3090 3636 internecione
3136 3571 3504 3640 concideret
3547 3584 3614 3640 et
3671 3598 3799 3641 uno
3846 3576 4038 3641 simul
4080 3578 4304 3642 incen-

2361 3654 2464 3719 dio
2509 3658 2821 3720 universa
2863 3657 3036 3719 confi
3198 3666 3314 3722 ret.
3402 3660 3512 3724 Ad
3555 3662 3895 3727 buccinam
3947 3664 4302 3741 excubitor,

2361 3740 2443 3806 ad
2502 3762 2688 3805 arma
2740 3747 2979 3823 pastor.
3037 3677 3249 3822 Βὃῗὶᾶ
3305 3746 3561 3810 cessas?
3620 3747 3776 3830 quid
3831 3748 4089 3829 torpes?
4150 3747 4305 3829 quid

2362 3826 2647 3891 dormis?
2683 3891 2690 3898 ,
2738 3827 2918 3892 Dum
2986 3828 3281 3892 animum
3337 3834 3628 3896 externis
3682 3841 3749 3897 et
3801 3832 3969 3896 nihil
4022 3831 4104 3896 ad
4164 3852 4304 3896 rem

2360 3912 2842 3997 pertinentibus
2876 3914 3050 3977 curis
3094 3912 3436 3997 abreptum
3473 3917 3601 3984 huc
3650 3939 3785 3981 non
3819 3916 4123 3995 advertis,
4165 3938 4302 3982 om-

2361 4000 2474 4063 nia
2516 4007 2735 4081 strage
2777 3997 3017 4063 referta
3057 4005 3229 4063 sunt.
3306 4003 3432 4066 Tot
3472 4011 3716 4068 mortes
3755 4003 4041 4067 Domino
4086 4001 4300 4083 debes,

2360 4084 2621 4163 infelix,
2693 4084 2887 4148 toties
2947 4084 3275 4150 homicida
3332 4108 3429 4166 es,
3495 4089 3689 4153 toties
3742 4109 3893 4152 reus
3948 4089 4301 4171 sanguinis,

2362 4171 2546 4235 cuius
2591 4177 2813 4253 guttas
2857 4191 3083 4236 omnes
3128 4192 3163 4235 8
3205 4193 3408 4237 manu
3462 4181 3578 4237 tua
3620 4173 3951 4238 Dominus
3996 4176 4299 4257 requiret.

2362 4258 2453 4320 Et
2497 4256 2780 4321 sustines
2824 4256 3037 4322 adhuc
3082 4263 3337 4322 tantum
3380 4258 3627 4323 fulmen
3671 4257 4080 4343 intrepidus?
4152 4260 4306 4325 Non

2363 4342 2719 4407 exhorres?
2767 4363 2898 4406 non
2943 4344 3267 4409 turbaris?
3314 4366 3445 4408 non
3480 4346 3695 4409 animo
3732 4352 3797 4410 et
3831 4366 4095 4428 corpore
4130 4352 4305 4410 totus

2364 4425 2689 4495 concidis?
2751 4426 2811 4493 O
2849 4439 2913 4492 te
2948 4429 3226 4493 nimium
3261 4430 3621 4512 praefracta
3655 4432 4142 4513 contumacique
4165 4452 4306 4497 cer-

2364 4517 2506 4580 vice
2563 4515 2919 4593 hominem,
2976 4516 3030 4578 si
3076 4513 3158 4579 ad
3200 4521 3457 4580 tantum
3499 4516 3771 4580 Domini
3815 4516 4129 4583 iudicium
4172 4537 4307 4582 non

2366 4601 2834 4680 consternaris,
2902 4601 3083 4666 cuius
3148 4602 3434 4682 profecto
3490 4604 3881 4686 gravitatem
3938 4602 4187 4669 coelum
4242 4609 4309 4667 et

2365 4696 2561 4766 terra,
2608 4695 2674 4751 et
2715 4687 2858 4769 ipsa
2900 4693 3085 4751 muta
3129 4686 3450 4752 elementa
3492 4709 3626 4752 000
3665 4690 4081 4754 sustinerent.
4173 4687 4308 4754 Sed

2365 4795 2600 4855 parum
2644 4772 2856 4837 adhuc
2900 4771 3070 4850 dico,
3116 4794 3319 4854 quum
3362 4783 3426 4838 te
3470 4775 3864 4841 homicidam
3908 4773 4160 4857 appello
4178 4825 4193 4854 ,
4243 4782 4310 4838 et

2369 4874 2633 4924 tuorum
2676 4857 3087 4940 proditorem.
3178 4861 3325 4926 Hoc
3377 4861 3554 4924 enim
3598 4862 3807 4926 maius
3852 4860 4026 4923 omni
4072 4861 4309 4944 probro

2365 4946 2693 5028 flagitium
2737 4950 2852 5021 est,
2898 4942 3068 5026 quod
3111 4944 3453 5011 Christum
3494 4948 3726 5029 ipsum,
3770 4952 4085 5028 quantum
4130 4948 4198 5010 in
4242 4957 4309 5012 te

2509 5237 2567 5299 1)
2608 5236 2754 5290 Εᾱά.
2794 5252 2925 5292 rece.
2967 5234 3099 5291 1576
3135 5254 3275 5308 seqq.
3311 5239 3448 5292 male
3482 5238 3749 5290 scribunt:
3788 5238 3929 5290 olim.

4075 5236 4133 5303 2)
4175 5237 4310 5293 1576

2371 5305 2575 5359 -1611
2613 5306 2881 5362 devolant.

3838 5392 3903 5446 19
