5100 6061
674 418 787 479 127

660 602 886 667 multis
944 599 1319 666 custodibus
1366 619 1529 680 opus
1565 599 1719 671 erit,
1770 596 1879 658 ubi
1922 604 1983 656 18
2038 593 2236 657 8811181
2290 591 2373 656 ad
2427 613 2609 655 meas

662 709 889 770 capsas
935 685 1301 751 admisero?
1363 686 1469 767 qui
1514 705 1645 747 non
1689 683 1897 745 solum
1948 701 2028 742 ne
2072 678 2227 759 quid
2276 677 2606 754 enuncies,

663 772 777 840 sed
814 774 1009 837 etiam
1047 793 1131 835 ne
1166 769 1322 853 quid
1356 772 1628 845 auferas,
1668 764 2129 833 custodiendus
2175 763 2304 828 sis?

662 870 730 925 et
777 857 1106 935 custodes,
1155 858 1260 939 (1111
1310 854 1631 919 iudicibus
1693 864 1757 916 et
1811 850 2139 933 quaestori
2192 847 2608 931 apponeban-

662 955 801 1022 tur,
850 966 1051 1028 quum
1095 943 1457 1007 sententiae
1503 940 1845 1003 tabellares
1888 939 1957 1000 in
2014 956 2253 999 urnam
2310 934 2608 999 coniicie-

662 1030 923 1107 bantur,
961 1037 1278 1112 quantum
1317 1047 1579 1109 possum
1622 1025 1923 1107 colligere
1970 1043 2051 1086 ex
2097 1021 2234 1085 loco
2275 1019 2605 1085 Paediani.

664 1116 943 1199 Singuli,
970 1115 1197 1197 inquit,
1226 1113 1470 1177 iudices
1511 1112 1903 1175 sententiam
1940 1107 2019 1172 de
2056 1106 2278 1169 tabula
2314 1127 2610 1187 pronun-

672 1204 936 1267 ciabant
979 1203 1047 1264 in
1093 1199 1442 1263 levioribus
1487 1197 1727 1273 causis,
1776 1206 1842 1258 ct
1886 1194 1965 1258 011
2012 1190 2079 1256 1(1
2122 1192 2341 1273 ipsum
2398 1212 2608 1273 neque

662 1297 837 1366 nota,
878 1282 1381 1368 neque'eustode
1416 1305 1577 1363 opus
1614 1283 1750 1345 fuit.
1813 1282 2172 1344 Possumus
2216 1286 2283 1341 et
2309 1277 2608 1341 custodes

664 1374 994 1456 appellare
1033 1380 1257 1435 autore
1279 1367 1564 1445 Budan,
1603 1389 1761 1449 quos
1800 1366 2039 1430 Graeci
2078 1363 2459 1448 ἅντιγραφεῑς
2495 1385 2609 1427 vo-

664 1468 843 1536 cant,
901 1457 965 1521 id
1018 1466 1144 1531 est,
1200 1454 1752 1538 antigrapharios,
1811 1473 1925 1515 seu
1973 1449 2606 1515 contrarotulatores,

668 1543 856 1625 Quae
892 1544 1110 1608 omnia
1154 1542 1521 1624 significata
1565 1541 1635 1602 in
1681 1539 1854 1602 idem
1898 1534 2212 1601 recidunt.

838 1629 1196 1693 Maximum
1252 1628 1343 1690 ita
1391 1626 1604 1688 haberi
1696 1624 1823 1687 His
1870 1624 2067 1685 etiam
2110 1620 2609 1704 cognominibus

663 1716 1100 1783 adulabantur
1144 1714 1279 1777 suis
1324 1710 1594 1776 Caesari
1641 1732 1716 1774 us
1760 1710 2078 1786 Romani,
2120 1708 2188 1770 in
2234 1705 2610 1787 exemplum

665 1805 764 1868 sui
802 1802 996 1877 Iovis,
1043 1800 1149 1865 cui
1194 1798 1552 1878 antiquitus
1596 1795 1975 1861 indiderant
2008 1793 2168 1858 haec
2204 1791 2606 1875 cognomina.

664 1888 891 1955 Cicero
937 1887 1101 1950 libro
1146 1884 1234 1947 II.
1284 1882 1363 1946 de
1408 1882 1665 1946 Natura
1709 1880 2004 1957 deorum,
2049 1879 2275 1944 Iovem
2319 1898 2359 1940 a
2404 1877 2609 1942 maio-

663 1973 846 2039 ribus
882 1973 1200 2054 optimum
1244 1968 1609 2031 maximum
1653 1966 1898 2033 dictum
1943 1963 2157 2042 tradit,
2203 1964 2356 2046 quia
2399 1964 2609 2026 maius

665 2067 765 2126 est
809 2067 875 2123 et
917 2059 1166 2141 gratius
1210 2054 1529 2136 prodesse
1561 2052 1889 2129 omnibus,
1936 2072 2131 2133 quam
2189 2071 2343 2131 opes
2396 2049 2609 2112 maxi-

663 2167 805 2211 mas
839 2144 1095 2208 habere.
1173 2141 1361 2204 Idem
1397 2140 1467 2203 111
1503 2140 1794 2203 oratione
1832 2159 1948 2219 pro
1988 2136 2203 2201 Domo
2230 2154 2379 2199 sua:
2412 2132 2608 2214 ¹Quo-

665 2235 838 2297 circa
870 2237 954 2307 te,
993 2226 1388 2308 Capitoline,
1428 2247 1619 2307 quem
1664 2234 1930 2306 propter
1971 2222 2284 2286 beneficia
2327 2219 2610 2302 populus

667 2337 978 2381 romanus
1024 2313 1370 2394 optimum,
1419 2322 1685 2392 propter
1728 2311 1862 2373 vim
1908 2308 2269 2377 maximum
2314 2306 2609 2371 nomina-

665 2403 780 2466 vit.
871 2400 1129 2464 Plinius
1172 2399 1242 2462 in
1300 2398 1737 2479 Panegyrico:
1796 2395 1939 2459 lam
1996 2393 2153 2476 quid
2210 2399 2346 2455 tam
2400 2391 2608 2467 civile,

668 2496 804 2552 tam
849 2486 1246 2549 senatorium
1289 2504 1483 2565 quam
1526 2481 1691 2546 illud
1737 2479 2029 2544 additum
2075 2503 2114 2543 a
2151 2478 2335 2542 nobis
2379 2477 2612 2560 optimi

668 2570 1070 2656 cognomen?
1095 2571 1367 2633 iustisne
1404 2567 1483 2632 de
1520 2568 1731 2633 causis
1768 2575 2031 2631 senatus
2068 2564 2472 2647 populusque
2507 2585 2612 2627 ro-

667 2680 903 2722 manus
946 2656 1175 2738 optimi
1222 2656 1338 2719 tibi
1383 2674 1741 2737 cognomen
1801 2650 2079 2716 adiecit?
2169 2651 2490 2715 Paratum
2545 2648 2612 2713 id

671 2741 950 2827 quidem,
990 2751 1054 2806 et
1088 2743 1158 2804 111
1194 2740 1406 2805 medio
1453 2742 1755 2823 positum,
1803 2758 2049 2804 novum
2094 2746 2332 2800 tamen.
2425 2735 2612 2834 Scias

668 2829 997 2895 neminem
1043 2836 1193 2891 ante
1233 2828 1581 2904 meruisse,
1639 2823 1810 2907 quod
1870 2844 2002 2887 non
2049 2831 2190 2887 8181
2232 2830 2613 2905 excogitan-

669 2914 853 2992 dum,
896 2915 952 2979 si
986 2915 1135 2996 quis
1178 2913 1541 2977 meruisset.
1633 2912 1740 2975 An
1785 2911 1987 2974 satius
2029 2909 2154 2974 fuit
2198 2908 2455 2973 felicem
2495 2928 2613 2973 vo-

667 3001 856 3068 care?
904 2997 1075 3084 quod
1116 3021 1246 3063 non
1292 2998 1614 3074 moribus,
1674 2995 1789 3062 sed
1832 2997 2128 3061 fortunae
2185 2992 2412 3059 datum
2470 2992 2610 3058 est?

668 3087 891 3154 Satius
935 3107 1266 3168 magnum,
1314 3087 1417 3149 cui
1463 3085 1611 3165 plus
1657 3082 1959 3160 invidiae,
2006 3103 2203 3164 quam
2245 3080 2612 3162 pulchritu-

668 3173 838 3238 dinis
881 3173 1094 3237 inest?
1187 3171 1309 3234 Ille
1350 3191 1588 3252 parens
1634 3168 1975 3232 hominum
2025 3166 2451 3248 deorumque,
2498 3186 2612 3247 op-

667 3260 814 3324 timi
836 3259 1038 3342 prius,
1065 3255 1296 3322 deinde
1320 3255 1590 3320 maximi
1625 3256 1888 3319 nomine
1911 3253 2163 3319 colitur.
2234 3249 2384 3332 Quo
2425 3272 2613 3333 prae-

669 3346 905 3410 clarior
948 3344 1098 3407 laus
1142 3351 1283 3419 tua,
1326 3362 1518 3424 quem
1560 3362 1691 3404 non
1737 3341 1956 3403 minus
2001 3349 2256 3404 constat
2296 3338 2615 3419 optimum

669 3451 829 3509 esse,
867 3450 1060 3511 quam
1099 3428 1477 3493 maximum.
1550 3425 1905 3490 Suetonius
1942 3425 2009 3488 in
2048 3423 2380 3507 Caligula:
2419 3422 2614 3488 Com-

667 3514 968 3598 pluribus
1012 3511 1504 3597 cognominibus
1548 3511 1918 3593 assumptis.
2007 3510 2183 3574 Nam
2226 3517 2293 3574 et
2335 3510 2504 3591 pius,
2552 3517 2619 3572 et

670 3614 1027 3667 castrorum
1076 3599 1279 3676 filius,
1350 3608 1418 3662 et
1466 3605 1652 3679 pater
1719 3598 2125 3662 exercituum
2143 3647 2157 3670 ,
2210 3611 2276 3660 et
2331 3597 2616 3677 optimus

554 3751 559 3758 ,
670 3687 1000 3752 maximus
1036 3683 1280 3749 Caesar
1324 3682 1689 3749 vocabatur.
1779 3681 1952 3746 Vide
1988 3691 2063 3745 ut
2100 3682 2275 3745 inter
2312 3703 2381 3745 se
2426 3679 2617 3744 dissi-

672 3773 871 3837 deant
925 3770 1344 3852 Tranquillus
1400 3777 1468 3833 et
1520 3769 1785 3833 Plinius
1840 3789 2118 3850 quorum
2173 3766 2340 3831 alter
2406 3769 2618 3849 primo

671 3860 953 3924 Traiano
995 3855 1385 3920 attributum
1433 3855 1660 3936 optimi
1704 3874 2063 3937 cognomen
2105 3854 2404 3930 affirmat,
2453 3853 2620 3917 alter

673 3946 868 4009 etiam
891 3941 1234 4026 Caligulae
1259 3941 1549 4006 delatum
1573 3939 1793 4014 tradit,
1825 3941 1937 4022 qui
1958 3938 2166 4003 multo
2203 3948 2353 4003 ante
2391 3939 2620 4003 Traia-

674 4052 831 4095 num
872 4029 1237 4110 imperavit.

678 4240 825 4315 [pag.
878 4237 1022 4311 120]
1399 4232 1702 4299 CAPUT
1745 4231 1900 4296 xx,

847 4371 1118 4437 Duabus
1138 4371 1212 4435 de
1231 4373 1443 4435 causis
1452 4371 1688 4450 punire
1700 4370 1992 4451 princeps
2013 4369 2179 4441 solet,
2203 4370 2262 4434 si
2284 4374 2394 4432 aut
2411 4389 2476 4433 38
2489 4369 2624 4434 vin-

672 4459 856 4536 dieat,
892 4461 1002 4521 aut
1035 4456 1253 4520 alium.
1348 4454 1548 4520 Prius
1582 4457 1658 4520 de
1691 4457 1838 4535 ipsa
1861 4460 2049 4537 parte
2081 4455 2418 4533 disseram,
2462 4476 2624 4536 quae

675 4545 888 4626 ipsum
923 4543 1227 4623 continyit.
1320 4541 1673 4622 Difficilius
1707 4546 1795 4604 est
1827 4542 1990 4604 enim
2024 4542 2337 4605 moderari
2372 4542 2481 4605 ubi
2520 4542 2624 4606 do-

676 4630 797 4693 lori
838 4629 1084 4693 debetur
1115 4627 1281 4706 ultio,
1325 4648 1514 4707 quam
1549 4628 1655 4690 ubi
1687 4626 1974 4706 evemplo,
2033 4625 2504 4708 Supervacuum
2537 4632 2625 4690 est

674 4715 783 4780 hoc
826 4716 951 4780 loco
985 4714 1328 4792 admonere,
1365 4734 1440 4777 ne
1477 4712 1663 4793 facile
1705 4713 1928 4790 eredat,
1975 4718 2043 4776 ut
2083 4733 2296 4776 verum
2338 4713 2621 4790 emetiat,

676 4806 746 4864 ut
786 4800 1166 4865 innocentiae
1200 4799 1425 4880 faveat,
1468 4803 1537 4861 ut
1579 4803 1885 4880 appareat
1924 4819 2046 4862 non
2089 4799 2302 4862 minus
2342 4817 2474 4862 rem
2516 4799 2622 4880 aqi

675 4887 772 4949 rei
801 4885 1250 4968 periclitantis,
1292 4904 1483 4966 quam
1525 4884 1769 4948 iudicis.
1859 4882 1993 4948 Hoc
2046 4889 2250 4948 autem
2302 4885 2387 4948 ad
2444 4884 2623 4948 iusti-

677 4973 862 5051 tiam,
906 4993 1029 5036 non
1071 4971 1158 5035 ad
1211 4971 1589 5036 clementiam
1631 4971 1923 5049 pertinet.
2017 4970 2204 5034 Nunc
2245 4969 2429 5034 illum
2483 4968 2626 5034 hor-

678 5062 909 5136 tamur,
943 5063 1010 5122 ut
1042 5057 1365 5139 manifeste
1395 5056 1604 5121 laesus
1636 5056 1920 5118 animum
1954 5056 2025 5118 in
2052 5060 2345 5136 potestate
2387 5054 2622 5134 habeat,

678 5148 737 5208 et
767 5162 1032 5224 poenam
1048 5194 1063 5218 ,
1102 5145 1163 5209 si
1203 5149 1306 5208 tuo
1337 5141 1585 5224 poterit,
1625 5140 1828 5204 donet:
1868 5142 1971 5205 sin
2027 5143 2237 5207 minus
2252 5191 2267 5220 ,
2322 5146 2622 5222 temperet,

680 5228 967 5311 lonyeque
999 5230 1084 5294 sit
1115 5231 1185 5292 in
1227 5230 1382 5307 suis,
1427 5247 1617 5308 quam
1656 5226 1727 5289 in
1771 5226 1997 5290 alienis
2039 5227 2414 5292 exorabilior
2456 5228 2623 5292 inim

677 5315 817 5380 riis.
911 5313 1081 5378 Nam
1122 5314 1635 5396 quemadmodum
1676 5332 1797 5376 non
1842 5318 1931 5375 est
1985 5315 2200 5395 mayni
2252 5314 2453 5378 animi
2509 5315 2623 5395 qui

2310 406 2438 470 DE
2482 403 3030 470 CLEMENTIA

4548 406 4668 468 128

2713 593 2789 656 de
2832 592 3036 657 alieno
3070 591 3352 656 caeratis
3387 562 3504 665 est,
3547 592 3659 663 sed
3701 592 3808 656 me
3851 593 3982 673 qui,
4028 594 4191 673 quoa
4233 591 4421 657 alteri
4463 592 4667 669 amat,

2712 676 2838 742 sibi
2879 677 3179 743 detrahit:
3225 678 3316 741 ita
3359 678 3703 742 clementem
3746 679 3963 742 vocabo
4010 699 4130 742 non
4185 679 4256 741 in
4307 678 4510 742 alieno
4567 679 4671 743 do-

2395 763 2612 827 Erant
2713 764 2840 828 lore
2883 764 3149 845 facilem,
3188 764 3296 828 sed
3333 785 3473 828 eum
3507 766 3617 845 qui
3641 785 3846 844 quum
3889 765 4029 828 suis
4073 764 4352 828 stimulis
4397 765 4663 846 exayite-

2713 854 2833 922 tur‚
2869 869 2994 913 non
3015 849 3290 930 prosilit,
3328 851 3438 929 qui
3479 850 3766 931 intelliyit
3806 852 4019 932 mayni
4065 850 4266 913 animi
4311 869 4458 925 8338,
4507 849 4670 912 iniu-

2711 935 2853 999 rias
2896 936 2966 999 in
3007 954 3256 998 summa
3287 936 3568 1014 potentia
3604 936 3778 1014 pati,
3816 956 3922 1000 nee
3965 937 4314 1017 quidquam
4355 954 4500 1012 8338,
4541 935 4669 1017 910-

2714 1022 2948 1084 riosius
2985 1020 3278 1102 principe
3321 1022 3573 1101 impune
3616 1022 3797 1086 laeso.

2884 1106 3162 1170 Partitio
3199 1106 3357 1170 haee
3401 1106 3676 1170 multam
3719 1106 3900 1170 addit
3943 1107 4477 1188 perspicuitatem
4523 1125 4665 1171 ora-

2713 1192 2894 1269 tioni,
2939 1200 3007 1255 et
3047 1191 3360 1255 maiorem
3405 1190 3691 1268 adderet,
3739 1193 3793 1258 si
3841 1193 4041 1257 totius
4086 1193 4302 1273 operis
4340 1213 4665 1257 summam

2712 1276 3269 1359 complecteretur.
3372 1278 3693 1341 Poterant
3745 1280 3920 1343 enim
3975 1277 4094 1343 sub
4149 1277 4309 1345 hacc
4376 1278 4668 1342 membra

2712 1364 3062 1426 convenire
3096 1384 3261 1445 quae
3296 1371 3428 1427 toto
3452 1385 3644 1446 opere
3682 1364 4016 1446 disputata
4041 1373 4213 1427 sunt.
4270 1362 4667 1445 Quanquam

2714 1468 2845 1511 non
2883 1447 3313 1531 improbanda
3347 1456 3447 1512 est
3481 1448 3772 1515 Senecae
3809 1450 4174 1533 dispositio:
4227 1450 4337 1531 qui
4380 1449 4667 1530 primum

2715 1532 2795 1607 de
2837 1555 2909 1596 re
2952 1534 3024 1597 in
3093 1555 3331 1617 genere
3382 1534 3718 1610 disseruit,
3768 1558 3943 1600 1111118
4001 1537 4072 1598 111
4133 1536 4409 1599 formam
4463 1536 4668 1618 parti-

2715 1620 2943 1698 tionis,
3003 1639 3167 1700 quae
3218 1621 3495 1702 sparsim
3543 1620 3716 1684 dieta
3759 1631 3939 1699 sunt,
3997 1620 4240 1704 digerit
4284 1629 4352 1684 et
4396 1620 4660 1704 colligit.

2713 1704 2776 1768 N
2782 1726 2909 1770 unc
2965 1704 3344 1786 compendio
3404 1706 3805 1789 explicemus
3851 1707 4290 1789 partitionem.
4395 1704 4507 1771 Sic
4564 1706 4662 1769 di-

2712 1790 3020 1854 lemmate
3084 1790 3356 1874 colligit:
3414 1791 3519 1855 his
3594 1791 3846 1858 duabus
3898 1793 4111 1858 causis
4172 1793 4476 1873 princeps
4542 1812 4663 1873 pu-

2713 1877 2832 1954 nit,
2893 1884 3010 1940 aut
3057 1885 3132 1940 ut
3180 1878 3488 1941 iniuriam
3538 1898 3725 1941 suam
3770 1879 4149 1957 ulciscatur,
4200 1885 4318 1941 aut
4362 1877 4663 1943 alienam.

2714 1959 3055 2042 Quantum
3078 1959 3160 2025 ad
3183 1964 3470 2043 primum
3495 1965 3863 2028 membrum
3886 1966 4137 2040 attinet,
4175 1963 4298 2028 hoe
4334 1964 4431 2027 illi
4473 1984 4664 2045 prae-

2714 2059 2887 2111 stare
2932 2055 3147 2129 potest
3190 2048 3506 2113 vindicta:
3545 2058 3658 2113 aut
3701 2049 4006 2115 solatium
4050 2050 4145 2113 illi
4172 2050 4382 2114 'affert
4437 2069 4662 2132 aecep-

2712 2142 2817 2197 tae
2852 2133 3146 2209 iniuriae,
3184 2145 3298 2198 aut
3343 2135 3414 2198 in
3450 2134 3775 2217 reliquum
3810 2138 4244 2201 securitatem.
4334 2136 4664 2200 Neutrum

2715 2221 2782 2283 in
2818 2220 3180 2301 principem
3215 2219 3446 2285 cadere
3490 2219 3696 2286 debet.
3789 2222 3940 2285 Non
3983 2222 4187 2305 igitur
4229 2220 4406 2287 licite
4448 2222 4661 2304 punit,

2717 2313 2790 2367 ut
2832 2325 2902 2367 se
2943 2304 3246 2371 vindicet.
3317 2307 3537 2371 Minor
3579 2308 3891 2390 probatur
3934 2307 4038 2372 his
4075 2306 4451 2385 rationibus,
4491 2307 4666 2390 quod

2715 2390 3031 2472 principis
3066 2390 3327 2456 fortuna
3347 2392 3555 2457 maior
3577 2400 3694 2471 est,
3733 2414 3928 2475 quam
3949 2402 4026 2458 ut
4059 2393 4178 2456 tali
4200 2392 4430 2457 solatio
4454 2400 4660 2476 egeat,

2716 2477 2815 2541 vis
2852 2477 3269 2557 manifestior,
3308 2499 3503 2560 quam
3540 2490 3615 2543 ut
3655 2479 3808 2555 iude
3852 2479 4225 2560 opinionem
4248 2478 4371 2544 sibi
4415 2480 4666 2543 virium

2716 2574 3001 2644 quaerat,
3041 2572 3108 2626 et
3143 2563 3480 2628 similibus.
3563 2566 3666 2629 De
3712 2566 3917 2630 altero
3955 2564 4273 2630 membro:
4329 2563 4668 2630 vindican-

2717 2658 2828 2712 tur
2847 2648 3121 2712 aliorum
3143 2651 3443 2725 offensae,
3469 2660 3585 2714 aut
3620 2659 3693 2715 ut
3713 2652 3824 2733 qui
3845 2651 4071 2715 intulit
4108 2650 4417 2714 iniuriam
4451 2671 4664 2732 poena

2725 2731 3130 2812 emendetur,
3160 2743 3274 2799 aut
3308 2742 3385 2799 ut
3408 2736 3521 2800 alii
3545 2736 3842 2820 exemplo
3865 2737 4339 2814 deterreantur,
4370 2745 4485 2801 aut
4515 2735 4670 2802 sub-

2721 2819 2871 2884 latis
2918 2820 3107 2884 malis
3153 2822 3511 2887 securiores
3556 2822 3710 2886 boni
3746 2825 3993 2888 vivant.
4059 2823 4246 2887 Haec
4275 2824 4407 2888 tria
4435 2823 4670 2888 melius

2718 2915 3141 2988 praestantur
3199 2907 3430 2972 leviori
3471 2929 3697 2990 poena,
3745 2930 3941 2992 quam
3986 2909 4300 2993 graviori,
4349 2915 4495 2987 [pag.
4521 2916 4666 2986 1211

2719 2992 2921 3076 igitur
2965 2999 3066 3057 est
3108 3014 3363 3059 summo
3407 2994 3550 3060 iure
3596 2993 4061 3060 decedendum.
4118 2993 4378 3060 Deinde
4412 2994 4673 3079 singula

2720 3100 2837 3161 per
2878 3087 3098 3161 partes
3133 3082 3532 3163 exsequitur.

2893 3164 3255 3245 Difficilius
3291 3171 3379 3231 est
3413 3167 3750 3250 moderati]
3794 3166 3969 3248 Quia
4003 3176 4159 3233 tunc
4193 3169 4500 3251 princeps
4535 3188 4671 3232 non

2721 3273 2789 3315 se
2835 3251 3197 3333 principem
3242 3260 3530 3335 reputat,
3578 3253 3693 3318 sed
3734 3254 3922 3335 quasi
3974 3275 4080 3318 res
4134 3255 4221 3319 sit
4276 3274 4427 3319 cum
4483 3253 4672 3319 hoste

2718 3336 2999 3419 capitali,
3027 3336 3343 3421 quidquid
3365 3347 3578 3421 potest
3601 3341 3974 3423 excogitare
3999 3340 4200 3418 dolor,
4234 3340 4668 3405 machinatur.

2897 3425 3365 3502 Supervacuum
3400 3430 3489 3489 est
3529 3425 3635 3489 hoc
3672 3424 3825 3512 loco]
3875 3424 4270 3510 Παράληψις,
4319 3446 4435 3490 8811
4479 3447 4672 3508 prae-

2718 3510 2964 3585 teriti0,
3011 3509 3124 3574 ubi
3167 3512 3357 3592 quasi
3397 3512 3996 3592 praetermittentes
4040 3512 4387 3594 quaedam,
4433 3511 4672 3576 nihilo-

2718 3598 2939 3658 minus
2960 3594 3254 3674 dicimus,
3293 3608 3368 3660 ut
3398 3596 3504 3661 hic
3527 3619 3597 3661 se
3618 3598 3890 3664 reticere
3913 3598 4104 3681 fingit
4121 3598 4335 3663 officia
4361 3598 4670 3675 iustitiae,

2721 3679 2895 3764 quod
2931 3681 3013 3746 ad
3048 3702 3188 3746 rem
3224 3692 3634 3763 praesentem
3670 3704 3803 3747 non
3837 3684 4105 3748 faciant:
4144 3683 4261 3748 sed
4295 3693 4520 3748 tamen
4562 3683 4669 3746 in-

2721 3767 2915 3831 terim
2958 3767 3239 3833 iudicem
3281 3768 3607 3845 admonet,
3652 3779 3728 3833 ut
3767 3789 3996 3833 eorum
4040 3770 4360 3834 rationem
4411 3769 4669 3833 habeat.

2899 3852 2997 3917 Ne
3037 3853 3224 3935 facile
3257 3852 3495 3940 credat]
3536 3852 3729 3935 Quod
3773 3856 3906 3920 fere
3941 3855 4034 3919 ita
4069 3863 4514 3938 comparatum
4549 3864 4669 3932 est,

2723 3947 2800 4002 ut
2841 3958 3032 4004 aures
3066 3961 3232 4022 quae
3277 3947 3430 4010 sunt
3473 3939 3870 4006 delatoribus
3914 3941 4193 4022 patulae,
4240 3941 4499 4007 clausae
4535 3940 4675 4005 sint

2723 4025 3008 4090 veritati.
3078 4025 3216 4090 Cur
3238 4036 3463 4090 autem
3484 4026 3787 4109 princeps
3810 4027 4171 4092 accusatori
4207 4027 4446 4106 credat,
4483 4027 4674 4093 cuius

2726 4130 2861 4174 non
2904 4111 3320 4190 conscientia,
3357 4112 3905 4194 quemadmodum
3942 4114 4035 4176 ait
4076 4112 4328 4190 Celsus,
4374 4111 4490 4177 sed
4532 4113 4672 4177 vie-

2724 4196 2895 4261 toria
2938 4207 3040 4261 est
3079 4197 3487 4279 praemium?
3576 4198 3924 4264 Praeclare
3972 4220 4127 4282 ergo
4183 4199 4512 4276 Iulianus,
4559 4199 4675 4280 qui

2726 4281 3043 4365 Cephidio
3078 4284 3438 4349 accusatori
3472 4281 3733 4362 dicenti,
3769 4285 3833 4349 N
3835 4306 3916 4348 on
3963 4285 4203 4366 poterit
4245 4292 4483 4349 nocens
4524 4284 4673 4366 quis

2727 4388 2868 4433 esse
2903 4389 3195 4451 usquam,
3233 4371 3289 4434 si
3327 4390 3570 4452 negare
3604 4371 3949 4449 suffecerit,
3987 4370 4355 4456 respondit:
4393 4370 4485 4435 Et
4527 4370 4678 4452 quis

2724 4453 3040 4519 innocens
3084 4476 3226 4520 esse
3275 4457 3544 4538 poterit,
3600 4456 3658 4520 si
3712 4477 4051 4522 accusasse
4108 4455 4427 4522 sufficiet?
4486 4462 4679 4520 autor

2729 4540 3124 4604 Ammianus
3146 4541 3576 4606 Marcellinus
3598 4542 3704 4606 lib.
3730 4542 3993 4606 XVIII.
4033 4542 4125 4606 Et
4147 4543 4395 4607 Mimus
4417 4538 4674 4606 Publii:

2965 4625 3243 4681 Difficilem
3279 4635 3498 4695 oportet
3531 4643 3713 4681 aurem
3748 4628 3950 4682 habere
3986 4627 4056 4680 ad
4094 4628 4331 4682 erimina.

2913 4711 2990 4777 Ut
3032 4733 3246 4777 verum
3288 4711 3585 4800 excutiat]
3643 4714 3828 4778 Nihil
3864 4714 4252 4779 coniecturis
4298 4721 4413 4777 aut
4460 4713 4676 4794 suspi-

2728 4797 3024 4863 cionibus
3061 4797 3322 4877 tribuat,
3370 4819 3504 4862 non
3546 4800 3949 4884 litigant-ium
3995 4799 4211 4865 verbis
4256 4798 4454 4864 fidem
4493 4819 4677 4862 arro-

2728 4893 2868 4968 get,
2919 4883 3034 4949 sed
3089 4884 3450 4949 manifestis
3500 4886 3991 4968 probationibus
4050 4887 4399 4950 veritatem
4439 4883 4677 4950 eliciat.

2727 4969 2922 5034 Hanc
2993 4971 3388 5036 sententiam
3449 4972 3732 5056 eleganti
3789 4971 4079 5037 carmine
4135 4971 4512 5055 complexus
4574 4979 4683 5035 est

2728 5054 3126 5138 Phocylides
3171 5065 3361 5138 poeta
3405 5077 3704 5140 graecus:

2897 5139 3050 5203 Μηδὲ
3087 5139 3245 5216 δίκην
3279 5138 3498 5210 δικάσῃς
3533 5144 3663 5212 πρὶν
3698 5137 3912 5213 ἀμφοῖν
3944 5145 4134 5210 μῦθον
4170 5135 4416 5210 (ἰκοόσῃς.

2900 5226 3293 5293 Innocentiae
3332 5228 3569 5317 faveat]
3635 5228 3914 5312 Semper
3957 5229 4370 5295 innocentem
4417 5228 4681 5309 habeat,

2730 5333 2924 5395 quem
2957 5317 3300 5381 manifeste
3325 5329 3666 5382 nocentem
3701 5338 3830 5380 non
3855 5315 4374 5398 deprehenderit,
4413 5336 4683 5399 promp-
