5100 6061
711 431 797 495 23
918 479 928 492 .
2336 422 2484 496 ,DE
2529 420 3076 488 CLEMENTIA
4642 423 4725 486 24

714 619 823 683 nis
860 618 931 681 in
975 618 1269 682 oratione
1311 637 1430 699 pro
1474 615 1724 682 Coelio:
1784 616 1930 680 Nisi
1972 614 2136 679 mihi
2182 611 2669 677 intercederent

603 757 622 773 .
715 703 1095 854 inilmicitiae
1130 724 1288 769 -cum
1337 702 1528 768 istius
1579 703 1873 767 mulieris
1915 702 2088 779 viro,
2134 700 2409 765 fratrem
2454 696 2668 763 dicere

717 813 800 855 vo
826 812 912 854 m.

1014 788 1410 872 Quanquam
1467 788 1629 854 haec
1686 787 2000 871 peculiari
2055 786 2320 851 nomine
2368 788 2515 863 [pag.
2561 788 2665 862 11]

720 872 1066 959 σαρκασμός
1111 874 1348 939 dicitur
1388 898 1428 940 a
1471 874 1641 939 Iulio
1685 875 2059 938 RufinianO.

896 962 1092 1027 Nemo
1144 982 1266 1025 non
1308 962 1412 1025 cui
1468 961 1603 1024 alia
1644 958 1873 1058 desint]
1935 957 2158 1040 Quum
2218 957 2383 1022 alter
2437 956 2668 1039 plecti-

722 1058 859 1125 tur,
910 1048 1076 1112 alter
1123 1067 1372 1129 poenae
1416 1046 1753 1124 eximitur,
1802 1046 1980 1110 dicas
2024 1065 2157 1108 non
2201 1053 2336 1109 tam
2384 1043 2669 1109 clemen-

720 1135 882 1200 tiam
929 1154 1089 1210 esse‚
1135 1154 1331 1215 quam
1375 1131 1609 1197 iudicis
1654 1130 1895 1197 sordes.
1981 1128 2095 1195 Sic
2129 1130 2372 1195 nostris
2416 1135 2672 1211 tempo-

720 1220 903 1285 ribus
947 1219 1261 1284 iudicium
1305 1218 1469 1282 nihil
1515 1224 1614 1281 est
1655 1218 1783 1283 nisi
1823 1214 2082 1300 publica
2124 1236 2400 1281 merces:
2451 1216 2669 1296 Atque

721 1307 940 1389 Eques
996 1305 1065 1369 in
1121 1325 1315 1369 causa
1366 1305 1477 1387 qui
1533 1303 1767 1380 sedet,
1801 1310 2020 1384 empta
2076 1302 2325 1383 probat.
2415 1300 2669 1364 Verum
2721 1366 2724 1379 ,

2946 609 3232 675 Alterius
3267 616 3465 677 aetate
3493 612 3715 695 prima
3748 616 3947 679 moues
3978 632 4135 690 sum,
4181 611 4447 677 alterius
4467 610 4720 699 ultima]

2772 695 3277 763 Adulescentiae
3312 718 3447 763 non
3484 697 3696 763 solum
3733 702 3880 777 [pag.
3921 713 3946 761 1
3961 704 4024 777 2]
4064 718 4197 762 non
4231 697 4582 776 invidetur,
4618 698 4722 762 in-

2774 782 2916 865 quit
2960 781 3189 848 Cicero
3235 782 3421 850 offic.
3462 784 3574 863 Π.,
3614 805 3843 849 verum
3889 786 4088 848 etiam
4131 784 4407 848 favetur.
4488 784 4582 848 Et
4616 803 4716 850 se-

2775 868 3018 934 nectuti
3065 871 3426 952 antiquitus
3467 870 3735 953 plurimi
3781 870 4062 935 honores
4108 869 4314 935 habiti
4358 877 4542 948 sunt,
4589 877 4725 935 tam

2773 952 3052 1036 publicis
3094 957 3416 1034 moribus,
3477 977 3674 1038 quam
3717 957 3995 1039 privatis
4038 955 4283 1022 officiis.
4372 957 4521 1021 Iam
4563 955 4726 1021 illud

2775 1041 3163 1106 observatur
3219 1043 3289 1106 in
3345 1043 3708 1119 autoribus,
3777 1050 3854 1107 ut
3907 1062 4024 1125 per
4081 1043 4362 1125 primam
4418 1048 4719 1120 aetatem,

2772 1127 3119 1209 pueritiam
3159 1127 3559 1212 intelligant:
3598 1149 3718 1211 per
3751 1128 4071 1206 ultimam,
4098 1135 4519 1194 senectutem.
4588 1127 4720 1194 Sed

2773 1212 3071 1295 singulae
3117 1221 3364 1280 aetates
3407 1215 3728 1278 trifariam
3774 1214 4178 1293 dividuntur,
4225 1222 4301 1278 ut
4345 1214 4530 1281 docet
4565 1213 4721 1280 Ser-

2773 1299 2920 1363 vius
2962 1300 3032 1363 in
3067 1301 3297 1382 quinto
3337 1301 3806 1366 commentario
3843 1300 4198 1366 Aeneidos:
4248 1309 4322 1365 ut
4365 1302 4452 1366 sit
4492 1302 4724 1383 prima,

721 1393 834 1456 ubi
879 1392 1075 1456 iudex
1120 1392 1257 1473 agit
1299 1411 1381 1454 ex
1427 1411 1629 1472 aequo
1674 1410 1823 1453 cum
1881 1387 2186 1452 omnibus
2230 1380 2667 1470 indulgenter,
2719 1406 2726 1499 ¹
2773 1384 3021 1462 viridis,
3070 1385 3325 1465 adulta,
3373 1397 3438 1450 et
3480 1407 3808 1469 praeceps.
3899 1385 4057 1450 Ideo
4102 1388 4382 1469 primam
4429 1395 4725 1453 senectu-

721 1499 950 1543 verum
994 1478 1321 1559 specimen
1375 1474 1646 1559 praebet
1690 1495 1843 1538 suae
1887 1473 2433 1537 mansuetudinis.
2522 1472 2670 1537 Hoc

723 1585 878 1647 ergo
922 1564 1104 1646 quasi
1146 1584 1264 1646 per
1307 1562 1570 1626 modum
1596 1560 2037 1642 occupationis
2060 1559 2504 1641 accipiendum
2552 1567 2668 1637 est,

722 1648 896 1731 quod
950 1648 1107 1715 dicit
1162 1657 1299 1712 tam
1357 1648 1677 1712 senectuti
1732 1666 1928 1729 quam
1972 1645 2485 1722 adulescentiae,
2534 1652 2671 1708 tam

719 1735 1076 1799 humilitati
1122 1755 1319 1817 quam
1361 1732 1687 1797 nobilitati
1730 1732 1933 1797 fuisse
1978 1730 2149 1815 apud
2194 1753 2264 1796 se
2300 1731 2531 1797 veniae
2574 1730 2670 1794 lo-

548 1828 559 1837 '
667 1828 678 1849 ‘
721 1844 885 1887 cum.
979 1819 1488 1902 Occupationem
1546 1826 1766 1882 autem
1807 1818 2135 1901 intellige,
2201 1825 2277 1882 ut
2321 1816 2495 1899 apud
2538 1816 2671 1880 Fa-

717 1907 902 1971 bium
946 1906 1054 1971 lib.
1103 1906 1222 1970 IV.
1282 1904 1591 1987 quoniam
1638 1904 1936 1969 Ciceroni
1995 1903 2172 1968 aliud
2229 1904 2559 1987 significat
2600 1903 2671 1966 in

717 1993 1106 2058 Rhetoricis.
1199 1989 1449 2055 Sensus
1494 1991 1650 2054 erit:
1699 1990 1834 2054 Alii
1875 1989 2139 2072 quidem
2175 1990 2459 2054 afferunt
2493 2009 2670 2054 com-

717 2077 1204 2150 mendationem
1249 2076 1531 2140 familiae
1576 2085 1641 2140 et
1680 2075 2063 2141 nobilitatis:
2106 2076 2215 2140 alii
2251 2077 2497 2140 virtute
2531 2074 2670 2139 bel-

717 2165 843 2230 lica
886 2163 1165 2245 rapinas,
1213 2162 1570 2245 peculatuS,
1618 2162 1940 2227 adulteria
1985 2161 2434 2245 deprecantur.
2502 2160 2669 2241 Qui-

720 2248 998 2323 busdam
1073 2270 1187 2330 pro
1253 2246 1812 2317 commendatione
1878 2254 1979 2312 est
2042 2246 2488 2312 adulescentia
2553 2268 2668 2312 seu

723 2336 842 2399 flos
902 2334 1151 2399 aetatis.
1254 2335 1398 2418 Ego
1442 2354 1597 2398 vero
1653 2354 1881 2399 causas
1934 2334 2100 2397 mihi
2146 2355 2289 2399 sum
2335 2354 2669 2398 commen-

724 2429 862 2498 tus,
920 2419 1155 2502 quibus
1198 2441 1454 2501 possem
1502 2420 1803 2485 omnibus
1862 2440 2256 2485 succurrere.
2347 2419 2670 2485 Nobilitas

723 2508 867 2589 ipsa
919 2526 1035 2588 per
1091 2528 1159 2570 se
1215 2514 1355 2569 erat
1410 2505 1827 2583 venerabilis,
1897 2505 2013 2570 sed
2067 2505 2278 2589 plebis
2329 2506 2669 2571 humilitas

724 2592 1230 2657 misericordiam
1276 2593 1656 2656 concita-bat.
1738 2592 2038 2657 Diversis
2080 2592 2446 2683 rationibus
2490 2592 2669 2656 favo-

726 2700 864 2743 rem
924 2676 1361 2742 merebantur.
1453 2678 1797 2742 Iuventuti
1852 2678 2142 2744 favorem
2190 2677 2509 2752 debitum,
2568 2700 2669 2743 se-

726 2764 972 2829 nectuti
1013 2764 1442 2829 reverentiam
1492 2764 1807 2845 praestiti.
1873 2765 2217 2829 Postremo
2262 2764 2441 2829 omni
2481 2783 2671 2846 prae-

727 2849 890 2914 sidio
948 2849 1323 2928 destitutos,
1381 2849 1676 2915 homines
1720 2850 1954 2915 saltem
2006 2871 2147 2915 esse
2190 2851 2490 2927 memini,
2552 2870 2671 2913 no-

725 2937 924 2999 minis
967 2936 1352 3018 cognatione
1387 2935 1467 3000 ad
1505 2957 1608 3000 me
1642 2937 2074 3019 pertinentes:
2120 2936 2671 3017 quemadmodum

727 3023 819 3087 ait
868 3022 1302 3106 Augustinus:
1362 3022 1845 3106 Persequamur
1895 3023 1966 3087 in
2011 3023 2105 3087 eis
2160 3022 2489 3106 propriam
2546 3022 2673 3087 ini-

725 3109 1071 3191 quitatem,
1130 3110 1559 3173 misereamur
1612 3130 2025 3174 communem
2075 3115 2396 3173 naturam.
2487 3108 2669 3172 Nihil
2723 3133 2727 3170 :

725 3217 881 3279 ergo
925 3196 1194 3277 privatis
1239 3195 1472 3260 studiis
1517 3215 1911 3270 concessum,
1958 3194 2123 3258 nihil
2169 3194 2486 3260 sordibus.

903 3281 1008 3344 Sic
1050 3302 1145 3344 me
1189 3281 1489 3358 custodie,
1536 3286 1835 3362 tanquam
1879 3279 2142 3367 leyibus]
2190 3281 2373 3345 Bene
2417 3280 2670 3359 adiecit,

723 3377 1065 3447 tanquam:
1113 3368 1263 3448 quia
1306 3368 1609 3449 princeps
1654 3366 1917 3449 quidem
1953 3366 2208 3450 legibus
2255 3367 2509 3431 solutus
2544 3374 2670 3432 est:

727 3451 841 3517 sed
886 3451 1085 3535 digna
1128 3472 1257 3516 vox
1303 3463 1403 3516 est
1443 3453 1782 3517 maiestate
1826 3454 2182 3536 regnantis,
2229 3452 2480 3535 legibus
2529 3453 2671 3516 alli-

723 3545 953 3622 gatum
998 3559 1085 3615 se,
1132 3539 1492 3620 principem
1527 3538 1733 3602 fateri.
1823 3539 1915 3601 Et
1969 3560 2040 3602 re
2082 3560 2239 3603 vera
2292 3541 2504 3603 maius
2546 3541 2670 3602 im-

724 3623 905 3705 perio
955 3633 1053 3687 est
1097 3623 1478 3688 submittere
1516 3624 1768 3708 legibus
1811 3624 2274 3706 principatum:
2336 3634 2411 3689 ut
2453 3637 2556 3690 est
2598 3626 2670 3688 in

724 3710 1039 3791 rescripto
1085 3709 1304 3773 Valer.
1361 3717 1426 3773 et
1470 3710 1783 3775 Theodos.
1834 3709 1905 3775 C.
1961 3708 2040 3774 de
2094 3710 2283 3794 legib.
2333 3719 2400 3775 et
2452 3712 2523 3775 in
2568 3732 2670 3775 re-

725 3796 969 3878 scripto
1035 3793 1266 3860 Severi
1332 3804 1394 3860 et
1455 3796 1770 3860 Antonini
1828 3795 2095 3880 legitur:
2171 3798 2359 3860 Licet
2415 3797 2671 3879 legibus

727 3881 972 3945 subditi
1016 3902 1148 3944 non
1191 3882 1413 3957 simus,
1462 3882 1713 3964 legibus
1756 3893 1978 3946 tamen
2020 3883 2320 3947 vivimus.
2414 3883 2671 3947 Plinius

723 3969 794 4031 in
850 3967 1289 4050 Panegyrico:
1349 3966 1713 4034 Adsuescat
1777 3968 2130 4051 imperator
2184 3990 2334 4033 cum
2396 3969 2672 4051 imperio

727 4053 1044 4118 calculum
1090 4074 1356 4135 ponere;
1403 4053 1497 4118 sic
1539 4062 1749 4130 exeat,
1796 4054 1888 4119 sic
1933 4053 2171 4130 redeat,
2218 4065 2530 4136 tanquam
2567 4076 2673 4118 ra-

677 4207 690 4222 ,
727 4141 970 4204 tionem
1014 4137 1407 4218 redditurus,
1455 4139 1665 4204 edicat
1709 4138 1864 4221 quid
1905 4140 2345 4224 absumpserit
2354 4163 2370 4218 3
2414 4143 2507 4205 ita
2540 4142 2671 4217 fiet,

727 4233 802 4289 ut
844 4244 974 4289 non
1022 4226 1323 4290 absumat
1365 4225 1535 4306 quod
1580 4223 1825 4308 pudeat
1859 4226 2088 4291 dicere.
2178 4226 2380 4290 Item:
2429 4228 2529 4291 Tu
2573 4227 2676 4289 ni·

728 4309 825 4374 hil
886 4310 1164 4393 amplius
1220 4312 1320 4376 vis
1378 4312 1495 4375 tibi
1551 4311 1771 4389 licere,
1827 4332 2023 4393 quam
2078 4313 2281 4377 nobis.
2380 4312 2528 4376 Non
2576 4319 2677 4376 est

726 4398 1030 4479 princeps
1098 4417 1298 4479 supra
1348 4397 1559 4480 leges,
1629 4394 1744 4461 sed
1801 4397 1977 4482 leges
2033 4419 2232 4481 supra
2287 4399 2673 4482 principem.

729 4482 844 4548 Sic
887 4481 1086 4546 etiam
1129 4482 1475 4565 Augustus
1512 4482 2015 4554 ratiocinarium.
2046 4484 2301 4567 imperii
2338 4485 2407 4547 in
2443 4492 2678 4550 senatu

726 4567 1077 4652 proposuit.
1144 4567 1357 4632 Autor
1396 4569 1834 4650 Tranquillus.
1903 4569 2250 4634 Rationem
2296 4569 2539 4652 accipe,
2560 4589 2677 4654 pro

730 4662 1050 4735 computo,
1096 4663 1172 4717 ut
1214 4653 1453 4737 vulgus
1493 4653 1793 4737 loquitur.

908 4741 1078 4820 Quas
1133 4759 1211 4802 ex
1269 4740 1473 4804 abdito
1523 4742 1594 4804 in
1638 4742 1831 4806 lucem
1880 4739 2267 4827 revocamus]
2325 4741 2571 4806 Tiberii
2611 4749 2677 4806 et

731 4825 1072 4910 Caligulae
1128 4833 1423 4907 tempora
1483 4828 1722 4910 tangit,
1792 4828 1913 4893 sub
1971 4828 2207 4910 quibus
2263 4827 2410 4894 iura
2463 4836 2529 4892 et
2582 4827 2674 4893 le-

730 4932 845 4994 ges
891 4910 1298 4976 exsulabant.
1390 4911 1562 4976 Nam
1607 4912 1908 4978 Tiberius
1950 4920 2100 4997 post
2143 4912 2519 4977 simulatam
2555 4913 2674 4977 ali-

731 4997 1039 5078 quamdiu
1106 4996 1494 5079 probitatem
1518 5049 1532 5076 ,
1614 5000 1681 5060 in
1740 5020 1931 5062 omne
1998 4999 2403 5064 crudelitatis
2464 5021 2675 5083 genus

732 5083 970 5163 erupit:
1032 5082 1336 5166 Caligula
1392 5105 1648 5166 semper
1704 5085 1802 5148 sui
1851 5085 2112 5163 similis,
2166 5105 2507 5168 nunquam
2550 5086 2675 5150 im-

728 5168 1119 5251 probitatem
1159 5167 1607 5254 dissimulavit.
1669 5169 1730 5233 N
1736 5191 1808 5234 ec
1850 5171 2200 5254 imperium
2235 5169 2499 5236 Claudii
2533 5191 2675 5237 cor-

728 5267 958 5335 ruptos
1023 5274 1235 5320 mores
1301 5249 1384 5320 ad
1447 5256 1786 5320 meliorem
1842 5256 2275 5339 disciplinam'
2323 5258 2672 5326 revocavit.

726 5339 997 5406 Primus
1040 5340 1240 5424 igitur
1283 5342 1459 5406 Nero
1505 5342 1700 5406 rebus
1744 5342 1945 5424 lapsis
1989 5364 2177 5426 opem
2222 5343 2389 5409 tulit.

2777 1478 2910 1534 tem
2969 1480 3035 1535 et
3090 1478 3458 1536 extremam
3503 1474 3849 1555 pueritiam
3908 1493 4101 1555 saepe
4145 1473 4441 1556 legimus.
4534 1472 4728 1538 Salu-

2777 1556 2969 1621 stius:
2996 1557 3416 1647 Mithridates
3441 1568 3739 1622 extrema
3763 1559 4049 1641 pueritia
4071 1580 4351 1642 regnum
4372 1559 4725 1643 ingressus,

2775 1651 2988 1707 matre
3033 1665 3151 1708 sua
3196 1665 3448 1708 veneno
3492 1644 3854 1709 interfecta.
3913 1645 4247 1709 Iuvenalis
4283 1644 4530 1729 Satyra
4564 1644 4724 1709 HL:

2980 1745 3121 1799 Dum
3155 1763 3298 1801 nova
3336 1747 3750 1825 canitieshdmn,
3773 1748 3945 1815 prima
3982 1753 4038 1800 et
4071 1754 4525 1803 reetasenectus.

2946 1830 3174 1896 Alium
3230 1832 3526 1916 diynitati
3588 1834 3845 1913 donavi,
3912 1834 4114 1899 alium
4172 1832 4544 1919 humilitate]

2775 1916 2958 1981 alibi:
3006 1917 3259 1982 Filium
3301 1918 3533 1983 matris
3576 1919 3882 2004 lacrymis
3929 1920 4208 1984 donabit.

4612 1833 4724 1900 Sic

4300 1920 4447 1985 Hac
4491 1920 4723 2004 loquu-

2773 2005 2949 2068 tione
2994 2004 3271 2082 utimur,
3327 2012 3527 2087 quum
3573 2004 3953 2088 indulgetur
3994 2007 4190 2070 venia
4233 2008 4567 2071 confitenti
4611 2007 4722 2072 de-

2772 2089 3019 2154 lictum.
3110 2091 3347 2156 Livius
3389 2090 3534 2155 libr.
3583 2091 3704 2156 11.:
3763 2092 3985 2157 Unum
4039 2091 4161 2157 sibi
4217 2093 4454 2171 civem,
4514 2115 4719 2157 unum

2772 2182 3141 2241 senatorem
3180 2178 3232 2241 si
3277 2177 3696 2242 innocentem
3741 2177 4078 2243 absolvere
4120 2177 4400 2257 nollent,
4444 2199 4562 2263 pro
4604 2201 4719 2243 no-

2772 2269 2959 2328 cente
3014 2262 3262 2327 darent.
3351 2263 3538 2328 Idem
3594 2264 3702 2327 lib.
3748 2263 3903 2328 III.:
3960 2264 4146 2329 Inter
4200 2264 4320 2329 hos
4373 2265 4452 2328 L.
4511 2264 4719 2345 Quin-

2773 2349 2933 2425 tius,
2996 2350 3101 2415 cui
3157 2348 3548 2415 Cincinnato
3607 2368 3969 2433 cognomen
4020 2359 4191 2430 erat,
4248 2371 4382 2414 non
4425 2351 4717 2416 iterando

2772 2433 3028 2512 laudes,
3089 2456 3168 2499 ne
3224 2435 3589 2501 cumularet
3645 2435 3994 2514 invidiam,
4052 2437 4166 2501 sed
4211 2438 4473 2502 veniam
4518 2439 4721 2501 errori

2774 2526 2972 2603 atquo
3043 2514 3524 2586 adulescentiae
3598 2520 3880 2603 petendo
3947 2522 4099 2602 sibi,
4167 2523 4277 2605 qui
4342 2544 4472 2586 non
4528 2522 4717 2603 dict0,

2773 2627 2906 2670 non
2981 2606 3148 2671 facto
3224 2628 3592 2690 quenquam
3657 2606 4068 2687 offendisset,
4151 2618 4225 2672 ut
4278 2607 4724 2674 condonarent

2774 2691 3014 2768 filium,
3072 2694 3315 2757 orabat.
3404 2693 3592 2757 Idem
3637 2694 3745 2758 lib.
3793 2693 4015 2758 VIII:
4062 2695 4249 2759 Bene
4293 2695 4519 2774 habet,
4565 2695 4723 2762 vicit

2776 2777 3116 2860 disciplina
3158 2778 3493 2859 militariS,
3519 2780 3709 2847 .vicit
3752 2780 4009 2861 imperii
4055 2782 4385 2858 maiestaS,
4442 2802 4606 2864 quae
4649 2782 4722 2846 in

2778 2862 3148 2929 discrimine
3206 2866 3475 2929 fuerunt
3531 2886 3614 2930 an
3673 2866 3808 2930 ulla
3860 2873 4005 2947 post
4050 2868 4221 2932 hanc
4267 2866 4440 2930 diem
4485 2876 4716 2931 essent.

2775 2949 2925 3014 Non
2969 2969 3178 3015 noxae
3224 2952 3537 3015 eximitur
3580 2950 3658 3032 Q.
3704 2951 3969 3030 Fabius,
4013 2954 4124 3036 qui
4168 2960 4394 3017 contra
4438 2952 4722 3018 edictum

2776 3037 3186 3119 imperatoris
3232 3039 3580 3122 pugnavit:
3631 3039 3743 3103 sed
3791 3061 4002 3104 noxae
4027 3039 4392 3120 damnatuS,
4441 3041 4718 3106 donatur

2776 3122 3010 3206 populo
3068 3144 3363 3209 romane,
3432 3124 3714 3189 donatur
3766 3124 4147 3191 tribunitiae
4215 3127 4516 3209 potestati
4573 3148 4720 3209 pre-

2777 3211 3043 3288 carium,
3090 3231 3223 3274 non
3270 3211 3516 3274 iustum
3560 3211 3906 3292 imperium
3951 3212 4200 3275 fcrenti.

2950 3295 3154 3360 Hodie
3187 3296 3317 3360 diis
3348 3294 3829 3382 immortalibus]
3868 3296 3963 3363 Ut
4082 3298 4275 3380 pulus
4312 3320 4379 3363 se
4417 3299 4499 3364 ad
4545 3300 4726 3382 prin-

2777 3381 2938 3464 cipis
3015 3382 3419 3446 voluntatem
3494 3390 3927 3465 attemperare
4039 3385 4210 3462 ebet,
4291 3387 4383 3448 ita
4444 3385 4727 3468 principi

2722 3466 3279 3558 ''providendum,
3348 3478 3423 3532 ut
3478 3468 3702 3533 Iovem
3760 3468 4037 3551 deosque
4100 3471 4415 3553 propitios
4470 3470 4726 3536 habeat.

2775 3553 2949 3617 Nam
2994 3553 3117 3619 hoc
3162 3554 3494 3637 eleganter
3538 3553 3621 3618 ab
3659 3555 3935 3620 Horatio
3982 3554 4224 3620 dictum
4270 3564 4392 3622 est:
4441 3633 4446 3638 ⁴

3086 3655 3684 3738 Regumyimendorum
3719 3658 3770 3737 in
3807 3659 4061 3726 proprios
4097 3674 4303 3739 greges,

3084 3724 3261 3793 Reges
3295 3743 3346 3778 m
3383 3742 3533 3794 ipsos
3568 3741 3845 3793 lmpenum
3882 3734 3968 3780 est
4001 3726 4161 3796 Ιονιε,

3086 3794 3225 3846 Glari
3260 3795 3511 3862 giganteo
3547 3794 3837 3862 triumpho,

3059 3863 3290 3916 ·Cuncta
3327 3863 3613 3931 supercilio
3650 3865 3931 3918 moventis,

2778 3965 3165 4031 Consideret
3222 3986 3376 4048 ergo
3432 3966 3760 4048 princeps,
3820 3987 3859 4030 a
3904 3965 4027 4030 diis
4080 3969 4302 4050 populi
4358 3978 4730 4051 susceptam

2779 4051 3439 4129 administrationem,
3506 4058 3573 4115 et
3636 4051 3719 4115 iis
3783 4052 3943 4134 ipsis
4010 4055 4328 4119 rationem
4381 4055 4730 4137 aliquando

2781 4136 3205 4201 reddendam:
3254 4144 3447 4220 atque
3493 4146 3566 4200 ut
3609 4143 3702 4200 ait
3742 4138 4035 4204 Theseus
4080 4139 4253 4222 apud
4291 4139 4609 4206 Senecam
4654 4142 4733 4205 in

2781 4222 3068 4289 Hercule
3112 4217 3397 4287 furente:

3090 4325 3260 4380 Iudex
3293 4326 3524 4394 futurus,
3561 4329 3816 4396 sanguine
3852 4328 4085 4383 humano
4124 4329 4332 4383 abstine

3090 4393 3399 4462 Quicunque
3436 4411 3648 4464 regnas,
3687 4397 3896 4451 scelera
3932 4403 4186 4451 taxantur
4220 4372 4381 4452 modo
4402 4419 4420 4430 “

3087 4464 3296 4517 Maiore
3332 4472 3536 4519 nostra.
3556 4468 3598 4530 ι)

2959 4566 3034 4630 Si
3055 4568 3356 4630 rationem
3380 4588 3421 4628 a
3442 4587 3539 4630 me
3573 4566 3875 4654 repetant]
3925 4569 4174 4632 Allusit
4209 4569 4292 4633 ad
4328 4591 4575 4636 morem
4612 4592 4736 4635 an·

2782 4654 3058 4737 tiquum,
3102 4672 3230 4734 quo
3267 4672 3562 4718 censores
3609 4652 3688 4718 ab
3732 4654 3812 4718 iis
3855 4654 3962 4736 qui
4010 4656 4465 4739 magistratum
4511 4678 4738 4740 gesse—

2780 4747 2951 4817 rant,
2997 4739 3319 4802 rationem
3363 4739 3462 4801 sui
3506 4739 3930 4824 magistratus
3979 4742 4416 4823 reposcebant.
4501 4743 4739 4809 Cicero

2781 4825 2887 4890 lib.
2927 4825 3053 4889 111.
3103 4823 3182 4888 de
3226 4822 3548 4907 Legibus:
3604 4825 3800 4909 Apud
3846 4826 4105 4912 eosdem
4148 4849 4475 4906 censores,
4522 4829 4571 4892 ii
4617 4831 4736 4911 qui

2781 4913 3173 4997 magistratu
3218 4910 3515 4990 abierint,
3561 4911 3761 4976 edant
3803 4921 3870 4976 et
3913 4921 4245 4995 exponant
4278 4913 4433 4996 quid
4477 4915 4546 4979 in
4588 4935 4738 4979 ma-

2783 4999 3056 5081 gistratu
3105 4996 3440 5079 gesserint.
3515 4998 3606 5061 Et
3639 4997 4070 5064 Proconsules
4108 5000 4391 5065 rationes
4428 5000 4511 5065 ad
4546 5020 4737 5065 aera-

2780 5085 2952 5149 rium
2997 5080 3386 5148 referebant.

2921 5358 2978 5424 1)
3020 5357 3128 5412 Ea.
3165 5358 3371 5413 Amet.-
3401 5366 3599 5414 vestra.
3674 5358 3770 5414 Sic
3801 5360 3963 5414 etiam
3998 5359 4117 5416 edd.
4153 5361 4572 5432 tragoediarum.
