5100 6061
814 1680 1040 1745 VITA
1086 1678 1512 1745 SENECAE
1558 1678 2075 1745 FIDELI'PER
2121 1673 2846 1742 TRANSSORIPTA·
2873 1663 3004 1744 EX
3049 1677 3332 1745 BONIS
3377 1679 3932 1760 AUTORIBUS,

1913 1790 2102 1855 PER
2145 1786 2267 1853 10.
2314 1785 2834 1855 GALVJNUM.
3088 1805 3096 1828 ·

539 1967 619 2030 L.
651 1967 968 2031 Annaeus
995 1965 1050 2050 ¹)
1087 1965 1340 2031 Seneca
1365 1964 1652 2047 equestri
1689 1971 1756 2027 et
1779 1961 2167 2046 provinciali
2186 1960 2327 2025 loco
2378 1960 2382 2019 1

2378 2026 2384 2119 ⁸
2432 2046 2669 2111 fessam
2728 2056 3010 2113 aetatem
3067 2058 3134 2113 et
3190 2047 3634 2115 valetudinem
3700 2050 3925 2114 minus
3982 2072 4387 2135 prosperam:

363 2060 562 2116 natus
581 2103 597 2129 ,
658 2051 943 2116 familiae
988 2073 1143 2117 suae
1185 2071 1426 2115 nomen
1472 2050 1684 2133 magis
1728 2050 1903 2114 vitae
1949 2047 2328 2130 integritate

366 2147 433 2202 et
488 2138 817 2204 severiore
876 2138 1198 2217 doctrina,
1267 2158 1461 2220 quam
1521 2136 1726 2219 gestis
1780 2134 2176 2198 militaribus
2216 2140 2329 2196 aut

363 2244 588 2289 rerum
635 2225 930 2290 civilium
973 2225 1211 2306 peritia
1254 2223 1627 2288 illustravit.
1696 2221 1909 2303 Capta
1953 2220 2130 2284 enim
2165 2218 2328 2284 Cor-

366 2310 544 2376 duba
589 2310 820 2393 patria,
866 2311 998 2374 iam
1044 2318 1229 2393 patre
1275 2310 1474 2374 orbus
1489 2359 1505 2387 ,
1552 2308 1834 2371 Romam
1880 2327 2029 2371 cum
2072 2304 2328 2370 duobus

363 2395 682 2462 fratribus
742 2396 1050 2461 Gallione
1107 2407 1173 2461 et
1228 2396 1407 2460 Mela
1460 2395 1797 2478 migravit:
1865 2390 1977 2457 ubi
2034 2390 2329 2472 aliquan-

2432 1961 2824 2040 conflarent,
2883 1963 2950 2026 in
3007 1963 3209 2027 alium
3267 1964 3674 2029 transferret.
3719 1957 3726 1967 '
3764 1962 3875 2027 Ad
3928 1964 4089 2030 haec
4142 1967 4394 2032 causari

2434 2132 2670 2214 quibus
2711 2142 2947 2201 ,tamen
2990 2156 3125 2201 non
3167 2136 3384 2217 potuit
3426 2137 3756 2216 evincere,
3800 2142 3877 2201 ut
3919 2138 4209 2219 quietem
4252 2146 4390 2204 stu-

2434 2217 2561 2282 diis
2605 2219 3002 2303 impetraret.
3091 2222 3386 2287 Mutavit
3426 2230 3648 2287 tamen
3685 2222 4035 2305 pristinam
4070 2224 4244 2288 vitae
4288 2246 4394 2289 ra-

2435 2305 2698 2369 tionem.
2802 2306 2975 2370 Nam
3043 2314 3263 2372 coetus
3317 2307 3750 2373 salutantium
3808 2306 4169 2391 prohibuit,
4225 2310 4394 2374 vita-

2436 2391 2533 2455 vit
2577 2392 2984 2457 comitantes,
3045 2394 3268 2459 Rarus
3307 2414 3428 2475 per
3469 2393 3718 2473 urbem,
3763 2392 4021 2477 publico
4058 2394 4392 2460 abstinuit.

370 2492 516 2548 tum
560 2482 875 2565 temporis
919 2483 1241 2566 transegit
1285 2503 1418 2545 non
1461 2501 1705 2564 magna
1747 2479 2085 2563 dignitate.
2156 2477 2329 2540 Tan-
2381 2486 2385 2557 γ
2435 2476 2733 2542 Rursum
2800 2480 3015 2544 oravit
3081 2501 3254 2543 ruris
3306 2488 3661 2558 secretum,
3729 2501 3930 2563 quum
3993 2480 4169 2546 Nero
4236 2479 4396 2547 diris

373 2569 524 2634 dem
582 2569 704 2633 sub
776 2570 1123 2650 imperium
1180 2567 1518 2652 Caligulae
1588 2567 1799 2648 coepit
1867 2564 2093 2630 haberi
2159 2565 2333 2627 inter

371 2656 728 2739 pmecipua
771 2655 1177 2739 eloquentiae
1219 2654 1467 2720 decora.
1548 2653 1655 2716 Ex
1700 2675 1775 2729 eo
1821 2651 2030 2733 magis
2072 2672 2147 2716 ac
2190 2668 2330 2712 ma-

423 2743 434 2755 '
530 2742 989 2807 inclarescere:
1059 2750 1135 2804 ut
1192 2738 1490 2805 nonnulli
1561 2740 1761 2803 fuisse
1830 2738 2003 2801 hanc
2068 2757 2328 2801 causam

458 2826 653 2893 audio
709 2828 1087 2895 existiment
1142 2848 1260 2892 cur
1318 2847 1470 2890 eum
1523 2826 1591 2888 in
1647 2822 1932 2889 insulam
1990 2821 2327 2906 relegaret.

372 2914 706 2980 Exsilium
774 2913 1053 2979 infracta
1121 2913 1322 2977 animi
1404 2911 1728 2994 aequitate
1797 2909 1975 2973 tulit:
2047 2916 2331 2973 matrem

375 3001 570 3067 etiam
644 2999 956 3066 Albinam
1022 3020 1209 3065 casus
1265 2999 1370 3064 sui
1435 3017 1728 3062 moerore
1795 2996 2112 3061 deiectam
2178 3016 2331 3060 con-

373 3096 627 3154 stanter
682 3086 1049 3153 consolatus
1104 3096 1219 3151 est.
1308 3087 1474 3150 Post
1522 3105 1642 3166 ope
1681 3084 2088 3167 Agrippinae
2138 3081 2331 3146 resti-

2434 2563 2768 2645 suppliciis
2823 2566 3219 2649 impotenter
3286 2567 3571 2631 saeviret
3625 2566 3692 2629 in
3751 2565 4192 2644 Christianos,
4264 2589 4393 2649 quo

2435 2648 2753 2713 invidiam
2774 2692 2778 2701 ι
2798 2651 3123 2735 sacrilegii
3169 2674 3210 2716 a
3252 2673 3322 2716 se
3364 2660 3708 2730 averteret,
3754 2651 3861 2717 vel
3905 2654 4060 2734 quia
4103 2652 4227 2716 sibi
4269 2674 4385 2735 pa-

2435 2743 2654 2798 ratum
2731 2737 2916 2801 iussu
2982 2737 3266 2802 Neronis
3332 2758 3661 2802 venenum
3739 2735 4108 2820 proditione
4176 2737 4394 2803 liberti

2437 2821 2811 2887 resciverat.
2916 2822 3064 2902 Quo
3109 2844 3241 2887 non
3284 2823 3659 2906 impetrato,
3717 2823 4018 2889 cubiculo
4074 2844 4145 2888 se
4188 2826 4393 2888 conti·

2435 2908 2582 2970 nuit
2624 2910 2808 2990 quasi
2854 2929 3050 2991 aeger
3093 2910 3332 2973 nervis.
3426 2906 3757 2974 Successit
3811 2929 3948 2972 non
3993 2909 4203 2972 multo
4244 2915 4391 2991 post

2436 2994 2800 3059 coniuratio
2853 2994 3238 3072 Pisoniana,
3295 2996 3496 3081 inter¹
3528 2996 3714 3060 cuius
3761 2996 4047 3061 conscios
4092 2996 4392 3059 nomina-

2438 3087 2546 3144 tus
2602 3079 2683 3143 ab
2736 3080 2951 3146 indice
2990 3081 3209 3145 Natali
3227 3133 3242 3159 ,
3299 3082 3597 3164 quamvis
3652 3101 3786 3145 non
3838 3081 4221 3146 manifestus
4267 3082 4391 3146 cri-

373 3183 587 3251 tutus,
647 3174 935 3239 adscitus
990 3173 1060 3237 in
1114 3172 1409 3238 ordinem
1457 3170 1857 3236 senatorium
1901 3177 1970 3233 et
2023 3174 2333 3250 praetura
2381 3173 2386 3282 ι
2436 3165 2665 3244 minis,
2720 3175 2944 3266 tamen
3001 3169 3185 3250 quasi
3244 3167 3458 3267 laesae
3513 3167 3871 3266 maiestatis
3927 3188 4077 3265 reus
4121 3166 4392 3267 damna-

373 3261 671 3338 functus,
729 3259 1099 3324 Domitium
1157 3259 1370 3324 adhuc
1414 3278 1735 3340 puerum,
1796 3253 2080 3320 necdum
2134 3253 2331 3336 adop-
2380 3291 2387 3352 ι
2436 3259 2544 3317 tus
2590 3260 2707 3317 est.
2797 3254 3043 3318 Missus
3086 3261 3189 3318 est
3229 3273 3517 3337 primum
3562 3253 3853 3318 Gravlus
3898 3252 4214 3335 Silvanus
4272 3260 4390 3317 tn-

375 3353 591 3445 tatum
636 3368 676 3411 a
723 3344 1015 3422 Claudio,
1060 3346 1131 3410 in
1177 3343 1587 3426 disciplinam
1630 3343 1907 3425 accepit:
1955 3339 2145 3406 cuius
2193 3348 2332 3404 stu-
2381 3355 2387 3408 1
2435 3336 2649 3403 bunus
2694 3336 2981 3405 cohortis
3024 3340 3405 3422 praetoriae,
3450 3340 3563 3422 qui
3608 3346 4106 3422 percontaretur
4148 3359 4235 3402 an
4270 3361 4394 3404 sua

377 3432 485 3497 d1a
529 3444 599 3497 et
652 3454 867 3498 mores
923 3432 1096 3496 bona
1153 3429 1281 3496 fide
1328 3429 1659 3506 excoluits
1698 3428 1902 3492 donec
1948 3428 2090 3508 iure
2134 3425 2331 3508 adop·
2382 3433 2386 3496 ξ

2437 3425 2640 3489 verba
2697 3435 3079 3507 agnosceret
3097 3478 3111 3504 ‚
3169 3426 3405 3508 quibus
3450 3426 3775 3491 accusatio
3819 3426 4167 3490 nitebatur.
4258 3424 4391 3505 Qui

375 3521 572 3585 tionis
637 3527 896 3584 mortuo
967 3516 1238 3583 Claudio
1303 3517 1385 3581 ad
1450 3515 1802 3597 imperium
1869 3522 2329 3578 assumeretur.
2382 3509 2386 3590 ζ
2436 3509 2547 3573 ubi
2607 3520 2673 3575 et
2725 3511 3054 3595 intrepido
3110 3512 3301 3577 vultu
3365 3512 3709 3597 agnovisse
3763 3519 3830 3575 et
3884 3531 4232 3577 excusasse
4286 3532 4392 3576 re-

375 3607 551 3672 'Pum
606 3627 743 3671 non
799 3604 952 3669 dare
1010 3603 1294 3687 speciem
1356 3601 1813 3685 praecipientis
1826 3651 1842 3678 ,
1901 3597 2016 3664 sed
2073 3599 2332 3662 iuvenis

376 3691 652 3758 consilia
710 3690 993 3756 civiliter
1046 3687 1399 3755 moderari:
1476 3694 1551 3751 ut
1619 3685 1789 3750 nihil
1843 3686 1979 3750 fere
2033 3704 2152 3766 pro
2208 3684 2331 3746 im-

2437 3595 2621 3675 tulit,
2668 3597 3118 3681 interrogante
3163 3597 3471 3681 Poppeia,
3508 3597 3558 3681 ¹)
3603 3618 3689 3661 an
3732 3595 4173 3664 voluntariam
4216 3618 4392 3662 mor·

2439 3689 2574 3745 tem
2629 3691 2918 3765 pararet,
2989 3682 3327 3765 respondit
3379 3683 3633 3748 nullum
3705 3703 3776 3748 se
3841 3684 4071 3748 mortis
4127 3683 4391 3782 signum

376 3779 561 3862 perio
606 3785 867 3862 gereret
909 3778 971 3841 N
974 3798 1085 3856 ero
1130 3777 1271 3840 sine
1311 3776 1450 3840 eius
1502 3773 1871 3837 autoritate.
1962 3769 2333 3835 Accedebat
2383 3779 2389 3846 ι
2440 3769 2859 3850 comperisse,
2906 3790 3110 3851 quum
3150 3768 3318 3833 nihil
3362 3771 3550 3833 triste
3591 3790 3714 3834 nec
3756 3771 3828 3832 in
3871 3769 4109 3847 verbis,
4156 3790 4275 3833 nec
4317 3790 4391 3832 in

378 3865 641 3930 Burrus
656 3864 716 3948 ²)
772 3865 1135 3946 praefectus
1191 3859 1547 3944 praetorio,
1604 3859 1707 3923 vir
1760 3856 2030 3921 militari
2088 3854 2332 3920 virtute

383 4057 460 4100 eo
525 4036 962 4101 consentiens.

381 4124 566 4187 nium
625 4120 1064 4201 sustinebant,
1130 4142 1213 4185 ne
1268 4120 1493 4185 statim
1546 4119 1616 4181 in
1676 4116 1861 4198 peius
1916 4124 2152 4179 rueret.
2243 4114 2338 4177 At

384 4229 541 4274 vero
601 4230 777 4274 mors
839 4207 1049 4286 illius,
1105 4228 1220 4272 seu
1277 4204 1503 4270 morbo
1520 4255 1535 4281 ,
1603 4219 1718 4268 seu
1772 4200 2001 4267 fraude
2055 4198 2335 4265 Neronis

381 4296 654 4373 interiit,
702 4293 894 4361 valde
936 4293 1205 4377 infregit
1249 4290 1540 4357 Senecae
1583 4289 1962 4372 potentiam.
2053 4286 2185 4351 Hic
2228 4307 2333 4351 oc-

386 4383 713 4448 casionem
772 4381 974 4457 nacti,
1040 4380 1150 4463 qui
1206 4400 1339 4443 non
1396 4375 1779 4442 desinebant
1833 4374 2022 4438 malis
2087 4371 2336 4436 artibus

384 4469 797 4552 imperatoris
850 4465 1135 4530 indolem
1203 4482 1651 4546 corrumpere,
1716 4461 1857 4525 eius
1909 4480 1947 4524 o
1993 4481 2062 4524 es
2117 4457 2333 4523 crimi-

382 4557 531 4620 nari
588 4575 791 4636 supra
848 4551 1107 4618 civilem
1153 4550 1418 4616 modum
1487 4554 1763 4625 evectas,
1824 4554 1929 4610 stu
1980 4547 2040 4610 'a
2091 4544 2333 4610 civium

378 4643 451 4706 in
496 4662 650 4706 eum
695 4659 1010 4706 conversa
1024 4689 1038 4714 ‚
1094 4638 1437 4703 hortorum
1481 4634 1977 4710 amoenitatem,
2023 4630 2329 4697 villarum

376 4725 956 4811 magnificentiam.
1019 4722 1319 4804 Quarum
1364 4742 1586 4787 rerum
1624 4718 1939 4784 invidiam
1985 4714 2160 4799 apud
2195 4715 2330 4796 Ne—

379 4834 610 4878 ronem
655 4810 1039 4895 deprecatus
1082 4807 1351 4884 Seneca,
1396 4815 1830 4874 commeatum
1879 4804 2076 4868 etiam
2121 4802 2327 4884 petiit,

382 4906 449 4965 et
501 4906 579 4964 ut
630 4899 934 4963 fortunae
989 4917 1145 4961 suae
1213 4894 1624 4977 splendorem
1642 4944 1657 4970 ‚
1726 4910 1920 4974 quem
1976 4889 2108 4953 iam
2160 4888 2329 4951 ferre

381 5007 510 5051 non
554 4992 803 5068 posset,
850 5003 1129 5066 opesque
1175 5002 1358 5059 suas,
1413 5000 1577 5062 quae
1623 4978 1745 5042 sibi
1803 4985 2062 5041 tantum
2107 4973 2328 5072 odium

523 5260 581 5328 1)
622 5260 731 5314 Ed.
757 5274 851 5328 pr.
885 5258 1123 5312 Anneus.
1330 5253 1392 5320 2)
1434 5251 1525 5307 Sic
1558 5252 1765 5320 ubique.

1073 4035 1166 4098 Hi
1225 4025 1355 4099 duo
1420 4031 1610 4097 facile
1664 4029 2094 4094 adolescentis
2150 4028 2335 4110 inge-
2386 4047 2389 4050 ·

2384 3849 2389 3900 ἲ
2439 3854 2630 3918 vultu
2676 3852 3228 3937 deprehendisset.
3322 3856 3503 3939 Ergo
3551 3854 3811 3939 regredi
3856 3864 3923 3918 et
3964 3865 4241 3918 mortem
4287 3855 4390 3917 in-

379 3950 657 4016 illustris
713 3957 780 4013 et
839 3950 1016 4014 vitae
1072 3968 1455 4031 morumque
1510 3946 1794 4027 integer,
1852 3943 1923 4006 in
1967 3941 2139 4007 idem
2183 3961 2332 4007 cum
2385 4017 2389 4028 .
2440 3939 2656 4005 dicere
2699 3942 2917 4006 iussus
2960 3949 3077 4005 est.

3169 3941 3333 4006 Voci
3380 3949 3600 4006 tamen
3645 3948 3712 4006 et
3745 3941 4038 4023 aspectui
4080 3941 4388 4022 pepercit,

2439 4025 2924 4126 intromisitque
2968 4047 3180 4090 unum
3236 4048 3319 4091 ex
3369 4026 3858 4091 centurionibus
3874 4076 3891 4103 ,
3948 4026 4063 4107 qui
4106 4026 4390 4090 necessi-

2441 4120 2646 4177 tatem
2701 4112 3003 4176 ultimam
3071 4110 3514 4177 denunciaret.
3619 4113 3765 4176 Hoc
3820 4119 4084 4194 accepto
4149 4112 4391 4176 nuncio

2439 4197 2699 4262 tabulas
2741 4199 3117 4263 testamenti
3153 4199 3459 4281 poposcit,
3506 4207 3573 4262 et
3606 4197 3971 4280 denegante
4008 4197 4390 4262 centurione

2441 4282 2524 4347 ad
2570 4285 2813 4350 amicos
2857 4305 3227 4362 conversus,
3274 4285 3408 4367 qui*
3432 4303 3654 4348 secum
3698 4282 3825 4346 duo
3876 4282 4390 4366 discumbebant,

2440 4371 2747 4452 quoniam
2795 4370 2991 4436 aliam
3036 4370 3278 4435 referre
3317 4370 3597 4454 gratiam
3639 4377 3774 4456 non
3814 4377 4060 4452 posset,
4108 4366 4277 4433 dixit
4320 4391 4390 4434 se

2439 4455 2572 4518 illis
2627 4456 3001 4538 relinquere
3052 4456 3223 4539 quod
3279 4454 3550 4520 haberet
3602 4454 4118 4538 pulcherrimum
4132 4507 4148 4533 ,
4211 4455 4388 4520 vitae

2440 4561 2597 4606 suae
2653 4543 3028 4627 imaginem.
3131 4543 3301 4607 Tum
3367 4541 3752 4624 Pompeiam
3806 4540 4161 4606 Paulinam
4224 4562 4385 4605 uxo-

2438 4649 2581 4692 rem
2625 4629 3021 4711 complexus,
3067 4629 3322 4711 rogavit
3363 4635 3440 4691 ut
3493 4626 3698 4692 dolori
3740 4635 4142 4711 temperaret
4185 4633 4252 4690 et
4289 4626 4386 4691 la-

2439 4715 2698 4798 crymis.
2802 4714 2929 4780 Illa
3000 4734 3193 4779 omne
3246 4713 3553 4779 solatium
3622 4712 3938 4794 abnuere,
3996 4711 4386 4777 adseverare
4435 4745 4442 4756 .

2436 4808 2719 4864 mortem
2777 4799 2903 4864 sibi
2955 4799 3351 4864 destinatam
3368 4852 3382 4878 ‚
3447 4820 3722 4864 manum
3776 4799 4177 4882 percussoris
4235 4819 4384 4880 pos-

2437 4905 2603 4951 cere.
2713 4887 2895 4969 Ergo
2960 4885 3185 4951 eodem
3251 4887 3385 4951 ictu
3449 4886 3721 4952 brachia
3785 4885 3958 4950 ferro
4015 4884 4382 4950 exsolvunt.

2438 4969 2574 5036 Sed
2626 4971 2976 5050 Paulinae,
3041 4992 3242 5055 quum
3295 4974 3428 5036 iam
3495 4972 3777 5036 multum
3839 4971 4178 5053 sanguinis
4232 4991 4380 5053 ege-

2437 5137 2600 5145 o——-

2575 5247 2632 5309 1)
2676 5245 3008 5315 secumque.
