5100 6061
355 422 478 484 397

355 627 603 675 eversa.
671 606 934 691 Dogma
975 627 1129 690 ergo
1171 604 1347 670 istud
1367 655 1381 682 ‚
1429 604 1602 687 quod
1657 606 1726 668 in
1767 605 2085 688 religione
2128 625 2305 667 sum-

356 715 542 759 mum
588 700 757 770 erat,
806 692 1080 757 dicimus
1137 692 1336 755 fuisse
1363 711 1421 752 a
1463 690 1644 755 vobis
1680 691 1925 754 nefarie
1969 711 2050 754 ex
2096 689 2304 753 homi-

359 801 519 845 num
579 778 895 842 memoria
950 776 1257 842 deletum.
1336 777 1696 856 Perspicua
1755 776 1893 840 eius
1935 777 2027 838 rei
2073 775 2308 862 proba-

358 867 537 930 tione
557 865 779 928 referti
810 870 968 928 sunt
992 863 1144 927 libri
1169 863 1392 926 nostri.
1439 861 1533 924 Et
1554 882 1773 926 crassa
1788 861 1928 926 eius
1963 862 2304 944 ignoratiO,

357 972 522 1034 quae
577 951 644 1013 in
701 950 936 1013 vestris
981 946 1283 1012 omnibus
1327 947 1616 1012 eeclesiis
1660 947 2018 1011 etiamnum
2065 956 2303 1023 manet,

360 1045 658 1110 testatur,
705 1057 822 1101 1108
867 1054 1273 1116 nequaquam
1297 1032 1460 1096 falso
1489 1025 1690 1112 queri.
1759 1034 1853 1096 At
1884 1041 1957 1096 tu
1993 1053 2306 1115 perquam

359 1122 646 1204 maligne
686 1121 791 1186 hic
830 1118 1150 1183 invidiam
1190 1118 1375 1182 nobis
1423 1118 1647 1182 facies:
1699 1117 1871 1201 quod
1903 1119 2051 1182 fidei
2088 1118 2307 1181 omnia

361 1205 726 1285 deferendo,
763 1205 1022 1268 nullum
1058 1204 1360 1286 operibus
1398 1203 1610 1268 locum
1653 1204 2114 1285 relinquamus,
2175 1203 2307 1267 Hie

359 1315 489 1358 non
514 1290 848 1375 ingrediar
881 1291 1117 1355 iustam
1156 1288 1683 1370 disputat-ionem,
1723 1310 1887 1371 quae
1920 1311 2055 1354 non
2090 1299 2309 1371 posset

357 1379 486 1444 nisi
520 1378 715 1460 longo
751 1376 1083 1442 volumine
1117 1375 1481 1438 terminari:
1523 1374 1635 1439 sed
1672 1376 1845 1438 enim
1891 1377 1946 1440 si
1970 1372 2307 1439 Cateehis-

357 1485 545 1528 mum
581 1463 953 1546 inspiceres,
991 1481 1183 1542 quem
1220 1460 1721 1525 Genevensibus
1757 1461 1895 1542 ipse
1929 1460 2306 1541 conscripsi,

358 1570 566 1632 quum
609 1549 886 1631 pastoris
931 1545 1103 1628 apud
1161 1568 1271 1609 eos
1316 1543 1705 1610 sustinerem
1745 1567 2125 1628 personam,
2185 1547 2304 1608 tri-

359 1637 480 1700 bus
525 1633 743 1698 verbis
781 1635 992 1697 victus
1033 1630 1526 1696 obmutesceres.
1596 1632 1898 1697 Breviter
1941 1641 2162 1695 tamen
2199 1631 2307 1694 hic

359 1721 479 1786 tibi
536 1717 909 1801 expediam,
956 1740 1082 1800 quo
1137 1715 1326 1781 modo
1361 1736 1448 1780 ea
1492 1715 1569 1780 de
1616 1739 1684 1780 re
1730 1716 2088 1799 loquamur.
2155 1717 2304 1780 Pri-

358 1828 563 1882 mum,
601 1805 901 1869 iubemus
938 1803 1266 1867 hominem
1303 1825 1342 1866 a
1377 1802 1479 1865 sui
1514 1805 1953 1886 recognitione
1999 1804 2302 1884 incipere,

358 1901 425 1956 et
466 1892 581 1955 illa
615 1889 875 1972 quidem
914 1910 1046 1953 11011
1089 1888 1221 1953 1ον1
1265 1909 1386 1952 nee
1428 1887 1841 1964 defunctoria,
1889 1887 2002 1952 sed
2047 1899 2120 1952 ut
2154 1910 2304 1952 con-

359 1978 700 2043 scientiam
745 1996 968 2058 eoram·
989 1975 1112 2037 Dei
1159 1972 1471 2037 tribunali
1498 1994 1684 2037 suam
1730 1975 1943 2038 sistat:
1993 1983 2060 2037 et
2103 1995 2305 2055 quum

358 2084 514 2129 suae
567 2062 927 2143 iniquitatis
982 2061 1140 2124 satis
1185 2059 1523 2123 convietus
1580 2060 1801 2135 fuerit,
1848 2059 2038 2123 simul
2085 2059 2305 2123 iudicii

357 2149 533 2213 illius
576 2148 993 2210 severitatem
1037 2151 1316 2226 reputet,
1361 2144 1529 2226 quod
1573 2146 1640 2207 in
1685 2165 1911 2208 omnes
1941 2155 2307 2226 peccatores

358 2235 665 2299 edicitur:
711 2233 804 2295 ita
845 2232 1106 2296 miseria
1150 2250 1268 2294 sua
1310 2232 1617 2295 confusus
1672 2252 1746 2296 ae
1790 2231 2152 2312 perculsus,
2200 2250 2305 2295 eo-

359 2340 501 2383 ram
542 2320 684 2382 Deo
729 2326 1207 2399 prosternatur,
1255 2324 1322 2378 et
1377 2315 1785 2379 humilietur:
1834 2315 2082 2380 abiecta
2126 2316 2304 2378 omni

358 2406 460 2470 sui
515 2402 753 2468 fiducia
812 2412 1122 2484 tanquam
1168 2400 1399 2464 ultimo
1455 2402 1652 2465 exitio
1699 2406 1814 2478 [fol.
1863 2407 1968 2478 291
2014 2399 2305 2483 perditus

359 2490 763 2573 ingemiscat.
833 2489 1000 2552 Tum
1040 2487 1308 2554 unicum
1345 2484 1574 2550 salutis
1610 2497 1868 2569 portum
1907 2507 2047 2551 esse
2084 2497 2302 2551 osten-

360 2576 579 2640 dimus
638 2576 707 2638 in
759 2575 886 2642 Dei
932 2571 1399 2646 misericordia,
1451 2593 1615 2653 quae
1674 2573 1861 2637 nobis
1913 2573 1981 2635 in
2037 2571 2304 2637 Christo

359 2662 740 2725 exhibetur:
788 2660 960 2741 quia.
985 2678 1209 2722 omnes
1266 2657 1495 2721 salutis
1550 2666 1811 2722 nostrae
1855 2667 2074 2740 partes
2114 2659 2186 2721 in
2231 2680 2303 2722 eo

358 2757 513 2812 sunt
557 2746 966 2828 adimpletae.
1036 2742 1260 2822 Quum
1296 2764 1450 2824 ergo
1484 2744 1774 2808 universi
1812 2744 2121 2807 mortales
2155 2764 2302 2825 per-

358 2832 477 2896 diti
524 2839 682 2896 sunt
724 2851 940 2896 coram
984 2830 1129 2894 Deo
1187 2838 1583 2910 peccatores,
1641 2828 1914 2894 dicimus
1960 2829 2302 2894 Christum

355 2918 621 2983 unicam
657 2937 798 2980 esse
832 2915 1176 2980 iustitiam:
1226 2912 1747 2996 quandoquidem
1782 2914 2149 2979 obedientia
2184 2937 2306 2979 sua

360 3004 916 3086 transgressiones
960 3011 1214 3066 nostras
1261 2999 1563 3076 abolevit,
1611 3001 1922 3067 sacrificio
1964 3000 2133 3065 iram
2177 3001 2304 3065 Dei

357 3091 678 3173 placavit,
737 3089 1056 3171 sangnine
1111 3088 1402 3150 maculas
1462 3085 1796 3163 abstersit,
1855 3108 2044 3153 cruce
2098 3087 2301 3151 male-

358 3176 712 3241 dictionem
757 3182 1045 3239 nostram
1089 3173 1428 3248 sustinuit,
1467 3181 1674 3236 morte
1719 3193 1834 3255 pro
1879 3174 2064 3237 nobis
2109 3173 2301 3237 satis-

355 3262 524 3326 fecit.
594 3262 676 3324 In
721 3260 897 3325 hunc
941 3280 1094 3343 ergo
1134 3258 1397 3322 modum
1446 3258 1718 3323 dicimus
1776 3258 2109 3323 hominem
2153 3257 2300 3322 Deo

354 3348 528 3430 patri
571 3347 641 3410 in
686 3344 948 3410 Christo
990 3344 1409 3420 reconciliari,
1454 3343 1635 3408 nullo
1672 3365 1790 3408 suo
1825 3346 2077 3421 merito,
2119 3344 2303 3407 nulla

355 3453 630 3515 operum
687 3430 1089 3514 dignatione,
1135 3428 1248 3494 sed
1388 3430 1593 3492 atuita
1642 3429 2001 3494 clementia.
2071 3427 2301 3509 Quum

358 3527 577 3583 autem
622 3515 749 3581 fide
792 3517 1259 3598 amplectamur
1360 3515 1660 3592 hristum,
1706 3522 1771 3579 et
1811 3516 2013 3580 veluti
2056 3515 2125 3578 in
2162 3517 2301 3579 eius

357 3603 882 3669 communionem
918 3602 1274 3676 veniamuS‚
1321 3600 1509 3677 hanc,
1556 3600 1913 3666 secundum
1941 3601 2299 3682 scripturae

353 3710 637 3766 morem,
694 3709 1003 3753 vocamus
1064 3688 1216 3752 fidei
1283 3686 1613 3751 iustitiam.
1683 3684 1861 3765 Quid
1914 3686 2019 3750 hic
2078 3685 2296 3763 habes,

354 3773 527 3858 quod
581 3775 689 3839 vel
734 3774 1063 3851 mordeaS,
1111 3772 1214 3839 vel
1257 3792 1517 3854 carpas,
1565 3771 1913 3836 Sadolete?
1982 3768 2093 3834 Aii
2146 3773 2298 3853 quia

354 3861 661 3942 operibus
705 3860 918 3924 locum
964 3858 1217 3923 nullum
1276 3857 1746 3940 relinquimus?
1813 3856 2009 3921 Certe
2064 3857 2138 3919 in
2184 3857 2297 3921 ho-

354 3948 536 4010 mine
590 3944 997 4009 iustificando
1055 3965 1372 4028 negamus
1416 3945 1519 4008 vel
1564 3943 1767 4026 pilum
1815 3964 2020 4006 unum
2059 3943 2294 4007 valere.

355 4032 615 4113 Ubique
651 4032 826 4095 enim
872 4031 1192 4113 scriptura
1244 4029 1632 4093 vociferatur
1685 4050 1909 4092 omnes
1957 4050 2097 4093 esse
2152 4049 2299 4110 per·

357 4118 560 4193 ditos,
623 4126 689 4181 et
755 4138 873 4180 sua
924 4136 1249 4199 quemque
1312 4115 1704 4179 conscientia
1815 4115 2058 4179 raviter
2113 4133 2298 4177 aecu-

355 4214 476 4269 sat.
522 4203 706 4267 Nihil
743 4204 877 4284 spei
917 4203 1237 4283 reliquum
1273 4220 1416 4265 esse
1462 4198 1644 4265 docet
1688 4221 1763 4263 ea
1811 4222 1913 4264 em
1956 4200 2297 4281 scriptura,

355 4290 485 4355 nisi
530 4290 599 4356 in
645 4288 783 4352 sola
827 4287 955 4352 Dei
1011 4288 1326 4364 bonitate,
1372 4308 1501 4368 qua
1545 4294 1808 4369 peccata
1851 4284 2039 4350 nobis
2081 4287 2299 4367 ignos-

356 4384 615 4451 cuntur,
662 4373 912 4438 iustitia
947 4376 1325 4456 imputatur.
1393 4372 1761 4453 Utrumque
1797 4371 2157 4453 gratuitum
2196 4392 2298 4435 as-

356 4462 542 4526 serit:
590 4469 665 4524 ut
708 4459 972 4523 tandem
1014 4458 1429 4540 pronunciet,
1476 4456 1739 4521 beat-um
1784 4478 1923 4521 esse
1964 4457 2298 4520 hominem

355 4548 499 4612 sine
561 4545 863 4627 operibus
920 4546 1137 4626 (Rom.
1184 4552 1242 4622 4,
1291 4548 1375 4626 7).
1460 4546 1550 4607 At
1607 4565 1798 4624 quam
1858 4543 2052 4607 aliam
2109 4544 2301 4606 affert

353 4633 547 4697 nobis
591 4637 922 4695 notionem
970 4651 1208 4694 nomen
1260 4631 1473 4711 ipsum
1515 4629 1831 4705 iustitiae,
1877 4628 2003 4692 nisi
2047 4649 2299 4710 respec-

355 4727 467 4783 tus
514 4717 596 4781 ad
642 4718 810 4781 bona
853 4738 1047 4798 opera
1101 4715 1461 4779 habeatur?
1525 4716 1669 4778 lmo
1725 4715 1778 4778 si
1824 4713 2297 4778 animadverte-

357 4826 496 4881 res,
542 4802 698 4885 quid
743 4804 1068 4884 scriptura
1119 4823 1236 4882 per
1279 4802 1548 4865 verbum
1597 4797 1990 4864 iustificandi
2049 4800 2297 4881 signifi-

356 4898 492 4967 cet,
539 4890 606 4952 in
667 4910 741 4952 00
797 4910 930 4952 11011
975 4887 1348 4951 haesitares.
1410 4887 1559 4950 Non
1617 4886 1791 4949 enim
1846 4884 1926 4948 ad
1971 4886 2296 4968 propriam

357 4975 647 5040 hominis
676 4974 989 5038 iustitiam
1011 4974 1226 5049 refert,
1254 4971 1364 5035 sed
1390 4970 1471 5034 ad
1508 4972 1633 5035 Dei
1669 4971 2096 5045 clementiam,
2136 4992 2298 5052 quae

1728 417 1857 482 AD
1903 414 2372 482 SADOLE'H
2414 417 2970 483 EPISTOLAM.

4231 429 4356 490 398

2409 607 2477 688 (2
2516 606 2664 671 Cor.
2707 613 2762 684 5,
2810 607 2934 688 19).
2998 606 3239 673 Modus
3284 607 3515 672 deiude
3560 608 3928 688 subiicitur,
3973 633 4105 676 11011
4141 612 4357 697 impu-

2408 691 2607 755 tando
2654 692 2904 758 delicta.
2973 693 3110 756 Nos
3155 691 3415 757 demum
3460 692 3587 758 fide
3632 696 3770 759 fieri
3827 697 3965 761 eius
4008 698 4160 762 boni
4204 720 4356 780 par-

2409 779 2635 858 ticipes
2676 778 3111 853 demonstrat,
3158 801 3361 859 quum
3408 779 3581 858 dicit,
3625 781 3764 845 eius
3813 783 4358 851 reconciliationis

2409 863 2846 926 ministerium
2918 864 3260 946 evangelio
3335 865 3671 930 contineri.
3742 868 3836 930 At
3900 869 4187 949 amplum
4255 878 4358 935 est

2412 948 2792 1012 vocabulum
2839 948 3029 1026 fides,
3074 951 3319 1030 inquis,
3378 960 3444 1013 et
3499 951 3683 1016 cuius
3727 953 4114 1034 significatio
4157 955 4359 1021 latius

2411 1045 2608 1115 patet.
2656 1035 2799 1097 Imo
2846 1055 2999 1098 vero
3042 1035 3310 1111 Paulus,
3354 1039 3603 1117 quot-ies
3649 1039 4040 1103 iustificandi
4083 1040 4355 1106 faculta-

2411 1129 2542 1182 tem
2597 1119 2656 1180 ei
2698 1119 2960 1195 tribuit,
3008 1121 3201 1184 simul
3259 1121 3610 1204 adstringit
3663 1122 3744 1185 ad
3789 1126 4144 1206 gratuitam
4188 1124 4356 1191 divi-

2412 1226 2533 1267 nae
2600 1203 3090 1270 benevolentiae
3151 1207 3678 1288 promissionem:
3751 1210 3828 1273 ab
3902 1211 4079 1274 omni
4134 1220 4356 1277 autem

2412 1310 2684 1371 operum
2728 1299 3024 1371 respectu
3067 1291 3289 1372 procul
3330 1295 3584 1357 avertit.
3665 1293 3858 1359 Unde
3912 1296 4247 1361 familiaris
4292 1298 4356 1362 ei

2411 1375 2730 1440 collectio:
2768 1377 2819 1438 si
2857 1376 3004 1452 fide,
3042 1397 3195 1458 ergo
3230 1399 3359 1440 non
3400 1380 3714 1460 operibus.
3781 1381 4074 1444 Rursum
4109 1383 4166 1446 si
4202 1403 4357 1464 ope-

2409 1462 2614 1525 ribus:
2671 1481 2824 1544 ergo
2880 1483 3012 1525 non
3068 1461 3211 1525 fide.
3296 1464 3498 1544 Atqui
3555 1465 3793 1528 iniuria
3848 1467 3923 1529 fit
3965 1466 4249 1544 Christe,
4297 1469 4354 1533 si

2410 1555 2752 1630 praetextu
2779 1548 3028 1629 gratiae
3056 1548 3193 1611 eius
3219 1547 3646 1629 repudiantur
3681 1551 3850 1614 bona
3884 1573 4107 1634 opera:
4148 1575 4353 1635 quum

2408 1634 2683 1708 venerit,
2721 1643 2795 1695 ut
2839 1631 3138 1697 redderet
3174 1633 3484 1715 populum
3519 1633 3663 1698 Deo
3698 1638 4173 1718 acceptabilem,
4216 1659 4352 1703 sec-

2407 1727 2686 1782 tatorem
2743 1719 3064 1782 bonorum
3124 1739 3409 1799 operum.
3476 1721 3566 1782 Et
3610 1730 3872 1785 exstant
3915 1723 4127 1787 multa
4171 1725 4350 1787 simi-

2408 1804 2499 1868 lia
2550 1805 2620 1867 in
2673 1824 2817 1867 eam
2872 1825 3011 1876 rem
3072 1805 3476 1880 testimonia,
3532 1804 3764 1886 quibus
3816 1807 4156 1889 probatur,
4202 1809 4352 1874 ideo

2408 1891 2668 1956 venisse
2711 1889 3078 1964 Christum,
3139 1900 3213 1953 ut
3268 1890 3432 1953 bene
3486 1901 3828 1971 operantes
3882 1914 4000 1975 per
4052 1916 4199 1958 eum
4245 1916 4352 1960 ac-

2409 1975 2578 2056 cepti
2624 1995 2911 2039 essemus
2956 1976 3114 2039 Dee.
3184 1976 3309 2038 Est
3352 1974 3510 2038 haec
3567 1976 3825 2057 quidem
3870 1978 4194 2043 calumnia
4237 1980 4352 2044 ad·

2410 2062 2717 2124 versariis
2761 2061 2999 2123 nostris
3043 2073 3355 2142 perpetuo
3401 2061 3469 2123 in
3513 2084 3650 2136 ore,
3700 2061 3868 2143 quod
3910 2062 4352 2130 benefaciendi

2411 2146 2699 2211 studium
2744 2146 3033 2210 tollimus
3080 2168 3115 2209 e
3159 2146 3297 2209 vita
3341 2146 3729 2224 christiana,
3786 2150 4111 2230 gratuitae
4161 2152 4354 2216 iusti-

2410 2233 2538 2295 tiae
2583 2231 3169 2296 commendatione:
3211 2237 3327 2311 [fol.
3367 2237 3472 2308 30]
3516 2232 3629 2295 sed
3667 2254 3830 2312 quae
3866 2235 4077 2316 magis
4118 2235 4355 2301 frivola

2412 2327 2528 2394 est,
2567 2338 2760 2399 quam
2802 2327 2879 2380 ut
2921 2339 3035 2381 nos
3080 2316 3269 2382 valde
3314 2327 3582 2398 premat.
3652 2316 3874 2400 Opera
3917 2319 4087 2384 bona
4128 2321 4199 2384 in
4235 2322 4353 2386 ho-

2409 2404 2584 2466 mine
2635 2402 3046 2466 iustificando
3104 2424 3420 2485 negamus
3472 2402 3640 2465 ullas
3696 2402 3935 2467 habere
3989 2414 4237 2486 partes:
4284 2408 4355 2472 in

2409 2489 2730 2552 iustorum
2756 2488 2893 2552 vita
2921 2509 3193 2570 regnum
3223 2488 3354 2552 illis
3377 2487 3800 2553 vindicamus,
3858 2489 4029 2553 Nam
4066 2493 4121 2555 si
4157 2490 4353 2556 Chri-

2409 2584 2587 2638 stum
2636 2573 2923 2656 possidet
2975 2575 3086 2655 qui
3148 2575 3461 2638 iustitiam
3529 2579 3628 2637 est
3687 2571 3988 2655 adeptus,
4048 2575 4354 2643 Christus

2409 2669 2629 2724 autem
2687 2681 3007 2739 nusquam
3064 2661 3204 2724 sine
3248 2680 3365 2723 suo
3421 2659 3654 2741 spiritu
3699 2666 3829 2734 est,
3882 2659 4037 2725 inde
4081 2670 4350 2742 constat,

2408 2746 2764 2827 gratuitam
2834 2745 3148 2807 iustitiam
3217 2764 3365 2808 cum
3435 2744 3932 2827 regeneratione
3987 2749 4350 2812 necessario

2408 2852 2548 2895 esse
2604 2830 3031 2894 coniunctam.
3115 2830 3401 2894 Proinde
3455 2831 3510 2893 si
3570 2830 3694 2894 rite
3747 2829 4117 2913 intelligere
4171 2832 4349 2912 libet,

2407 2937 2600 2998 quam
2656 2916 2786 2980 sint
2840 2936 2944 2980 res
3005 2914 3410 2991 individuae,
3456 2913 3616 2988 fides
3660 2925 3727 2980 et
3768 2937 3992 2998 opera,
4038 2917 4108 2979 in
4153 2916 4349 2982 Chri-

2409 3010 2588 3066 stum
2631 3003 2910 3066 intuere:
2959 3002 3100 3085 qui,
3149 3010 3223 3066 ut
3276 3001 3462 3066 docet
3516 3001 3875 3084 apostolus,
3916 3003 3989 3066 in
4033 3003 4351 3068 iustitiam

2407 3099 2474 3152 et
2521 3088 3100 3153 sanctificationem
3155 3088 3345 3152 datus
3408 3087 3595 3152 nobis
3656 3098 3758 3152 est
3823 3090 3885 3168 (l
3932 3087 4078 3153 Cor.
4125 3094 4176 3166 1,
4218 3090 4345 3169 30).

2407 3174 2536 3239 Ubi
2595 3195 2749 3257 ergo
2801 3195 3054 3254 cunque
3078 3174 3127 3255 ¹)
3184 3174 3309 3237 ista
3359 3194 3557 3255 quam
3606 3175 3960 3256 gratuitam
4014 3175 4349 3256 praedica-

2405 3281 2555 3323 mus
2596 3260 2749 3323 fidei
2792 3260 3041 3324 iustitia
3081 3269 3209 3337 est,
3255 3259 3389 3324 illic
3444 3267 3544 3322 est
3586 3258 3910 3324 Christus.
3979 3259 4110 3325 Ubi
4153 3260 4348 3326 Chri-
4396 3296 4403 3303 κ

2407 3356 2566 3423 stus,
2604 3345 2737 3409 illic
2773 3347 3040 3427 spiritus
3076 3345 3629 3411 sanctificat-ionis:
3669 3347 3782 3427 qui
3818 3345 4104 3415 animam
4147 3348 4214 3410 in
4251 3348 4349 3412 vi·

2407 3440 2510 3494 tae
2556 3431 2916 3495 novitatem
2960 3440 3317 3514 regeneret.
3400 3429 3650 3496 Contra
3703 3452 3859 3497 vero
3916 3431 4027 3494 ubi
4083 3453 4214 3496 non
4252 3435 4350 3498 vi-

2405 3523 2516 3598 get
2560 3517 2924 3580 sanctitatis
2968 3517 3505 3598 innocentiaeque
3540 3516 3849 3595 studium,
3886 3517 4021 3582 illic
4060 3539 4179 3583 nec
4217 3521 4347 3601 spi-

2405 3604 2574 3665 ritus
2600 3601 2847 3665 Christi
2874 3624 2993 3666 nec
3029 3601 3336 3667 Christus
3372 3603 3509 3683 ipse
3537 3613 3652 3667 est.
3699 3603 3830 3668 Ubi
3855 3623 3987 3666 non
4023 3612 4123 3669 est
4157 3603 4351 3668 Chri-

2404 3696 2563 3761 stus,
2607 3707 2816 3768 neque
2861 3688 3058 3750 etiam
3102 3687 3235 3752 illic
3281 3696 3381 3751 est
3424 3689 3687 3765 iustitia,
3733 3689 3864 3751 imo
3908 3709 4118 3771 neque
4158 3689 4347 3753 fides:

2403 3794 2568 3854 quae
2619 3772 2955 3836 Christum
3010 3774 3078 3835 in
3132 3773 3447 3837 iustitiam
3468 3824 3482 3849 ‚
3526 3774 3666 3837 sine
3712 3774 3943 3855 spiritu
3986 3776 4350 3840 sanctifica-

2402 3859 2619 3935 tionis,
2658 3856 3146 3939 apprehendere
3186 3880 3318 3922 non
3353 3867 3582 3940 potest,
3649 3857 3870 3937 Quum
3908 3880 4081 3941 erge,
4120 3879 4349 3923 secun-

2404 3944 2557 4007 dum
2597 3964 2741 4017 nos,
2793 3953 3137 4027 regeneret
3182 3942 3484 4008 Christus
3526 3946 3594 4007 in
3654 3943 3909 4007 beatam
3946 3946 4150 4008 vitam
4186 3966 4348 4027 quos

2402 4029 2737 4105 iustificat,
2793 4049 2832 4091 a
2886 4050 3086 4112 regno
3143 4030 3387 4111 peceati
3442 4036 3696 4110 ereptos
3743 4027 4041 4093 traducat
4082 4030 4153 4093 in
4199 4052 4346 4115 reg-

2403 4137 2564 4178 num
2618 4115 2936 4191 iustitiae,
2982 4117 3407 4197 transfiguret
3450 4116 3520 4177 in
3556 4115 3907 4197 imaginem
3950 4113 4107 4193 Dei,
4154 4116 4344 4181 adeo-

2404 4222 2528 4282 que
2586 4201 2819 4283 spiritu
2874 4222 2989 4264 suo
3033 4201 3103 4264 in
3148 4198 3578 4264 obedientiam
3623 4198 3978 4264 voluntatis
4023 4223 4179 4265 suae
4215 4205 4344 4266 for-

2405 4294 2565 4350 met:
2626 4306 2757 4349 non
2804 4299 2928 4362 est,
2976 4286 3144 4369 quod
3199 4286 3385 4349 frena
3438 4285 3651 4348 carnis
3716 4285 4094 4351 libidinibus
4136 4287 4347 4351 laxari

2406 4382 2633 4438 nostra
2689 4372 2983 4438 doctrina
3027 4371 3462 4453 conqueraris.
3531 4371 3759 4452 Neque
3806 4393 3959 4434 vero
4005 4372 4183 4436 aliud
4222 4374 4343 4437 sibi

2405 4459 2639 4521 volunt
2690 4479 2853 4540 quae
2908 4457 3173 4523 adducis
3229 4456 3621 4521 testimonia.
3689 4454 3885 4536 Quod
3943 4457 3997 4521 si
4051 4458 4217 4523 velis
4262 4458 4347 4523 ad

2405 4541 2791 4607 diruendam
2828 4545 3180 4627 gratuitam
3218 4543 3744 4608 iustificationem
3788 4542 3916 4608 illis
3959 4544 4156 4621 abuti,
4195 4544 4345 4608 vide

2403 4650 2598 4709 quam
2644 4630 2941 4713 imperite
2986 4628 3410 4694 ratiocineris.
3471 4629 3651 4692 Dicit
3694 4628 3851 4692 alibi
3885 4630 4154 4707 Paulus,
4192 4640 4343 4695 ante

2401 4714 2630 4778 mundi
2670 4717 3062 4780 creationem
3098 4735 3216 4778 1108
3253 4715 3319 4777 111
3352 4713 3618 4779 Christo
3662 4714 3897 4779 eleetos
3941 4736 4099 4791 esse,
4146 4725 4219 4779 ut
4255 4717 4344 4779 si-

2401 4822 2552 4865 mus
2618 4802 2824 4865 saneti
2885 4810 2949 4865 et
2999 4800 3599 4883 irreprehensibiles
3669 4790 3737 4863 fii
3791 4799 3918 4864 Dei
3977 4818 4341 4883 conspeetu,

2400 4909 2519 4969 per
2553 4887 2889 4952 caritatem
2926 4887 3197 4968 (Ephes.
3243 4890 3293 4961 l,
3332 4885 3421 4969 4).
3479 4885 3645 4965 Quis
3679 4884 3849 4963 inde,
3891 4886 3995 4949 vel
4031 4889 4166 4950 non
4203 4908 4344 4951 esse

2403 4973 2755 5055 gratuitam
2790 4971 3166 5037 electionem
3204 4970 3505 5054 colligere
3542 4973 3729 5048 ausit,
3767 4970 3870 5035 vel
3909 4991 4168 5036 eausam
4204 4974 4344 5038 eius

355 5062 678 5126 iustitiam
724 5058 1060 5141 peccatori,
1107 5070 1331 5123 contra
1375 5078 1568 5138 quam
1616 5058 1701 5120 sit
1742 5055 2150 5138 promeritus,
2191 5078 2306 5122 ac-
2347 5100 2351 5121 i
2402 5078 2540 5123 esse
2616 5057 2996 5121 caritatem?
3078 5056 3257 5138 Quin
3330 5058 3577 5139 potius,
3637 5065 3712 5121 ut
3779 5059 4062 5140 gratuita
4116 5058 4344 5124 electio

356 5157 549 5229 cepto
604 5147 755 5223 fert,
791 5145 987 5228 idque
1041 5144 1430 5207 iniustitiam
1484 5163 1613 5205 non
1672 5141 2069 5230 imputanda
2151 5141 2293 5220 Illa,

356 5234 665 5315 inquam,
721 5240 822 5295 est
872 5239 1094 5294 nostra
1158 5229 1434 5304 iustitia,
1488 5248 1652 5308 quae
1709 5248 1749 5290 a
1792 5226 2001 5291 Paulo
2057 5225 2295 5291 descri-

359 5318 572 5396 bitur,
619 5317 789 5399 quod
835 5316 1018 5381 Deus
1064 5337 1183 5380 nos
1237 5314 1361 5379 sibi
1416 5315 1484 5377 in
1543 5311 1806 5377 Christo
1853 5311 2299 5378 reconciliavit

2346 5136 2353 5363 l

2538 5330 2594 5395 1)
2633 5330 2943 5398 Ubicunque
2982 5345 3128 5399 erge,
3168 5329 3302 5383 1576
3336 5346 3474 5398 seqq.
