5100 6061
314 431 429 489 113

303 615 592 692 insutus,
662 627 729 681 et
793 617 861 679 in
922 618 1165 683 flumen
1224 618 1546 700 proiectus
1604 625 1807 695 esset,
1871 617 1991 682 hoc
2046 639 2253 701 genus

301 703 608 786 supplicii
674 702 755 766 ad
823 702 1178 785 parricidas
1246 703 1614 768 traductum
1680 710 1798 769 est.
1912 702 2252 787 Siquidem

298 788 575 854 deorum
620 810 695 855 ac
740 798 1085 871 parentum
1130 789 1553 855 violationem
1598 811 1801 872 aeque
1847 791 2097 873 expiari
2146 812 2252 855 ae-

300 897 500 957 quum
547 884 666 952 est,
714 875 808 938 ait
851 874 1172 939 Valerius.
1261 874 1343 938 In
1389 874 1713 939 codicibus
1760 874 2065 959 Dionysii
2111 876 2251 940 Ha-

299 960 680 1027 licarnassei
733 961 976 1044 legitur
1033 961 1126 1025 M.
1183 959 1507 1025 Attilium.
1611 962 1757 1045 Ego
1816 962 1908 1025 M.
1962 961 2253 1026 Tullium

301 1046 751 1129 reponendum
817 1068 1045 1112 censeo
1113 1068 1195 1111 ex
1264 1046 1548 1111 Valerio.
1660 1048 1843 1129 Lege
1907 1048 2115 1111 multa
2181 1048 2250 1111 in

301 1133 473 1199 hanc
518 1133 914 1197 sententiam
969 1133 1040 1195 in
1083 1133 1378 1196 oratione
1434 1131 1772 1197 Ciceronis
1826 1153 1944 1215 pro
1994 1133 2251 1212 Roscio,

299 1239 496 1301 quam
554 1240 754 1300 supra
809 1219 1174 1283 citavimus.
1280 1217 1386 1282 Ad
1447 1218 1571 1282 hoc
1618 1218 1851 1281 alludit
1916 1219 2251 1284 Iuvenalis

300 1303 379 1369 de
424 1304 689 1368 Nerone
731 1304 1002 1385 loquens
1046 1303 1371 1386 parricida
1413 1311 1480 1368 et
1525 1302 1889 1369 matricida:

578 1407 741 1460 Cuius
778 1406 1042 1487 simplicio
1080 1423 1187 1460 uon
1224 1406 1408 1460 debuit
1440 1423 1549 1460 una
1623 1407 1763 1459 arari

579 1474 756 1541 Simia,
795 1490 892 1527 nec
929 1491 1152 1542 serpens
1189 1492 1343 1542 unus»,
1379 1491 1478 1528 nec
1516 1476 1720 1528 culeus
1756 1490 1911 1530 unus·

300 1561 391 1626 Et
435 1561 618 1626 alibi:

302 1662 448 1733 [pag.
465 1662 586 1731 105]
644 1663 719 1717 Et
755 1664 1123 1718 deducendum
1162 1665 1307 1717 corio
1346 1664 1499 1718 bovis
1535 1665 1587 1716 in
1625 1680 1788 1731 mare,
1828 1681 1945 1717 cum
1982 1680 2088 1732 quo

645 1732 923 1787 Clauditur
957 1732 1200 1787 adversis
1233 1733 1452 1786 innoxia
1490 1734 1638 1785 simia
1672 1733 1817 1787 fatis.

470 1818 850 1883 Mollissimo
899 1839 1120 1902 yenere
1165 1816 1429 1904 poenae]
1497 1819 1630 1882 Pro
1686 1827 1950 1902 peccato
2009 1840 2249 1904 magno

342 1904 640 1969 aululum
684 1905 986 1988 supplicii
1031 1904 1191 1970 satis
1235 1911 1337 1968 est
1377 1905 1576 1986 patri,
1625 1905 1838 1987 inquit
1881 1906 2244 1970 Terentius,

297 1926 747 2071 {Quamobrem
789 1990 979 2055 divus
1025 1990 1358 2055 Adrianus
1414 1992 1623 2054 fertur
1666 2012 1815 2055 eum
1869 1991 1981 2074 qui
2026 1992 2094 2055 in
2136 2014 2249 2057 ve-

297 2079 563 2143 natione
602 2078 812 2141 filium
850 2099 1041 2141 suum
1070 2087 1434 2151 necaverat,
1471 2075 1641 2159 quod
1677 2097 2026 2143 novercam
2065 2076 2249 2142 adul-

294 2170 557 2239 teraret,
604 2164 674 2227 in
718 2162 1005 2228 insulam
1051 2162 1455 2246 deportasse,
1504 2161 1674 2243 quod
1718 2162 1993 2227 latronis
2037 2165 2248 2247 magis

293 2249 435 2313 iure
490 2270 689 2331 quam
746 2250 953 2331 patris
1011 2270 1164 2313 eum
1239 2248 1685 2313 interfecisset.
1794 2249 1968 2313 Nam
2031 2250 2247 2332 patria

292 2344 587 2418 potestas
627 2337 697 2399 in
744 2336 985 2416 pictate
1030 2334 1253 2413 debet,
1310 2355 1444 2397 non
1496 2334 1565 2397 iu
1621 2335 1957 2398 atrocitate
2002 2336 2248 2401 consis-

293 2430 449 2485 tere.
542 2420 623 2484 Id
670 2423 868 2486 refert
909 2420 1278 2485 Martianus
1318 2420 1836 2485 iurisconsultus.

469 2504 549 2569 In
582 2507 719 2587 filio
762 2504 1246 2592 adulescentulo]
1293 2506 1711 2589 Argumenta
1745 2528 1785 2570 a
1819 2507 2248 2572 circumstan-

293 2593 420 2671 tiis,
471 2594 758 2674 primum
802 2591 973 2674 quod
1020 2592 1409 2657 adulescens
1445 2600 1658 2656 aetate
1702 2591 1954 2657 lubrica
1995 2594 2066 2656 in
2110 2616 2248 2659 sce-

293 2679 398 2744 lus
443 2679 669 2761 lapsus
714 2680 825 2755 sit,
883 2677 1118 2743 deiude
1169 2678 1339 2759 quod
1383 2699 1516 2742 non
1559 2676 1775 2742 audax
1822 2700 1896 2743 ac
1941 2700 2248 2761 praeceps

293 2766 495 2829 fuerit
536 2765 606 2827 in
650 2765 936 2830 facinore
980 2762 1427 2846 perpetranda

1000 2933 1303 3037 cAtnm
1345 2969 1535 3035 xvi.

477 3109 531 3175 Ο
588 3110 848 3192 diynum
891 3129 1069 3189 quem
1121 3110 1193 3173 in
1232 3109 1561 3174 consilium
1593 3113 1813 3189 patres
1864 3110 2243 3175 advocarent.

303 3199 356 3261 0
408 3197 672 3278 diynum
714 3216 894 3275 quem
937 3194 1321 3261 cohaeredem
1371 3194 1789 3260 innocentibus
1831 3195 2043 3261 liberis
2095 3198 2246 3260 scri-

295 3283 514 3349 berent.
581 3280 761 3344 Haec
793 3282 1110 3346 clementia
1150 3283 1503 3362 principem
1537 3282 1730 3360 decet,
1776 3287 1844 3345 ut
1889 3302 2243 3364 quocunque

291 3368 541 3442 venerit,
589 3369 1014 3431 mansuetiora
1039 3369 1251 3431 omnia
1277 3368 1489 3448 faciat.
1555 3367 1751 3432 Nemo
1783 3370 1916 3450 reyi
1936 3374 2068 3433 tam
2094 3370 2243 3434 vilis

291 3458 389 3532 sit,
412 3459 482 3517 ut
504 3453 691 3518 illum
700 3455 913 3534 perire
934 3474 1057 3516 non
1077 3455 1318 3531 sent-iat,
1342 3455 1451 3533 qui
1471 3453 1919 3534 qualiscunque
1927 3474 2092 3535 pars
2128 3455 2243 3518 im-

280 3541 457 3622 perii
501 3545 607 3602 est.
698 3539 782 3601 In.
833 3560 1067 3621 mayna
1122 3540 1391 3619 imperia
1433 3560 1509 3604 ea:
1551 3538 1901 3604 minoribus
1945 3547 2242 3621 petamus

293 3625 654 3707 exemplum.
725 3625 871 3688 Non
913 3630 1000 3688 est
1044 3646 1239 3688 unum
1285 3625 1638 3705 imperandi
1678 3644 1890 3707 yenus.
1959 3625 2243 3707 Imperat

282 3714 583 3794 princeps
628 3712 863 3774 civibus
905 3712 1073 3789 suis,
1108 3716 1295 3792 pater
1335 3712 1565 3788 liberiS,
1599 3715 1985 3792 praeceptor.
2007 3712 2243 3778 discene

292 3799 484 3876 tibus,
542 3797 832 3861 tribunus
886 3797 976 3859 vel
1032 3800 1302 3861 centurio
1360 3796 1683 3861 militibus,
1776 3796 1996 3861 Nonne
2036 3798 2242 3878 pessi-

293 3905 433 3949 mus
463 3889 654 3964 pater
696 3882 1015 3961 videbitur,
1061 3885 1169 3964 qui
1212 3883 1492 3947 assiduis
1520 3884 1741 3964 playis
1782 3882 2008 3947 liberos
2049 3883 2240 3948 etiam

294 3992 372 4034 ex
412 3970 754 4033 levissimis
808 3970 1019 4034 causis
1072 3969 1513 4050 compesceret?
1618 3968 1763 4034 Uter
1804 3973 2012 4032 autem
2054 3991 2241 4051 prae-

291 4062 492 4137 ceptor
537 4055 900 4119 liberalibus
942 4053 1176 4119 studiis
1209 4057 1474 4138 diqnior,
1517 4056 1628 4136 qui
1670 4054 2071 4135 excarnificat
2113 4057 2242 4120 dis-

291 4142 530 4224 cipulos
571 4142 633 4205 si
675 4141 973 4205 memoria
1016 4142 1151 4205 illis
1191 4161 1314 4206 non
1353 4143 1714 4220 constiterit,
1757 4145 1869 4205 aut
1909 4143 1970 4204 si
2001 4163 2242 4223 parum

295 4228 485 4310 ayilis
530 4228 600 4290 in
643 4226 889 4309 leyendo
931 4228 1140 4291 oculus
1180 4226 1474 4292 haeserit:
1520 4248 1603 4291 an
1648 4228 1760 4308 qui
1802 4227 2242 4294 monitionibus

293 4321 349 4380 et
390 4313 767 4377 verecundia
820 4314 1146 4378 emendare
1201 4334 1274 4377 ac
1310 4314 1526 4378 [docere
1567 4313 1793 4379 malit?
1891 4313 2242 4379 Tribunum

218 4451 225 4464 .
293 4399 825 4479 centurionemque
856 4400 942 4463 da
964 4419 1234 4476 saevum,
1279 4400 1619 4464 desertores
1647 4399 1863 4481 faciet:
1897 4399 2121 4480 quibus
2154 4406 2244 4465 ta-

293 4507 435 4551 men
486 4486 847 4567 iquoscitur.
939 4484 1113 4549 Num
1166 4485 1467 4565 quidnam
1511 4506 1778 4566 aequum
1822 4491 1936 4564 est,
1982 4489 2247 4568 yravius

293 4572 552 4648 homini,
596 4576 653 4633 et
693 4570 924 4658 durius
964 4571 1288 4651 imperari,
1331 4593 1521 4652 quam
1563 4573 1910 4654 imperatur
1949 4574 2247 4639 animali-

294 4659 409 4722 bus
450 4657 692 4721 mutis?
746 4655 978 4738 ‘Atqui
1034 4678 1260 4738 equum
1314 4679 1431 4722 non
1478 4658 1710 4722 crebris
1750 4657 2099 4722 verberibus
2143 4680 2246 4724 ex-

293 4749 477 4809 terret
529 4743 830 4808 domandi
866 4744 1115 4824 peritus
1159 4745 1473 4825 mayister.
1567 4743 1707 4808 Fiet
1749 4744 1914 4808 enim
1954 4745 2247 4824 formido-

293 4830 467 4896 losus
510 4835 566 4891 et
622 4834 977 4906 contumax,
1034 4831 1165 4892 nisi
1207 4850 1346 4893 eum
1387 4835 1552 4894 tactu
1599 4829 1942 4894 blandiente
1971 4832 2248 4910 permul-

293 4918 473 4980 seriS.
560 4914 738 4978 Idem
779 4916 930 4996 tacit
972 4920 1248 4992 venator,
1291 4917 1401 4996 qui
1453 4917 1726 4980 instituit
1776 4915 2011 4980 catulos
2073 4919 2248 4983 vesti·

291 5003 405 5085 yia
446 5002 640 5081 sequi,
684 5002 909 5080 quique
953 5003 1084 5064 iam
1129 5001 1480 5065 exercitatis
1516 5003 1713 5065 editur
1754 5003 1840 5066 ad
1885 5003 2247 5069 excitandas

295 5088 390 5150 vel
422 5089 888 5169 persequendas
929 5087 1129 5168 feras,
1173 5107 1280 5152 nec
1323 5087 1528 5150 crebro
1573 5088 1708 5153 illis
1750 5089 2058 5153 minatur:
2106 5109 2243 5154 con·

297 5175 508 5238 tundet
561 5174 727 5236 enim
782 5175 1054 5251 animos,
1110 5177 1167 5237 et
1208 5172 1514 5252 quidqu-id
1557 5178 1644 5238 est
1685 5175 1945 5251 indoli-5,
2003 5176 2246 5239 commi-

296 5265 526 5323 nuetur
581 5259 987 5340 trepidatione
1041 5258 1340 5342 deyeneri.
1433 5257 1561 5322 Nee
1613 5258 1927 5323 licentiam
1971 5262 2245 5344 vayandi

294 5346 676 5424 errandique
736 5346 983 5425 passi-m
1037 5345 1316 5410 coneedit.
1416 5343 1713 5408 Adi-icius
1754 5345 1855 5410 his
1906 5347 2074 5426 licet,
2118 5353 2244 5412 tar-

515 5446 737 5500 Calvini
765 5463 946 5516 opera.
1029 5449 1142 5503 Vol.
1190 5449 1246 5502 V.

1690 428 1977 493 LIBER
2021 430 2074 494 I.
2168 429 2470 498 CAPUT
2516 433 2669 498 XV.
2740 433 2930 499 XVI.

4200 446 4323 507 114

2356 621 2541 685 diora
2584 628 2830 706 ayentes
2873 625 3178 689 iumenta:
3240 646 3400 705 quae
3441 645 3633 707 quum
3676 628 3762 691 ad
3817 631 4217 696 contumelias
4266 638 4323 698 et

2356 708 2652 857 ἴξῖἑῖιὲε
2693 715 2845 773 nata
2884 711 3030 790 sint,
3065 711 3268 775 nimia
3311 712 3575 777 saevitia
3610 719 3908 797 coquntur
3951 717 4165 800 iuyum
4217 719 4321 783 cle-

2535 937 2678 1008 [pag.
2726 938 2866 1007 106]
2943 932 3134 1012 Quem
3189 938 3412 1013 patres
3462 935 3532 997 in
3583 936 3938 1024 consilium]
4001 937 4134 1019 Qui
4179 950 4318 1006 tam

2355 1014 2549 1079 fidele
2610 1016 2950 1080 consilium
2986 1016 3172 1082 daret
3214 1021 3626 1100 parentibus,
3686 1031 3753 1085 et
3795 1038 4315 1092 consentaneum

2357 1112 2671 1183 paternae
2715 1101 3217 1167 mansuetudini.

2535 1186 2940 1251 Cohaereclem
2973 1189 3390 1254 innocentibus
3421 1189 3663 1277 liberis]
3715 1191 3848 1273 Qui
3883 1217 4013 1260 non
4050 1218 4317 1263 consec-

2358 1280 2613 1336 taretur
2671 1273 3105 1338 haereditates
3148 1296 3231 1338 ex
3275 1276 3547 1340 crimine
3591 1277 3974 1360 liberorum,
4034 1303 4156 1349 nec
4202 1283 4315 1348 de-

2358 1357 2586 1421 iiceret
2630 1381 2665 1422 e
2709 1358 2919 1441 gradu
2961 1359 3287 1442 legitimos
3332 1361 3644 1428 haeredes
3688 1374 3763 1428 ut
3805 1387 3875 1430 se
3919 1368 4267 1450 ingereret.

2535 1442 2915 1530 Scriberent]
2978 1443 3280 1531 Scribere
3337 1446 3685 1513 haeredem
3743 1449 3914 1514 dixit
3957 1452 4144 1517 iuxta
4188 1451 4311 1519 dif-

2356 1529 2702 1595 ferentiam
2770 1531 2842 1594 in
2908 1531 3050 1594 iure
3110 1531 3553 1611 observatam,
3620 1544 3695 1598 ut
3748 1536 3982 1602 haeres
4026 1540 4313 1623 scriptus

2356 1625 2729 1698 opponatur
2772 1614 3037 1680 haeredi
3078 1626 3467 1700 nuncupato.
3571 1620 3871 1687 Iulianus
3913 1623 3985 1686 in
4029 1624 4176 1690 l..si
4217 1627 4314 1691 ita

2357 1703 2674 1784 scriptum
2711 1704 2776 1766 ff.
2837 1701 2916 1766 de
2975 1703 3294 1768 bonorum
3350 1724 3624 1785 possess.
3672 1707 4031 1772 secundum
4075 1711 4306 1777 tabul.:

2354 1786 2549 1850 Nam.
2574 1786 3121 1870 quemadmodum
3166 1788 3301 1853 filio
3347 1790 3589 1871 scripto
3641 1791 3907 1857 haeredi
3951 1798 4310 1878 separatim

2355 1872 2437 1936 ab
2509 1871 2898 1938 haeredibus
2978 1874 3214 1957 patris,
3317 1876 3407 1938 ita
3482 1887 3856 1959 nuncupato
3923 1889 4137 1962 potest
4208 1884 4306 1948 vi-

2355 1957 2494 2022 deri
2559 1960 2915 2043 separatim
2981 1981 3020 2024 a
3080 1962 3339 2042 scriptis
3401 1963 3609 2044 patris
3668 1962 4058 2030 haeredibus
4107 1968 4306 2033 bono-

2354 2066 2500 2108 rum
2578 2047 3054 2128 possessionem
3132 2045 3291 2110 dari.
3428 2048 3521 2111 Et
3595 2048 3836 2113 ibidem
3927 2052 4307 2119 substitutio
4351 2108 4362 2119 .

2351 2151 2470 2212 per
2514 2131 3084 2214 nuncupationem.
3174 2133 3498 2215 Ulpianus
3555 2135 3621 2197 in
3667 2134 3707 2198 l.
3755 2134 4070 2203 haeredes
4115 2140 4178 2203 ff.
4227 2139 4310 2204 de

2352 2223 2530 2281 test.:
2588 2216 2926 2282 Haeredes
2971 2218 3217 2300 palam,
3274 2227 3348 2282 ut
3391 2219 3690 2283 exaudiri
3730 2222 4010 2303 possint,
4057 2247 4309 2291 nuncu-

2351 2302 2546 2383 pandi
2596 2311 2767 2368 sunt.
2839 2304 3099 2368 Licebit
3142 2325 3298 2387 ergo
3333 2306 3599 2369 testanti
3642 2307 3748 2369 vel
3789 2307 4101 2375 haeredes
4138 2332 4308 2374 nun-

2352 2408 2623 2469 cupare,
2683 2389 2785 2452 vel
2841 2389 3142 2454 scribere.
3235 2388 3369 2454 Sed
3411 2393 3466 2454 si
3511 2403 3881 2475 nuncupat,
3928 2395 4149 2477 palam
4194 2395 4308 2461 de-

2353 2472 2475 2551 bet.
2570 2474 2756 2538 Idem
2796 2477 2842 2558 ξ.
2889 2475 3060 2557 quod
3104 2497 3284 2540 vero:
3335 2474 3531 2556 Quod
3577 2500 3731 2541 vero
3775 2480 3920 2561 quis
3967 2482 4308 2547 obscurius

2352 2560 2421 2622 in
2467 2569 2859 2624 testamento
2898 2561 3004 2625 vel
3051 2571 3405 2645 nuncupat,
3451 2562 3559 2627 vel
3605 2564 3846 2639 scribit,
3895 2586 3981 2628 an
4016 2576 4164 2649 post
4199 2589 4306 2633 so-

2351 2644 2577 2710 lennia
2640 2645 2952 2729 explicari
3018 2648 3253 2730 possit,
3323 2649 3675 2729 quaeritur.
3778 2651 4305 2736 Ergo·scriptus

2353 2731 2587 2796 haeres
2632 2752 2825 2814 quem
2881 2741 3152 2797 testator
3206 2754 3407 2797 manu
3452 2755 3572 2798 sua
3616 2736 3984 2818 scripserit,
4045 2760 4302 2803 nuncu—

2349 2824 2572 2899 patuS,
2631 2818 2817 2882 cuius
2869 2839 3108 2881 nomeu
3175 2818 3517 2883 dictaverit
3581 2828 3853 2885 testator
3920 2823 4134 2887 scriba
4186 2846 4304 2888 ex-

2350 2904 2651 2986 cipiente.
2723 2902 2917 2984 Quod
2958 2902 3243 2968 ostendit
3278 2905 3701 2986 Tranquillus
3745 2908 3816 2970 in
3860 2909 4163 2992 Augusto
4200 2909 4305 2973 his

2350 2990 2597 3058 verbis:
2638 2990 3134 3055 Testamentum
3171 2989 3339 3073 quod
3375 2990 3433 3054 is
3468 2991 3720 3056 Romae
3755 2993 3956 3057 etiam
3994 2993 4074 3059 de
4111 2993 4303 3060 Cleo-

2348 3085 2577 3159 patrae
2620 3075 2842 3141 liboris
2885 3077 3063 3141 inter
3106 3074 3422 3141 haeredes
3479 3080 3871 3162 nuncupatis
3927 3081 4300 3164 reliquerat,

2348 3162 2773 3246 aperiendum
2853 3160 3390 3245 recitandumque
3459 3184 3574 3245 pro
3651 3166 3961 3232 concione
4027 3168 4297 3232 curavit.

2346 3250 2563 3313 Erant
2607 3250 2782 3314 enim
2835 3248 3024 3313 liberi
3076 3246 3459 3331 Cleopatrae
3515 3251 3584 3314 in
3637 3257 4030 3316 testamento
4076 3252 4304 3335 scripti

2347 3333 2694 3415 haeredes,
2752 3334 2866 3400 sed
2911 3335 2993 3399 ab
3053 3337 3465 3413 amanuensi,
3523 3338 3812 3401 Antonio
3855 3345 4301 3421 nuncupante,

2346 3442 2459 3485 seu
2507 3420 2811 3486 dictante.
2900 3421 3237 3486 Iuvenalis
3283 3419 3529 3505 Satyra
3571 3423 3732 3487 ΙΠ.;

2760 3524 2890 3591 Quis
2927 3540 3135 3592 pauper
3172 3524 3421 3578 scribitur
3457 3525 3691 3579 haeres?

2343 3609 2531 3675 Idem
2577 3609 2826 3694 Satyra
2870 3610 2952 3673 V.
2970 3632 2982 3673 :

2655 3712 2777 3767 Non
2817 3729 2953 3766 unus
2989 3712 3086 3766 tibi
3121 3712 3304 3766 rivalis
3341 3713 3630 3768 dictabitur
3663 3715 3879 3771 haeres.

2343 3799 2750 3876 Dictabitur,
2805 3796 2872 3862 id
2924 3807 3025 3863 est
3077 3799 3576 3880 nuncupabitur.
3667 3798 3819 3880 Qua
3862 3801 4112 3866 ratione
4159 3801 4303 3867 Pli-

2344 3887 2493 3950 nius
2571 3885 2736 3949 libro
2789 3883 2983 3948 VIII.
3060 3884 3271 3967 Epist.
3349 3883 3520 3949 dixit
3578 3893 4029 3969 nuncupatum
4097 3894 4304 3952 testa-

2341 3978 2659 4036 mentum.

2518 4057 2605 4121 In
2645 4076 2877 4140 maqna
2918 4055 3185 4136 imperia
3228 4076 3303 4118 ea:
3345 4054 3716 4142 minoribus]
3763 4058 4010 4140 Arg-uit
4042 4078 4084 4122 a
4120 4057 4303 4124 simi-

2344 4143 2532 4208 libus.
2638 4139 3236 4223 Quemadmodum,
3294 4141 3538 4222 inquit,
3598 4143 3902 4224 princeps
3959 4144 4095 4207 suis
4139 4144 4302 4209 civi-

2345 4231 2467 4295 bus
2524 4229 2839 4311 imperat,
2897 4229 2988 4291 ita
3040 4236 3225 4310 pater
3264 4226 3448 4304 filiis,
3508 4237 3889 4310 praeceptor
3945 4227 4300 4313 discipulis,

2346 4314 2649 4379 tribunus
2705 4335 2824 4378 seu
2891 4314 3184 4379 centurio
3229 4312 3567 4377 militibus.
3660 4315 3862 4397 Atqui
3913 4335 4046 4379 non
4091 4315 4302 4380 bonus

2349 4409 2451 4465 est
2493 4409 2697 4483 pater,
2745 4400 2857 4484 qui
2892 4421 3120 4481 aspere
3165 4400 3372 4465 filium
3409 4406 3663 4477 tractat,
3703 4421 3824 4464 nec
3867 4401 4077 4466 bonus
4112 4423 4302 4485 prae-

2349 4495 2592 4570 ceptor,
2639 4487 2749 4570 qui
2795 4484 3202 4569 discipulum,
3247 4505 3367 4549 nec
3413 4485 3619 4550 bonus
3656 4488 3974 4566 centurie,
4022 4489 4132 4569 qui
4176 4488 4301 4551 mi-

2347 4573 2550 4638 litem.
2648 4574 2832 4656 Ergo
2887 4593 3009 4636 nec
3061 4572 3269 4636 bonus
3323 4570 3628 4653 princeps
3686 4572 3992 4637 acerbum
4035 4582 4102 4638 et
4152 4597 4300 4640 eru-

2350 4659 2564 4724 delem
2610 4680 2837 4743 gerere
2894 4679 2964 4721 se
3008 4677 3165 4741 erga
3218 4678 3371 4720 suos
3412 4655 3620 4722 debet.
3711 4659 3939 4741 Neque
3986 4681 4301 4742 superva-

2350 4767 2545 4811 cuum
2580 4752 2680 4810 est
2714 4742 2886 4827 quod
2918 4740 3173 4809 Seneca
3207 4764 3472 4807 rursum
3508 4744 4002 4810 similitudinem
4037 4767 4076 4809 a
4111 4754 4302 4829 patre

2349 4829 2576 4896 trahit.
2666 4828 2845 4895 Sunt
2878 4830 3053 4894 enim
3097 4829 3319 4893 variae
3363 4829 3844 4896 similitudines.
3912 4832 4108 4895 Prius
4144 4851 4299 4897 con-

2348 4916 2599 4982 ferebat
2638 4915 3005 4999 principem
3049 4935 3198 4978 cum
3242 4923 3458 4997 patre,
3503 4917 3654 4998 quia
3696 4918 3998 4999 princeps
4039 4925 4140 4980 est
4183 4938 4298 5002 pa-

2349 5009 2454 5067 ter
2508 5003 2791 5087 patriae,
2861 5007 2928 5065 et
2981 4999 3301 5065 dominari
3366 5002 3503 5068 suis
3563 5001 3754 5066 debet
3812 5003 3997 5084 quasi
4053 5002 4295 5069 liberis.

2347 5089 2543 5155 Nunc
2598 5088 2928 5170 componit
2980 5096 3233 5169 patrem
3298 5107 3448 5164 cum
3504 5088 3822 5170 principe,
3898 5089 4053 5171 quia
4108 5098 4300 5172 pater

2344 5173 2519 5240 inter
2561 5175 2728 5238 filios
2773 5180 2874 5238 est
2908 5173 3093 5255 quasi
3136 5173 3424 5257 regulus.

2523 5260 2746 5324 Nonne
2776 5260 3097 5339 pessimus
3131 5257 3346 5408 pater?
3405 5261 3530 5324 Est
3574 5260 3748 5322 enim
3793 5269 3979 5341 pater
4022 5268 4299 5326 naturae

2345 5346 2732 5429 prodigium,
2778 5346 2885 5429 qui
2925 5345 3230 5411 affectum
3264 5346 3310 5408 il
3342 5367 3451 5409 um
3494 5346 3730 5410 amoris
3769 5366 3902 5410 non
3937 5348 4107 5430 gerit
4140 5368 4310 5433 erga
