5100 6061
378 421 458 480 65
1728 368 1733 375 ’
1780 404 2071 472 Lmen
2112 405 2165 469 1.
2256 403 2561 469 CAPUT
2602 401 2760 467 vn.
2820 399 3016 466 vm.
4319 395 4401 458 66

379 604 615 683 aiendi,
674 622 864 684 quam
918 619 1113 665 causa
1155 597 1419 680 deficiat.
1509 596 1770 677 Alioqui
1819 594 2336 676 quemadmodum
2440 613 2515 657 ac
2578 592 2711 656 suis
2769 589 3136 674 parietibus
3182 559 3487 670 cognitus
3532 584 3673 652 est?
3765 582 3878 650 Sic
3923 590 4127 659 aetas,
4189 588 4264 646 ut
4308 582 4406 647 ait

368 691 703 773 praecisae
739 687 992 752 arbores
1013 686 1325 767 plurimis
1360 684 1564 748 ramis
1598 681 1998 765 repullulant,
2044 685 2100 743 et
2133 680 2336 743 multa
2439 677 2550 741 ille
2568 730 2583 755 ,
2631 699 2749 760 per
2792 677 3064 741 tacitum
3107 676 3272 752 fluit,
3320 682 3387 738 et
3431 671 3568 736 dies
3604 672 3746 737 sine
3791 671 4069 752 strepitu
4111 678 4401 751 praeter-

381 782 661 842 satorum
698 794 958 858 yeuera,
1008 777 1079 836 ut
1116 772 1411 836 densiora
1452 774 1751 852 surqant,
1799 767 2182 843 reciduntur,
2244 767 2337 828 ita
2443 771 2620 828 eunt.

382 865 559 947 reyia
611 858 948 926 erudelitas
1007 863 1183 940 auyet
1237 857 1639 921 inimieorum
1688 872 2015 919 uumerwm
2060 851 2334 916 tollendo.

391 949 695 1015 Parentes
737 947 901 1010 enim
943 945 1239 1025 liberique
1284 963 1495 1006 eorum
1538 942 1650 1023 qui
1696 939 1996 1020 interfecti
2052 943 2227 1015 sunl,
2285 941 2339 1000 et

379 1035 751 1118 propinqui,
805 1036 861 1096 et
905 1031 1122 1109 amici,
1178 1031 1249 1092 in
1298 1028 1494 1092 locum
1548 1027 1938 1109 singulorum
1992 1024 2336 1089 succedunt.

386 1124 520 1188 Hoc
563 1142 753 1204 quam
792 1137 1007 1184 verum
1051 1118 1161 1185 sit,
1218 1115 1546 1179 admonere
1591 1118 1644 1176 te
1688 1111 1961 1192 exemplo
2016 1110 2340 1175 domestico

385 1212 537 1277 volo.

562 1331 764 1393 Visus
811 1335 912 1389 est
947 1322 1202 1388 Seneca
1245 1321 1476 1385 duram
1512 1320 1847 1401 imponere
1884 1317 2147 1400 regibus
2185 1336 2340 1381 con-

386 1418 724 1491 ditionem,
770 1432 971 1496 quum
1015 1407 1547 1473 vociferationem
1592 1405 2064 1485 verborumque
2105 1404 2340 1465 intem-

389 1503 756 1588 perantiam
814 1499 882 1562 in
949 1496 1080 1561 illis
1134 1496 1557 1576 vituperaret.
1662 1489 1737 1555 Si
1796 1489 1951 1571 quid
2009 1498 2109 1554 est
2164 1488 2342 1553 enim

392 1590 669 1654 liberum
726 1586 796 1649 in
855 1584 1146 1659 homine,
1216 1581 1446 1661 lingua
1496 1588 1612 1642 est.
1725 1573 2122 1640 Detruditur
2187 1596 2341 1657 ergo

388 1678 457 1741 in
477 1706 499 1735 ο
523 1682 920 1757 postremam
986 1668 1399 1744 servitutem,
1472 1666 1577 1730 cui
1642 1662 2018 1744 ademptum
2085 1667 2185 1725 est
2246 1660 2341 1724 10-

387 1759 631 1845 quendi
689 1755 1054 1822 arbitrium.
1146 1750 1455 1835 Oportet,
1501 1750 1717 1833 inquit
1761 1748 2091 1823 Tiberius,
2132 1748 2216 1810 in
2263 1747 2341 1810 li-

388 1848 547 1913 bera
590 1845 853 1911 civitate
898 1842 1134 1905 liberas
1178 1858 1320 1903 esse
1358 1836 1632 1919 linguas,
1723 1832 1921 1899 Solus
1965 1833 2023 1897 18
2067 1834 2176 1915 qui
2234 1855 2343 1898 su-

391 1955 512 2017 pra
566 1931 933 1995 libertatem
987 1935 1116 2002 est,
1178 1923 1436 1989 silentio
1493 1922 1749 1988 serviet.
1840 1920 1971 1985 Hic
2031 1940 2168 1984 rem
2226 1940 2344 2000 per

397 2043 466 2085 se
510 2038 808 2100 asperam
852 2012 1065 2077 mollit
1112 2016 1259 2090 [pag.
1302 2015 1407 2088 55]
1459 2006 1726 2085 Seneca,
1772 2028 1948 2071 nunc
1997 2006 2343 2070 verborum

393 2105 783 2179 deflexione,
851 2120 1030 2164 nunc
1094 2098 1263 2185 aptis
1327 2094 1931 2178 comparationibus
2037 2089 2345 2156 Ostendit

392 2194 570 2259 enim
616 2190 739 2253 hoc
782 2185 1140 2250 maiestatis
1194 2183 1463 2266 plenum
1507 2201 1676 2258 esse,
1722 2202 1855 2244 non
1899 2177 2344 2241 contaminare

395 2276 772 2345 scurrilibus
818 2271 1036 2337 verbis
1081 2270 1520 2334 maiestatem:
1580 2275 1836 2330 tantum
1882 2265 2065 2328 abest
2108 2273 2184 2327 ut
2226 2262 2345 2327 ali-

393 2365 551 2450 quid
593 2358 896 2445 dignitati
956 2357 1351 2421 detrahatur.
1441 2354 1739 2417 Virtutes
1783 2360 1849 2417 et
1895 2351 2050 2415 vitia
2103 2350 2345 2431 princi-

394 2473 554 2537 pum
599 2467 740 2512 esse
783 2446 854 2509 in
899 2451 1142 2528 aperto.
1212 2443 1274 2505 A
1320 2439 1496 2504 vitiis
1541 2438 1905 2504 cavendum
1948 2443 2023 2500 ut
2066 2435 2238 2500 solae
2283 2446 2349 2498 et

396 2558 603 2623 purae
659 2535 931 2599 virtutes
986 2531 1341 2594 emineant:
1404 2525 1644 2608 vulgus
1701 2532 1921 2589 autem
1976 2522 2110 2587 suis
2163 2530 2346 2585 tene-

398 2625 535 2690 bris
614 2622 1028 2691 immersum,
1108 2611 1458 2697 inglorium
1524 2611 1744 2675 latere.
1858 2607 1969 2675 Sic
2036 2607 2348 2690 principis

398 2730 640 2793 magno
704 2703 1013 2771 comitum
1058 2700 1373 2783 adparatu
1431 2697 1808 2780 procedere,
1863 2697 2153 2778 privatos
2197 2693 2348 2757 nul-

400 2799 536 2861 lum
584 2791 825 2857 habere
860 2789 1255 2854 comitatum.
1344 2785 1647 2866 Denique
1682 2783 1852 2848 hanc
1896 2803 2036 2846 esse
2082 2780 2351 2844 deorum

404 2880 885 2953 necessitatem,
961 2876 1072 2955 qui
1148 2894 1264 2937 suo
1343 2870 1515 2935 00810
1592 2868 1789 2933 avelli
1866 2890 1997 2932 non
2063 2873 2348 2948 possunt,

406 2961 953 3053 quemadmodum
997 2981 1119 3023 nec
1164 2960 1464 3043 princeps
1509 2978 1624 3020 suo
1670 2955 1945 3039 fastigio,

580 3052 717 3117 Ista
756 3049 1004 3130 quidem
1046 3048 1309 3111 servitus
1352 3041 1466 3192 est}
1524 3044 1632 3107 Ex
1688 3062 1967 3124 persona
2016 3038 2349 3123 principie,

406 3143 519 3225 qui
573 3138 739 3202 nolit
796 3135 918 3201 sibi
973 3133 1136 3215 eripi
1189 3132 1424 3213 loquen
1470 3129 1492 3192 i
1548 3128 1909 3193 arbitrium.
2000 3124 2209 3206 Quasi
2255 3124 2352 3187 di-

407 3242 602 3299 ceret,
650 3245 780 3287 non
828 3241 968 3286 esse
1012 3218 1080 3282 id
1125 3217 1363 3281 rationi
1406 3225 1930 3291 consentaneum,
1976 3221 2052 3275 ut
2084 3211 2196 3294 qui
2230 3211 2353 3274 im-

402 3333 630 3397 perare
686 3309 905 3384 debet,
972 3305 1229 3370 serviat.
1321 3303 1403 3367 In
1459 3302 1629 3366 hanc
1685 3300 2075 3363 sententiam
2130 3305 2232 3363 est
2273 3296 2351 3359 il-

403 3400 518 3464 lud
562 3395 779 3462 Publii
822 3390 1293 3474 Mimographi:

679 3497 916 3565 Regibus
954 3500 1038 3548 est
1072 3495 1225 3560 peius
1259 3492 1427 3545 multo
1466 3506 1624 3557 quam
1662 3488 2031 3543 servientibus.

408 3590 502 3654 Et
539 3584 871 3653 Salustius
913 3582 983 3645 in
1030 3579 1344 3644 Catilina:
1390 3575 1523 3657 Qui
1567 3594 1807 3658 magno
1854 3573 2125 3656 imperio
2168 3591 2354 3654 prae-

409 3673 524 3738 diti
585 3673 657 3735 in
713 3667 969 3733 excelso
1024 3673 1302 3729 aetatem
1357 3671 1592 3746 agunt,
1648 3681 1874 3724 eorum
1927 3659 2096 3724 facta
2139 3658 2357 3722 cuncti

406 3758 716 3825 mortales
770 3774 1028 3818 novere.
1132 3751 1240 3814 Ita
1295 3751 1363 3813 in
1408 3749 1693 3812 maxima
1735 3747 2025 3821 fortuna,
2085 3744 2359 3807 minima

294 3887 299 3896 ·
409 3846 672 3912 licentia
707 3850 824 3906 est.
917 3839 1104 3920 Quae
1149 3836 1322 3919 apud
1367 3835 1525 3898 alios
1575 3831 1910 3898 iracundia
1955 3830 2220 3906 dicitur,
2281 3850 2359 3895 ea

410 3933 480 3997 in
556 3927 830 4011 imperio
908 3922 1210 4007 superbia
1285 3931 1474 4004 atque
1540 3917 1888 3984 crudelitas
1973 3915 2355 3999 appellatur.

410 4021 864 4102 Agamemnon
912 4013 1125 4088 etiam,
1172 4017 1248 4072 ut
1290 4009 1489 4073 refert
1522 4004 1921 4086 Plutarchus
1954 4003 2027 4065 in
2070 4002 2205 4065 vita
2238 4000 2359 4064 Ni-

413 4105 547 4170 ciae
566 4155 579 4180 ,
637 4101 762 4165 hoc
813 4119 1004 4180 saepe
1061 4095 1442 4177 usurpabat.
1532 4092 1731 4155 Vitae
1798 4096 2058 4153 nostrae
2115 4088 2360 4169 praesi-

415 4191 562 4255 dem
620 4186 880 4251 turbam
945 4183 1161 4246 sortiti
1216 4202 1474 4255 sumus,
1542 4173 2070 4256 multitudinique
2134 4172 2360 4256 procul

415 4275 607 4340 dubio
652 4273 904 4337 servire
947 4269 1258 4352 cogimur.

587 4359 749 4424 Alia
801 4356 1064 4422 conditio
1108 4359 1195 4417 est
1237 4372 1447 4417 eorum
1537 4348 1669 4430 Qui
1727 4348 1899 4412 enim
1957 4345 2080 4411 sibi
2124 4346 2364 4409 vivunt

416 4448 689 4514 obscuro
755 4444 896 4508 1000
951 4442 1169 4524 008111,
1226 4437 1448 4522 ignobi
1482 4436 1655 4499 'tatis
1714 4455 1867 4499 suae
1918 4431 2224 4502 beneficio
2269 4430 2362 4493 lo-

416 4542 710 4616 quuntur
777 4528 1005 4602 libere,
1087 4535 1151 4589 et
1224 4525 1471 4589 faciunt
1535 4522 1738 4585 libere
1805 4516 2121 4601 quidquid
2183 4516 2360 4581 libet.

416 4622 625 4686 Putas
683 4624 839 4698 quot
863 4615 908 4696 ¹)
981 4633 1348 4696 pauperum
1411 4607 1740 4691 praeclare
1808 4606 1980 4670 dicta
2039 4625 2113 4668 ac
2176 4603 2362 4680 facta,

416 4728 549 4770 non
615 4704 811 4786 longa
874 4707 1225 4774 vetustate,
1294 4696 1407 4762 sed
1461 4695 1658 4759 unius
1724 4699 1839 4756 aut
1901 4690 2169 4754 alterius
2237 4688 2366 4753 diei

417 4792 626 4875 spatio
685 4784 1157 4853 obliterantur?
1246 4783 1633 4864 Principum
1679 4779 1879 4842 verba
1934 4784 2127 4857 atque
2172 4796 2370 4858 opera

417 4876 615 4943 simul
662 4882 818 4940 sunt
860 4871 1052 4950 edita,
1098 4877 1447 4952 perpetuae
1491 4873 1953 4932 consecrantur
1995 4862 2364 4925 memoriae.

418 4965 745 5038 Rursum,
798 4980 962 5041 quae
1017 4957 1297 5039 turpiter
1354 4963 1471 5017 aut
1523 4953 1694 5016 facta
1747 4958 1862 5014 aut
1900 4948 2075 5013 dicta
2128 4947 2373 5011 fuerint

422 5071 461 5114 a
504 5050 664 5115 viris
699 5045 1113 5129 ignobilibus,
1153 5040 1376 5105 eodem
1414 5039 1724 5121 temporis
1761 5034 2034 5100 articulo
2071 5034 2368 5098 effluunt.

420 5137 592 5200 Nam
636 5153 765 5216 qua
807 5132 1057 5196 ratione
1102 5127 1530 5202 celebrentur,
1578 5124 1688 5187 ubi
1726 5132 1912 5186 autor
1947 5121 2071 5185 sibi
2114 5127 2371 5183 tantum

563 5356 623 5422 1)
664 5354 772 5409 Ed.
811 5356 982 5408 Amet.
1021 5352 1181 5423 quod.

638 5440 857 5496 Calvina?
886 5455 1069 5508 opera.
1152 5437 1265 5491 Vol.
1317 5435 1373 5489 V.

2631 849 2849 913 Vestra
2898 849 3067 930 faeta
3124 843 3434 931 dietaque]
3493 843 3682 908 Nihil
3735 841 3911 925 quod
3957 843 4034 905 fit
4077 848 4192 904 aut
4235 839 4397 905 dici-

2443 943 2553 999 tur
2597 956 2636 997 a
2678 934 2840 999 viris
2882 931 3306 1017 principibus,
3352 929 3612 1006 excidit,
3659 929 3817 1011 quin
3862 929 3930 991 in
3974 927 4209 1008 vulgus
4252 947 4399 1008 per-

2442 1022 2710 1100 feratur,
2757 1031 2824 1085 et
2867 1040 3016 1085 suos
3061 1019 3300 1083 habeat
3342 1017 3754 1100 interpretes
3848 1013 4088 1093 Quare,
4139 1024 4214 1077 ut
4257 1012 4397 1075 He-

2445 1106 2753 1171 rodianus
2799 1107 2917 1181 ait,
2974 1104 3356 1189 principum⁸
3387 1124 3492 1167 res
3537 1101 3719 1165 nullo
3772 1109 3960 1182 08010
4004 1098 4209 1162 181818
4251 1119 4398 1179 008-

2446 1201 2618 1257 sunt.
2710 1192 2970 1257 Plinius
3036 1192 3103 1253 in
3160 1190 3356 1253 Pane'
3434 1189 3592 1251 rico:
3653 1186 3875 1250 Habet
3935 1186 4054 1249 hoc
4113 1184 4399 1266 primum

2448 1298 2690 1361 magna
2742 1279 3034 1354 fortuna,
3097 1274 3267 1358 quod
3312 1206 3480 1338 15¹3ss
3525 1282 3803 1350 tectum,
3860 1271 4023 1335 nihil
4073 1269 4399 1335 occultum

2447 1386 2590 1429 esse
2633 1365 2909 1447 patitur:
2956 1363 3338 1444 Principum
3383 1382 3538 1424 vero
3584 1379 3716 1422 non
3760 1357 3952 1421 modo
3998 1355 4239 1433 domos,
4285 1353 4400 1419 sed

2447 1450 2746 1531 cubicula
2798 1450 2944 1532 ipsa
2998 1448 3389 1527 intimosque
3443 1466 3734 1510 secessus
3792 1440 4098 1518 recludit,
4151 1441 4400 1504 omnia-

2445 1558 2570 1620 que
2616 1556 2859 1601 arcana
2899 1532 3230 1600 noscenda
3274 1533 3484 1595 famae
3520 1530 3824 1613 proponit
3861 1538 4054 1610 atque
4092 1526 4398 1607 explicat.

2449 1622 2855 1687 Claudianus
2898 1622 2968 1685 in
3012 1618 3426 1702 Panegyrico
3469 1616 3780 1680 Honorii:

2721 1724 2840 1778 Hoc
2874 1731 2929 1778 18
2966 1730 3251 1791 018818188
3288 1720 3476 1775 crebro
3513 1734 3757 1773 sermone
3794 1719 4039 1784 monebo,

2727 1793 2798 1847 Ut
2838 1800 2892 1846 18
2931 1793 3096 1846 101108
3132 1791 3307 1850 medio
3346 1788 3557 1842 telluris
3593 1788 3645 1839 in
3685 1788 3811 1839 orbe

2723 1863 2918 1915 Vivere
2958 1876 3269 1929 cognoscas,
3309 1858 3513 1911 cunctis
3550 1864 3643 1909 tua
3678 1855 3923 1923 gentibus
3961 1870 4080 1907 esse

2723 1932 2893 1984 Facta
2930 1931 3126 1998 palam,
3164 1945 3264 1981 080
3342 1942 3464 1979 0888
3503 1924 3618 1977 (1811
3652 1923 3922 1990 regalibus
3960 1937 4181 1989 usquam

2725 2002 3003 2053 Secretum
3037 2000 3192 2051 vitiis.
3320 2012 3405 2048 am
3440 1994 3534 2047 lux
3571 1992 3830 2045 altissima
3865 1990 3963 2043 fati

2450 2068 2700 2139 [pag.56]
2724 2068 3001 2122 Occultum
3036 2066 3110 2119 nil
3150 2080 3270 2119 esse
3309 2064 3449 2130 sinit,
3487 2062 3830 2128 latebrasque
3868 2074 3966 2126 per
4004 2074 4185 2110 omnes

2726 2139 2913 2202 Intrat,
2951 2144 3007 2189 et
3043 2140 3301 2202 angustos
3338 2132 3593 2199 explorat
3629 2130 3772 2182 fama
3808 2143 4073 2181 recessus,

2449 2224 2784 2290 Iuvenalis
2797 2245 2810 2287 :

2659 2326 2824 2380 Omne
2863 2324 3020 2378 animi
3056 2323 3238 2376 vitium
3276 2328 3426 2374 tanto
3467 2317 3808 2385 conspectius
3846 2316 3897 2367 in
3935 2330 3992 2368 se

2656 2396 2863 2449 Crimen
2900 2394 3081 2459 habet,
3119 2398 3319 2459 quanto
3356 2389 3447 2457 qui
3481 2393 3688 2453 080081,
3725 2385 3897 2438 maior
3931 2384 4177 2437 habetur.

2454 2481 2784 2567 Salustius
2865 2481 2937 2543 in
3016 2477 3370 2561 Iugurtha:
3449 2474 3778 2538 Maiorum
3857 2468 4065 2552 gloria
4128 2470 4404 2550 posteris

2452 2569 2639 2651 quasi
2693 2567 2912 2630 lumen
2972 2574 3101 2641 est,
3162 2584 3372 2644 neque
3428 2560 3600 2625 bona
3653 2577 3906 2631 eorum,
3967 2574 4176 2636 neque
4230 2553 4407 2618 mala

2452 2657 2524 2719 in
2571 2652 2823 2718 occulto
2877 2651 3139 2734 patitur.
3229 2647 3483 2714 Eadem
3539 2653 3639 2709 est
3694 2642 4018 2707 sententia
4061 2639 4403 2704 Plutarchi

2452 2742 2524 2805 in
2570 2738 2883 2803 Politicis.

2627 2824 2716 2889 Et
2771 2824 2907 2888 ideo
2963 2821 3162 2886 nullis
3227 2820 3430 2902 mayis
3484 2815 3835 2881 curandum
3891 2810 4005 2898 est]
4075 2811 4232 2875 Istis
4297 2812 4408 2891 qui

2456 2931 2800 2998 personam
2862 2928 3143 2992 magnae
3216 2904 3555 2989 dignitatis
3626 2899 3982 2974 sustinent,
4056 2916 4187 2960 non
4256 2895 4410 2961 licet

2457 3020 2600 3066 8888
2656 2994 3107 3061 mediocribus,
3208 2994 3268 3056 A
3326 2989 3600 3074 privatis
3655 2986 3833 3051 enim
3877 2985 4158 3048 virtutes
4201 3002 4408 3064 popu-

2454 3088 2629 3151 lares
2695 3084 3077 3166 exiguntur:
3160 3080 3240 3143 ab
3305 3077 3434 3141 illis
3499 3072 3891 3139 excellentes
3949 3079 4016 3132 et
4078 3069 4404 3133 heroicae:

2457 3185 2669 3255 atque,
2714 3178 2789 3233 ut
2832 3169 2925 3232 ait
2963 3167 3106 3243 ille,
3151 3166 3403 3229 maiora
3446 3179 3703 3242 semper
3745 3155 4026 3240 populus
4069 3175 4109 3218 a
4152 3175 4409 3218 summo

2459 3259 2565 3324 exi
2619 3260 2681 3321 't.
2783 3254 3013 3323 Cicero
3080 3250 3164 3317 ad
3229 3249 3553 3331 Quintum
3606 3246 3905 3310 fratrem:
3968 3239 4163 3321 Quod
4224 3239 4281 3302 si
4340 3240 4408 3303 in

2458 3280 2770 3409 mediocri
2805 3349 2981 3405 statu
3019 3337 3340 3404 sermonis
3376 3347 3442 3398 et
3475 3328 3973 3416 praedicationis
4008 3348 4115 3391 res
4150 3333 4412 3390 nostrae

2460 3439 2698 3506 essent,
2744 3427 2912 3492 nihil
2939 3425 3072 3490 ‘abs
3116 3432 3180 3488 te
3226 3422 3570 3496 eximium,
3617 3413 3788 3481 nihil
3832 3421 4090 3496 praeter
4133 3411 4413 3476 aliorum

2460 3513 2996 3582 consuetudinem
3039 3509 3510 3593 postularetur:
3568 3524 3747 3569 nunc
3791 3520 3949 3565 vero
3994 3508 4259 3582 propter
4303 3519 4415 3562 ea-

2459 3625 2610 3667 rum
2655 3621 2879 3664 rerum
2923 3599 2993 3661 in
3033 3596 3270 3678 quibus
3321 3592 3564 3659 versati
3612 3607 3842 3653 sumus
3887 3585 4305 3669 splendorem
4348 3593 4415 3648 et

2460 3684 3017 3772 magnitudinem,
3071 3681 3201 3746 nisi
3257 3700 3583 3744 summam
3637 3673 3901 3739 laudem
3959 3693 4042 3736 ex
4095 3673 4222 3735 ista
4266 3691 4414 3752 pro-

2462 3775 2684 3838 vincia
2738 3770 3175 3851 assequimur,
3233 3766 3350 3829 vix
3406 3763 3713 3830 videmur
3778 3779 4101 3824 summam
4158 3757 4414 3839 vitupe-

2463 3861 2784 3925 rationem
2828 3876 3017 3938 posse
3059 3854 3289 3917 vitare.
3387 3851 3533 3914 Hoc
3587 3849 3794 3931 igitur
3836 3844 3966 3908 illis
4011 3842 4415 3906 necessitatis

2464 3944 2815 4020 incumbit,
2864 3939 3169 4024 quoniam
3215 3937 3421 4002 velint
3460 3934 3675 3998 nolint
3719 3950 3992 4013 magnos
4036 3948 4179 3992 esse
4224 3947 4414 4009 0001·-

2467 4039 2581 4107 181,
2628 4040 2704 4094 01
2744 4029 2896 4093 11001
2943 4026 3079 4091 8101
3119 4024 3309 4088 iuxta
3352 4043 3425 4086 ac
3469 4020 3694 4103 magni
3740 4015 4039 4080 nominis.

2646 4118 2847 4198 Quam
2889 4113 3087 4177 multa
3129 4110 3241 4174 tib-i
3283 4128 3405 4172 uon
3447 4103 3657 4191 licent]
3729 4104 4213 4184 Argumentum
4250 4118 4289 4161 a
4328 4099 4417 4162 si-

2466 4203 2627 4280 mili,
2674 4224 2756 4266 ne
2800 4207 2990 4283 putet
3031 4195 3270 4279 aliquid
3319 4217 3401 4259 ex
3446 4214 3566 4258 sua
3609 4185 4061 4272 magnitudine
4107 4182 4419 4248 decedere

2468 4291 2800 4372 princeps,
2858 4287 2911 4351 si
2968 4284 3063 4349 illi
3119 4284 3188 4347 in
3246 4280 3459 4362 iurgia
3512 4286 3578 4341 81
3632 4277 3811 4339 rixas
3863 4293 3993 4335 non
4037 4271 4234 4336 liceat
4276 4291 4420 4353 pro-

2466 4396 2794 4458 rumpere,
2840 4393 3041 4455 quum
3083 4369 3296 4433 multa
3337 4387 3467 4430 non
3502 4364 3759 4437 liceant,
3807 4357 3992 4423 salva
4028 4368 4244 4421 tamen
4282 4377 4420 4419 ma-

2468 4464 2722 4527 iestate.
2782 4459 3054 4536 ,Malim
3119 4465 3336 4519 autem
3395 4446 3867 4531 interrogative
3921 4444 4168 4528 legere,
4217 4462 4419 4524 quan-

2471 4569 2667 4631 quam
2713 4547 2856 4610 sine
2897 4541 3410 4624 interrogatione
3453 4537 3698 4619 legitur
3732 4535 3803 4596 in
3837 4530 4162 4614 plerisque
4200 4548 4422 4593 exem-

2471 4634 2793 4717 plaribus:
2841 4641 2908 4694 et
2950 4627 3248 4710 loquutio
3295 4633 3395 4688 est
3437 4623 3518 4687 ab
3564 4621 3899 4685 autoribus
3944 4623 4219 4698 recepta,
4271 4615 4422 4678 licet

2471 4720 2668 4784 Valla
2710 4718 3048 4800 improbet.
3140 4711 3403 4777 Coelius
3460 4707 3625 4772 libro
3672 4705 3865 4770 VIII.
3914 4701 4188 4785 Epistol.
4237 4700 4421 4765 Cice-

2473 4807 2680 4870 ronis:
2741 4805 2834 4867 At
2887 4802 2999 4866 ille
3057 4820 3253 4882 quam
3308 4796 3677 4861 clementer.
3769 4792 3971 4856 Item:
4033 4786 4279 4853 Omnia
4320 4787 4423 4864 in-

2474 4895 2638 4957 tima
2688 4889 2981 4956 conferre
3028 4885 3346 4967 discupi0,
3402 4881 3608 4946 habeo
3668 4887 3888 4942 autem
3944 4895 4140 4956 quam
4195 4872 4421 4936 multa.

2476 4979 2705 5043 Cicero
2751 4974 3008 5040 Tuscul.
3056 4979 3316 5054 quarta:
3376 4967 3585 5049 Atqui
3634 4966 3873 5045 stirpes
3927 4969 4085 5025 sunt
4137 4958 4425 5041 aegritu-

2479 5064 2652 5128 dinis
2695 5081 2890 5143 quam
2932 5059 3198 5134 multae,
3245 5076 3436 5139 quam
3484 5072 3760 5126 amarae,
3807 5067 3973 5131 quae
4013 5047 4155 5128 ipso
4191 5055 4427 5108 trunco

2481 5169 2707 5215 everso
2751 5167 2976 5210 omnes
3030 5142 3367 5209 elidendae
3422 5146 3592 5204 sunt.
3685 5135 3935 5200 Seneca
3988 5134 4128 5214 ipse
4181 5128 4288 5194 lib.
4335 5130 4422 5195 X.

2476 5234 3077 5301 Declamationum:
3153 5229 3244 5293 Et
3310 5228 3460 5310 quia
3515 5226 3688 5306 ipsos
3755 5219 3958 5304 pudet
4027 5220 4201 5282 viros
4267 5236 4426 5293 esse,

2479 5321 2548 5387 id
2603 5327 2806 5404 agunt
2859 5326 2935 5382 ut
2989 5337 3189 5399 quam
3245 5313 3433 5397 pauci
3486 5309 3613 5376 viri
3679 5308 3825 5372 sint.
3930 5302 4290 5370 Suetonius
4354 5303 4432 5366 in

3988 5405 4021 5460 5
