5100 6061
343 430 423 494 97
1851 430 2140 494 LIBER.
2184 430 2237 494 I.
2328 431 2633 497 CAPUT
2677 432 2836 497 XII.
4268 426 4352 503 9‘8

344 616 668 717 Occurrat
710 618 830 717 hoc
876 619 1189 717 loeo-tibi
1235 618 1642 683 Laberianus
1700 618 1810 681 ille
1858 639 2118 715 versus,
2181 620 2291 701 qui
2341 620 2347 723 ι

343 704 558 767 medio
602 704 778 770 olVlh
817 704 988 768 bello
1032 728 1100 768 m
1147 704 1407 769 theatro
1445 704 1676 783 dietus,
1721 714 1930 768 totum
1966 726 2035 767 m
2074 725 2144 767 se
2179 726 2292 786 po-

2575 619 2682 685 Sic
2735 622 2911 703 feras
2964 621 3179 709 lineis]
3251 622 3629 688 Similitudo
3692 631 3792 689 est
3845 626 4350 708 appositissima,

2344 738 2347 803 5
2398 726 2527 787 qua
2582 705 2754 770 idem
2812 708 2952 791 ipse
2997 707 3251 774 Seneca
3305 709 3513 774 utitur
3565 709 3731 775 libro
3787 733 3960 776 nono
4002 713 4350 778 Declama-

341 789 573 873 pulum
616 811 751 854 non
795 790 988 856 aliter
1032 793 1389 869 convertit,
1436 812 1631 874 quam
1678 790 1733 854 si
1777 791 1979 855 missa
2023 811 2150 853 vox
2194 812 2294 854 es-
2344 808 2347 843 a
2399 791 2684 855 tionum:
2733 793 3106 873 Quaedam,
3163 796 3407 878 inquit,
3463 797 3640 860 ferae
3694 797 3827 860 tela
3881 798 4351 878 commordent,

342 887 442 941 set
484 876 729 957 publici
776 876 1074 941 affectus:

533 978 772 1033 Necesse
808 987 895 1032 est
926 980 1128 1052 inultos
1164 980 1366 1046 timeat,
1403 994 1562 1045 quem
1597 979 1748 1032 multi
1784 979 1986 1032 timent.

342 1064 447 1128 Ita
490 1072 734 1128 natura
774 1065 1127 1142 constituit,
1173 1074 1246 1127 ut
1291 1063 1465 1146 quod
1509 1063 1721 1128 alieno
1757 1070 1939 1128 metu
1974 1085 2291 1148 magnum

343 1158 458 1228 est,
506 1171 626 1214 suo
671 1171 804 1214 non
847 1160 1050 1215 vacet.

524 1237 761 1300 Timeri
784 1234 939 1322 molt]
981 1235 1159 1317 Quid
1193 1236 1371 1300 enim
1407 1235 1586 1299 aliud
1627 1236 1889 1313 faciunt,
1927 1257 2123 1316 quam
2163 1246 2292 1299 ter-

342 1343 556 1386 rorem
613 1322 912 1386 omnibus
968 1322 1322 1400 incutiunt,
1393 1323 1503 1403 qui
1570 1342 1795 1385 omnes
1862 1321 1982 1385 sibi
2045 1320 2292 1385 cladios

343 1407 739 1490 impendere,
766 1428 1048 1490 suaeque
1068 1410 1238 1473 vitae
1261 1408 1605 1471 imminere
1629 1376 2081 1471 arbitrantur?³
2107 1409 2288 1489 Lege

342 1493 747 1578 tragoediam
818 1491 1108 1559 Senecae
1177 1516 1344 1576 quae
1410 1492 1790 1557 inscribitur
1847 1491 2150 1557 Octavia:
2219 1494 2290 1556 in

340 1600 540 1662 quam
563 1580 922 1644 sententias
956 1601 1160 1661 paene
1195 1579 1278 1643 ad
1301 1579 1573 1645 verbum
1598 1600 1679 1643 ex
1714 1578 1837 1643 hoc
1859 1599 2053 1661 opere
2076 1587 2288 1643 trans-

342 1666 512 1730 tulit.
621 1665 792 1729 Vere
846 1686 1002 1749 ergo
1047 1666 1392 1749 tyrannica
1436 1686 1564 1730 vox
1606 1665 1945 1749 Dionysii,
1990 1686 2118 1747 qua
2161 1665 2289 1729 iac-

341 1752 525 1816 tabat
568 1751 832 1816 vincula
889 1750 1309 1816 adamantina
1364 1772 1507 1815 esse
1561 1759 1845 1829 metum,
1891 1750 2287 1828 violentiam,

341 1838 619 1902 classem
664 1848 730 1901 et
772 1836 997 1901 decem
1041 1837 1248 1901 millia
1292 1849 1709 1901 armatorum.

514 1922 606 1986 Et
647 1923 756 1987 illo
798 1922 1163 1988 exsecrabili
1205 1923 1414 2010 versu]
1477 1923 1726 1987 Versus
1782 1922 1888 1989 hic
1934 1923 2136 1986 Atreo
2191 1930 2289 1986 at-

344 2009 658 2073 tribuitur
691 2008 761 2072 in
798 2008 1132 2091 tragoedia
1176 2010 1452 2091 quadam
1483 2009 1704 2085 veteri,
1751 2008 1888 2073 sive
1912 2008 2114 2085 Accii,
2152 2009 2289 2073 sive

346 2095 616 2161 alterius
652 2096 1045 2176 cuiuspiam:
1086 2094 1636 2176 quemadmodum
1658 2094 1887 2158 Cicero
1922 2091 2173 2158 duobus
2196 2094 2289 2158 lo-

344 2183 435 2247 cis
476 2181 804 2245 meminit:
852 2178 1040 2244 offic.
1088 2180 1170 2245 I.:
1218 2179 1292 2246 Si
1331 2181 1586 2245 Aeacus
1622 2188 1739 2245 aut
1773 2180 1994 2244 Minos
2030 2178 2288 2257 dixerit,

347 2265 658 2343 Oderint,
718 2265 875 2329 dum
929 2275 1255 2346 metuant,
1318 2275 1460 2331 aut:
1520 2266 1711 2330 Natis
1755 2266 1894 2347 ipse
1940 2267 2028 2328 sit
2071 2265 2289 2347 sepul-

345 2374 531 2418 crum
567 2370 841 2435 parens:
888 2350 1265 2417 indecorum
1310 2352 1665 2429 videretur,
1722 2351 1895 2434 quod
1938 2373 2047 2415 eos
2089 2351 2290 2416 fuisse

345 2441 549 2503 iustos
584 2438 978 2519 accepimus3
1025 2446 1093 2501 at
1132 2439 1333 2502 Atreo
1369 2437 1644 2515 dicente,
1690 2436 1958 2519 plausus
1996 2437 2289 2502 excitan-

348 2532 471 2588 tur.
540 2525 632 2587 Et
665 2523 951 2606 Philipp.
991 2523 1075 2587 1.:
1121 2523 1440 2588 Videmus
1487 2543 1740 2607 quoque
1783 2524 1854 2586 in
1889 2522 2143 2600 fabulis,
2189 2523 2287 2605 ip-

348 2612 436 2675 sis
480 2611 591 2692 qui
657 2607 939 2674 Oderint
992 2609 1150 2673 dum
1214 2620 1539 2683 metuant,
1597 2606 1914 2685 dixerint,
1969 2609 2289 2691 pernicio-

350 2718 490 2760 sum
539 2696 753 2760 fuisse.
886 2754 891 2759 .

526 2782 782 2845 Oderint
831 2782 982 2844 tium
1038 2780 1343 2867 metuant]
1406 2780 1759 2846 Suetonius
1825 2781 1895 2843 in
1953 2779 2287 2863 Caligula:

349 2869 696 2950 Tragieum
744 2866 912 2930 illud
951 2866 1228 2931 subinde
1272 2868 1582 2933 iactabat:
1630 2864 1911 2930 Oderint
1954 2864 2108 2930 dum
2153 2886 2290 2929 me-

352 2965 551 3018 tuant.
641 2952 809 3017 Item
866 2953 938 3015 in
985 2954 1273 3017 Tiberio:
1331 2954 1681 3036 Tragieum
1726 2952 1890 3015 illud
1933 2949 2291 3015 identidem

350 3041 659 3105 iactabat:
722 3039 1006 3103 Oderint
1046 3039 1201 3103 dum
1262 3042 1550 3123 probent.
1643 3040 1899 3103 Seneca
1951 3038 2057 3102 lib.
2105 3038 2157 3101 I.
2212 3037 2292 3102 de

2400 887 2465 939 et
2508 877 2579 939 in
2623 879 2851 943 mortis
2895 888 3188 944 autorem
3237 903 3352 963 per
3397 882 3676 947 vulnera
3719 892 3937 947 ruunt.
4008 882 4141 948 Sed
4185 884 4349 951 haee

2399 963 2767 1044 expressior
2801 973 2868 1027 et
2904 967 3448 1031 accommodatior
3483 967 3563 1031 ad
3606 968 3672 1032 id
3708 969 3878 1050 quod
3918 968 4189 1035 dixerat.
4255 971 4352 1035 Ut

2399 1048 2577 1112 enim
2620 1056 2833 1112 terror
2876 1050 3011 1128 ille,
3060 1073 3250 1133 quem
3294 1056 3536 1135 posuit,
3598 1074 3747 1119 acer
3791 1064 3853 1117 et
3897 1056 4226 1133 assiduus,
4282 1064 4350 1120 et

2342 1198 2347 1227 ψ
2399 1134 2694 1199 extrema
2728 1135 3102 1214 admovens,
3148 1139 3239 1203 sic
3275 1140 3445 1204 ieras
3489 1138 4096 1223 indagineeinetas,
4143 1163 4347 1206 vena-

2398 1229 2536 1283 tore
2581 1221 2827 1283 ferrum
2875 1221 3293 1302 admovente,
3355 1224 3650 1308 undique
3708 1235 3905 1308 urget
3960 1226 4344 1309 desperatio.

2575 1306 2793 1369 Lineis
2836 1312 2890 1369 et
2924 1307 3162 1394 pinna]
3210 1310 3699 1392 Periphrastice
3745 1310 4046 1394 designat
4088 1314 4347 1398 indagi-

2396 1412 2567 1469 nem,
2616 1391 2735 1455 hoe
2781 1403 2880 1455 cst
2924 1393 3264 1477 plagarum
3297 1397 3532 1460 seriem
3564 1398 3633 1460 in
3655 1418 3883 1461 varros
3918 1407 4343 1465 arrectarum.

2576 1478 2915 1541 Tenlabunt
2963 1480 3187 1562 fuyam
3229 1503 3350 1561 per
3392 1483 3537 1562 ipsa
3588 1504 3747 1563 quae
3792 1482 4113 1570 sufferant]
4161 1485 4344 1548 Dum

2393 1564 2570 1626 enim
2613 1564 2859 1627 ferrum
2904 1565 3165 1648 fugiunt
3210 1568 3559 1644 venatoris,
3610 1589 3679 1632 se
3724 1569 3914 1633 lineis
3959 1570 4171 1653 plagis
4215 1572 4344 1634 im-

2393 1649 2668 1731 plicant:
2725 1649 2960 1731 quibus
3016 1672 3280 1715 rursum
3343 1651 3498 1715 dum
3559 1674 3628 1718 se
3685 1655 4008 1736 explicare
4070 1663 4348 1720 eonten-

2393 1735 2590 1812 dunt,
2637 1757 2910 1815 cursum*
2945 1737 3018 1800 in
3064 1744 3438 1802 venatorem
3488 1749 3893 1822 retorquent,
3940 1742 4346 1806 venabulum

2395 1820 2699 1884 dentibus
2752 1823 3091 1905 arripiunt.
3183 1822 3387 1905 quue
3443 1826 3762 1907 contingit
3814 1827 3884 1888 in
3940 1826 4173 1891 ultima
4231 1827 4346 1891 de-

2394 1910 2779 1989 speratione.
2822 1908 2949 1972 Est
2984 1909 3157 1971 enim
3198 1911 3357 1973 artis
3383 1911 3772 1989 venatoriae,
3811 1911 4021 1976 faeere
4055 1913 4344 1997 aliquam

2394 2014 2576 2075 spem
2622 1992 2971 2070 evadendi,
3018 1994 3074 2059 si
3119 1996 3495 2079 aufugiant3
3555 2016 3682 2079 quo
3729 2017 3799 2059 se
3841 1997 4095 2063 facilius
4140 2000 4345 2079 coni-

2395 2081 2576 2142 ciant
2620 2080 2685 2142 in
2732 2079 2976 2163 plagas.
3939 2098 3948 2103 ’

2567 2164 2903 2229 Acerrima
2945 2168 3147 2229 virtus
3189 2165 3307 2252 est]
3358 2166 3578 2246 Γνώμη
3626 2188 3741 2231 seu
3787 2170 4128 2244 sententia,
4177 2190 4344 2252 quae

2393 2251 2770 2332 frequenter
2816 2252 2879 2314 in
2927 2251 3234 2317 clausulis
3279 2254 3560 2335 ponitur.
3631 2254 3761 2318 Hic
3805 2253 4102 2336 simplex,
4150 2263 4217 2319 et
4258 2255 4342 2319 ad

2392 2357 2532 2399 rem
2579 2336 2803 2400 relata.
2894 2338 3019 2402 Est
3072 2348 3287 2402 autem
3344 2360 3474 2401 nou
3528 2341 3748 2402 minus
3794 2361 3952 2403 vera
3996 2342 4339 2420 sententia,

2393 2443 2588 2503 quam
2634 2422 2907 2487 celebris
2952 2432 3018 2488 et
3063 2424 3348 2508 vulgata.
3421 2425 3692 2489 Porcius
3738 2427 3943 2488 Latro
3989 2426 4058 2488 in
4103 2427 4343 2491 Decla-

2392 2517 2579 2572 mat.:
2635 2508 3030 2573 Gravissimi
3072 2519 3227 2574 sunt
3267 2531 3527 2575 morsus
3569 2510 3861 2573 irritatae
3910 2514 4342 2577 necessitatis,

2394 2592 2473 2674 Q.
2498 2594 2769 2657 Curtius
2803 2594 2910 2658 lib.
2937 2595 3051 2659 V.:
3087 2596 3431 2678 Ignaviam
3457 2616 3712 2678 quoque
3745 2599 4097 2661 necessitas
4133 2599 4338 2663 acuit:

2394 2689 2461 2742 et
2505 2700 2699 2762 saepe
2744 2679 3108 2762 desperatio
3150 2682 3288 2764 spei
3333 2702 3528 2746 eausa
3563 2690 3680 2745 est.
3759 2680 3944 2746 Idem
3991 2682 4173 2748 alibi:
4220 2685 4339 2748 Ef-

2393 2766 2654 2829 ficacior
2687 2766 2865 2828 omni
2898 2774 3038 2830 arte
3074 2767 3447 2845 necessitas,
3488 2788 3618 2830 non
3656 2767 3895 2831 usitata
3928 2768 4120 2833 modo
4152 2791 4340 2852 prae-

2395 2850 2589 2926 sidia,
2649 2850 2762 2916 sed
2808 2853 3005 2915 etiam
3048 2873 3219 2916 nova
3264 2852 3571 2917 admovit.
3661 2853 3839 2917 Hine
3897 2854 4059 2917 illud
4119 2854 4340 2919 horta-

2395 2944 2689 3000 mentum
2732 2937 3128 3002 Hannibalis
3171 2937 3254 3001 ad
3298 2937 3565 3015 milites,
3621 2958 3747 3020 quo
3802 2938 3967 3001 nihil
4014 2940 4342 3005 efficacius

2396 3022 2525 3088 dici
2557 3024 2796 3105 potuit:
2845 3025 2982 3088 Aut
2997 3023 3427 3102 vincendum,-
3460 3034 3578 3089 aut
3609 3023 4039 3101 moriendum,
4076 3025 4337 3104 milites,

349 3127 483 3189 Ira:
543 3128 775 3190 Diram
829 3125 1010 3189 illam
1068 3137 1134 3189 et
1189 3125 1691 3191 abominandam
1736 3145 1959 3190 v000m
2017 3124 2291 3208 Syllano
2340 3099 2345 3206 1
2395 3109 2561 3173 libro
2605 3110 2691 3174 X.
2722 3111 2769 3193 ¹)
2825 3110 3001 3174 Livii
3054 3122 3121 3174 et
3174 3112 3405 3174 tertiae
3460 3109 3717 3175 decadis
3772 3110 3941 3175 libro
3983 3110 4068 3175 I.:
4130 3112 4341 3176 Vobis

350 3215 513 3277 scias
550 3223 842 3292 tempore
878 3232 1019 3275 esse
1057 3213 1397 3294 scriptam:
1446 3211 1731 3276 Oderint
1774 3210 1931 3274 dum
1975 3219 2289 3274 metuant.

348 3298 492 3363 Hoc
534 3299 799 3362 nomine
846 3296 1193 3362 Caesarem
1242 3309 1470 3362 onerat
1512 3295 1757 3361 invidia
1801 3298 2144 3372 Lucanus,
2187 3295 2292 3359 his

349 3386 591 3449 verbis:

1006 3523 1011 3528 -
1067 3486 1280 3539 Gaudet
1313 3494 1489 3540 tamen
1528 3501 1649 3539 esse
1687 3486 1865 3538 timori

553 3555 687 3608 Tam
724 3572 916 3623 magno
956 3556 1198 3623 populis:
1236 3564 1292 3608 et
1328 3571 1384 3608 se
1422 3571 1529 3608 non
1566 3553 1751 3608 mallet
1787 3553 1968 3606 amari.

533 3641 653 3707 Ubi
688 3661 889 3722 supra
922 3642 1170 3704 modum
1203 3642 1349 3706 odia
1379 3637 1719 3724 creverunt]
1768 3619 2118 3722 Tyrannus
2147 3638 2291 3720 qui-

350 3726 493 3792 dem
539 3728 699 3790 satis
744 3741 1049 3809 prospere
1094 3738 1308 3792 aetum
1354 3737 1556 3808 putat,
1603 3727 1660 3789 si
1695 3747 1735 3789 a
1770 3725 1903 3788 suis
1939 3731 2289 3800 metuatur,

351 3813 511 3877 nihil
548 3813 631 3876 ad
669 3837 738 3877 se
776 3814 1102 3895 pertinere
1138 3813 1359 3877 odium
1397 3813 1798 3886 existimans,
1845 3809 2016 3891 quod
2053 3810 2290 3873 terrori

351 3897 746 3964 succumbat.
811 3900 1090 3963 Interim
1129 3907 1429 3965 crescunt
1466 3897 1631 3974 odia,
1677 3906 1745 3961 et
1780 3895 2044 3960 tandem
2079 3894 2149 3958 in
2185 3917 2290 3960 ra·-

354 3984 516 4049 biem
552 3995 925 4061 vertuntur,
963 4007 1128 4066 quae
1163 3985 1345 4049 nullo
1381 3986 1611 4047 timore
1644 3982 1932 4065 qualibet
1964 3982 2113 4045 ruit.
2162 3982 2291 4046 Hic

352 4070 509 4133 nihil
557 4083 767 4155 agunt
809 4071 1025 4153 gladii,
1076 4072 1239 4134 nihil
1281 4070 1622 4144 satellites,
1680 4068 1786 4133 hie
1830 4069 2029 4132 miser
2074 4090 2113 4130 a
2156 4069 2290 4132 suis

351 4157 684 4238 praesidiis
720 4157 1059 4233 deseritur,
1104 4179 1269 4240 quae
1306 4158 1426 4222 sibi
1467 4158 1537 4219 in
1571 4176 1715 4219 eam
1751 4156 2083 4218 fortunam
2116 4173 2290 4218 com·-

352 4253 708 4323 paraverat.

524 4329 929 4408 Temperatus
973 4331 1136 4392 enim
1178 4326 1387 4413 timer]
1454 4328 1510 4391 N
1516 4348 1621 4391 am
1668 4335 1734 4391 et
1771 4326 1923 4391 boni
1966 4326 2290 4474 {rineipes

352 4436 611 4478 necesse
642 4414 900 4486 ,habeut
944 4425 1118 4478 metu
1165 4415 1495 4479 continere
1541 4413 1931 4479 facinorosos
2022 4414 2287 4488 omines,

353 4512 424 4562 ut
476 4502 803 4582 appetitus
859 4501 1041 4563 noxii
1096 4501 1215 4565 sub
1273 4501 1432 4564 iuris
1491 4499 1720 4582 regula
1770 4498 2165 4562 limitentur:
2225 4507 2292 4561 et

354 4607 589 4668 poenas
633 4587 897 4667 exsequi
944 4607 1108 4668 quae
1153 4586 1529 4668 irrogantur
1564 4607 1603 4649 a
1636 4584 1906 4668 legibus,
1951 4606 2035 4649 ne
2075 4585 2289 4667 impu-

354 4672 522 4736 nitas
569 4679 811 4753 augeat
866 4670 1341 4737 confidentiam.
1433 4670 1567 4736 Sed
1612 4669 1926 4735 adhibent
1967 4680 2290 4753 tempera-

356 4766 597 4822 turam:
658 4757 964 4839 quoniam
1026 4758 1251 4823 multis
1306 4757 1667 4823 exorabiles
1698 4759 1746 4840 ¹)
1806 4778 1876 4822 se
1932 4766 2288 4840 praestant,

359 4850 497 4920 [pag.
544 4850 650 4919 891
712 4843 1014 4925 pluribus
1064 4845 1257 4908 'etiam
1305 4843 1631 4908 amabiles.
1724 4845 1962 4907 Terror
2016 4843 2128 4906 ille
2185 4851 2291 4926 ty-

356 4932 692 5005 rannicus,
741 4931 849 5011 qui
892 4951 1015 4993 nec
1058 4930 1565 4994 mediocritatem
1622 4928 1849 5008 habet,
1908 4950 2029 4994 nec
2085 4930 2291 4994 inter-

357 5016 616 5093 vallum,
659 5035 781 5079 nee
826 5015 1193 5092 discrimen,
1235 5017 1327 5080 ita
1362 5016 1444 5079 ad
1480 5016 1706 5080 vivum
1746 5016 1999 5098 pungit,
2046 5023 2120 5079 ut
2156 5036 2293 5079 ma-

358 5102 453 5182 gis
494 5103 710 5164 irritet
754 5122 948 5184 quam
994 5110 1302 5166 coereeat.

492 5291 575 5354 1)·
601 5289 695 5343 Sic
748 5304 929 5344 omnes
983 5260 1321 5344 recentior-eli.
1405 5269 1671 5356 Ra‘neeps
1726 5290 1892 5344 male.-
1945 5288 2295 5362 execrabileS,

361 5359 502 5425 quod
534 5365 716 5413 tamen
750 5360 974 5426 corriyit
1006 5361 1068 5412 in
1102 5359 1316 5411 erratis.

564 5444 785 5498 Caluini
812 5461 994 5514 opera.
1078 5445 1188 5499 Vol.
1240 5445 1294 5498 V.

2395 3216 2659 3262 necesse
2704 3205 2802 3260 est
2844 3197 3120 3261 fortibus
3165 3197 3323 3260 viris
3368 3216 3528 3272 esse,
3574 3198 3875 3261 omnibus
3920 3198 4092 3263 inter
4135 3199 4340 3262 victo-

2395 3283 2583 3357 riam,
2629 3289 2989 3348 mortemve
3034 3289 3278 3347 certam
3295 3333 3309 3359 ,
3355 3280 3803 3364 desperatione
3847 3282 4173 3367 abruptis,
4229 3292 4345 3347 aut

2396 3370 2693 3444 vincere,
2740 3375 2855 3432 aut
2900 3370 2955 3434 si
2999 3370 3261 3434 fortuna
3304 3367 3655 3445 dubitabit,
3701 3369 3772 3433 in
3813 3370 4058 3451 praelio
4102 3369 4341 3452 potius,

2396 3473 2594 3535 quam
2637 3454 2707 3516 in
2749 3454 2908 3537 fuga
2942 3464 3222 3519 mortem
3258 3463 3580 3538 oppetere.
3647 3454 3921 3519 Nullum
3956 3456 4346 3521 incitamen-

2397 3548 2538 3602 tum
2573 3538 2655 3602 ad
2680 3539 3073 3605 vincendum
3108 3541 3357 3605 homini
3394 3562 3432 3603 a
3466 3540 3591 3605 diis
3620 3541 4099 3608 immortalibus
4131 3543 4346 3607 aerius

2397 3623 2625 3688 datum
2668 3632 2783 3689 est.
2875 3624 3106 3690 Simile
3149 3624 3461 3708 quiddam
3504 3633 3604 3691 est
3645 3626 3817 3709 apud
3864 3625 4230 3694 Salustium
4272 3629 4344 3694 in

2394 3731 2675 3793 persona
2715 3710 3059 3776 Catilinae.
4336 3717 4349 3730 “

2568 3795 2910 3882 Extundit]
2950 3796 3246 3861 Verbum
3281 3798 3351 3861 in
3391 3797 3514 3864 hac
3550 3799 4023 3882 significatione
4057 3800 4345 3884 elegans,

2396 3891 2473 3945 ut
2528 3880 2731 3946 studii
2793 3884 3277 3947 contentionem
3341 3883 3655 3966 designet.
3756 3885 3880 3948 Est
3935 3885 4109 3948 enim
4155 3887 4343 3967 quasi

2393 3967 2732 4032 tundendo
2777 3967 3028 4045 elicere,
3075 3978 3150 4033 ut
3193 3969 3287 4033 ait
3329 3971 3610 4034 Nonius:
3667 3971 3778 4050 qui
3822 3971 4034 4034 etiam‘
4063 3970 4347 4054 Vergilii

2394 4074 2661 4118 carmen
2704 4054 2943 4137 Georg.
2991 4055 3044 4119 I.
3089 4056 3181 4120 sic
3218 4055 3409 4139 legit:

2669 4156 2743 4212 Ut
2774 4157 2952 4211 varias
2985 4174 3117 4212 usus
3151 4157 3456 4212 meditando
3494 4156 3816 4211 extunderet
3850 4164 4014 4214 artes.

2396 4239 2717 4321 Quamvis
2762 4239 2994 4307 Servio
3040 4253 3107 4307 et
3145 4243 3346 4307 Festo
3389 4243 3661 4324 placeat,
3707 4241 4042 4307 excuderet.
4111 4243 4349 4310 Sueto-

2395 4327 2543 4392 nius
2588 4328 2658 4391 in
2698 4327 3134 4411 Vespasiano:
3196 4329 3437 4392 Latum
3483 4328 3743 4394 clavum
3786 4330 4085 4410 quamvis
4140 4331 4348 4395 fratre

2394 4412 2652 4496 adepte,
2700 4413 2811 4478 diu
2853 4423 3192 4480 aversatus
3235 4421 3364 4491 est,
3411 4435 3534 4479 nee
3578 4413 3848 4478 tandem
3892 4422 3968 4477 ut
4010 4426 4348 4499 appeteret

2394 4499 2697 4581 compelli
2761 4500 2888 4566 nisi
2957 4524 2997 4566 a
3060 4509 3270 4565 matre
3326 4501 3561 4582 potuit:
3630 4520 3707 4564 ea
3762 4499 4024 4564 demum
4092 4502 4349 4566 extudit

2392 4585 2608 4668 magis
2651 4589 2974 4663 convicio,
3020 4607 3217 4670 quam
3259 4586 3580 4668 precibus.
3667 4586 3820 4668 Ipse
3866 4583 4119 4652 Seneca
4162 4588 4347 4654 alibi:

2395 4669 2529 4751 Qui
2576 4673 2775 4736 etiam
2831 4694 2914 4737 ex
2971 4671 3134 4736 duro
3193 4683 3260 4736 et
3313 4672 3681 4736 immemori
3749 4678 4011 4754 pectore
4065 4675 4349 4757 gratiam

2395 4758 2716 4822 extundit.

2571 4843 2910 4924 Relinquat
2957 4832 3187 4924 oporiet
3236 4841 3468 4930 secun]
3525 4844 3754 4909 Bonus
3809 4844 4111 4927 princep‘s
4157 4846 4349 4911 time-

2395 4936 2507 4993 tur
2547 4938 2624 4993 ut
2666 4950 2925 5011 praeses
2970 4930 3212 5013 legum,
3259 4938 3326 4994 et
3341 4923 3612 4995 'eustosz
3660 4949 3826 5013 quae
3872 4951 4005 4993 non
4042 4930 4348 4999 omnibus

2397 5034 2639 5096 poenas
2681 5015 2994 5099 irrogant,
3041 5014 3154 5081 sed
3179 5016 3280 5081 ·iis
3327 5023 3471 5094 [pag.
3498 5022 3601 5093 90]
3648 5015 3763 5098 qui
3804 5034 3938 5078 non
3983 5015 4172 5081 aliter
4207 5040 4349 5084 eor-

2537 5219 2597 5284 1)
2635 5221 2747 5276 Hic
2791 5223 2970 5277 nescio
3014 5222 3138 5291 quis
3181 5222 3311 5278 latet
3366 5236 3534 5275 error.
3613 5218 3765 5288 Quae
3805 5221 4142 5287 praecedunt
4184 5228 4353 5280 verba

2400 5288 2742 5344 Hannibalis
2777 5297 2828 5345 et
2935 5306 3000 5345 ae
3023 5299 3322 5360 sequuntur
3345 5291 3405 5344 in
3439 5288 3626 5344 eadem
3649 5293 3899 5344 oratione
3920 5291 4174 5361 loquutur
4198 5294 4355 5364 apud

2404 5357 2634 5411 Livium
2668 5361 2700 5412 l.
2745 5359 2861 5413 XX
2899 5403 2911 5416 .
2947 5377 2989 5415 c.
3026 5358 3096 5413 43
3130 5376 3236 5431 seq.

3909 5444 3941 5500 7
