5100 6061
1454 1790 1464 1801 ο
1582 1646 3091 1773 L.ANNAEISENECAE

1748 1834 1879 1899 AD
1924 1834 2386 1901 NERONEM
2431 1833 2942 1901 CAESAREM

1292 1989 1615 2121 1313
1758 1972 3380 2124 CHL133113Pff1511x

2064 2212 2285 2266 LIBER
2323 2212 2608 2268 PRIMUS.
2741 2256 2750 2265 .

2386 2385 2603 2468 qibus‚
2660 2404 2820 2466 quos
2875 2405 2953 2449 ex
3008 2385 3214 2449 abdito
3255 2404 3348 2469 ⁴‚ac
3390 2385 3658 2450 tenebris
3709 2385 3783 2449 in
3838 2384 4036 2451 lucem
4077 2390 4346 2466 evocavi,

2388 2471 2700 2535 rationem
2751 2469 3119 2535 redditurus
3159 2472 3298 2535 sim.
3387 2471 3677 2536 Alterius
3719 2475 3918 2536 aetate
3959 2474 4181 2553 prima
4219 2492 4347 2539 mo-

2389 2562 2492 2621 tus
2548 2577 2691 2620 sum
2711 2608 2724 2633 ‚
2787 2557 3050 2621 alterius
3102 2557 3342 2622 ultima.
3442 2557 3670 2625 Alium
3733 2557 4031 2639 diqnitati
4096 2559 4346 2637 donavi,

2390 2643 2593 2707 alium
2651 2642 3010 2706 humilitati.
3108 2645 3359 2723 Quoties
3401 2643 3646 2708 nullam
3696 2644 4054 2708 inveneram
4104 2646 4348 2710 miseri-

580 2808 589 2813 ,
2388 2729 2637 2794 cordiae
2675 2749 2933 2792 causam
2949 2778 2962 2805 ,
3009 2728 3167 2792 mihi
3199 2730 3473 2810 peperci.
3562 2728 3768 2794 Hodie
3808 2729 3940 2794 diis
3982 2730 4348 2795 imnwrtali-

330 2815 640 2898 Quamvis
683 2815 850 2879 enim
880 2820 1035 2879 recte
1063 2816 1370 2895 factorum
1404 2835 1586 2878 verus
1621 2814 1864 2895 fructus
1900 2815 2000 2893 sit,
2044 2813 2283 2894 fecisse,
2389 2814 2519 2893 bus,
2562 2815 2622 2878 si
2663 2836 2706 2880 a
2748 2834 2843 2877 me
2877 2814 3182 2879 rationem
3216 2820 3507 2895 repetant,
3553 2835 3973 2881 annumerare
4002 2836 4200 2898 yenus
4231 2816 4347 2881 hu-

321 2923 434 2968 nec
476 2902 681 2966 ullum
723 2901 1023 2964 virtutum
1069 2902 1352 2980 pretium
1393 2900 1655 2981 diqnum
1709 2898 1843 2963 illis
1868 2904 2063 2963 *extra
2105 2900 2287 2980 ipsas
2387 2921 2649 2965 manum
2691 2904 2968 2988 patratus
3023 2919 3183 2963 sum.
3284 2900 3464 2964 Potes
3519 2900 3627 2965 hoc
3688 2898 3924 2964 Caesar
3969 2901 4346 2983 praedicare

323 2990 425 3069 sit,
472 2991 652 3053 iuvat
692 2992 896 3052 tamen
934 2987 1241 3068 inspicere
1283 2994 1338 3052 et
1371 2988 1704 3052 circumire
1734 2985 1956 3051 bonam
1982 2988 2282 3052 conscien-
2334 3018 2339 3048 ι
2392 2987 2706 3063 audacter,
2748 2987 2960 3050 omnia
3002 2985 3070 3049 in
3110 2984 3244 3065 sida
3285 2986 3474 3050 tutela
3517 2985 3760 3051 lutheri:
3802 2984 3967 3052 nihil
3997 3008 4117 3068 per
4151 2991 4205 3050 te
4243 3007 4346 3052 ne-

324 3077 513 3141 tiam:
557 3079 689 3138 tum
731 3074 1058 3137 immittere
1102 3072 1306 3138 oculos
1351 3075 1420 3137 in
1463 3073 1623 3137 hanc
1665 3075 2034 3138 immensam
2077 3073 2286 3137 multi-
2334 3061 2339 3158 f
2390 3095 2505 3155 que
2544 3074 2612 3138 vi
2655 3093 2847 3153 neque
2890 3072 3051 3137 clam
3105 3072 3478 3154 reipublicae
3533 3079 3821 3153 ereptum.
3906 3072 4345 3138 Rarissimam

325 3162 629 3239 tudinem
672 3160 1033 3238 discordem,
1079 3161 1441 3223 seditiosam
1456 3210 1480 3236 ,.
1514 3161 1920 3240 impotentem
1964 3161 2031 3223 in
2066 3161 2286 3242 perni-
2336 3169 2337 3176 ’
2390 3160 2673 3238 laudem,
2733 3165 2789 3223 et
2839 3158 3000 3221 nulli
3055 3158 3255 3223 adhuc
3309 3159 3680 3239 principum
3738 3177 4081 3224 concessam
4133 3178 4345 3223 concu-

326 3249 483 3313 ciem
541 3247 819 3312 alienam
876 3265 1178 3327 suamque
1231 3247 1476 3326 pariter
1532 3245 1985 3309 eoesultaturam
2003 3297 2018 3324 ,
2076 3248 2136 3310 si
2179 3245 2287 3310 hoc
2380 3247 2546 3327 pisti
2601 3246 3028 3310 innocentiam.
3130 3244 3276 3308 Non
3318 3245 3544 3325 perdis
3597 3265 3880 3326 operam,
3938 3265 4046 3309 nec
4101 3244 4345 3309 bonitas

326 3335 553 3417 iuqum
590 3332 875 3416 freqerit:
916 3333 1125 3413 itaque
1167 3332 1336 3412 loqui
1378 3351 1617 3408 secum.-
1672 3339 1841 3394 EGO
1886 3352 1961 3396 ex
2003 3331 2284 3397 omnibus
2388 3333 2517 3396 ista
2559 3337 2669 3396 tua
2711 3330 3062 3415 sinqularis
3105 3333 3385 3429 inqratos
3425 3335 3537 3395 aut
3568 3330 3878 3414 maliqnos
3919 3332 4345 3396 aestimatores

325 3417 700 3484 mortalibus
741 3416 995 3499 placui,
1052 3419 1392 3497 electusque
1435 3438 1609 3495 sian,
1655 3421 1766 3500 qui
1806 3420 1880 3484 in
1923 3421 2111 3482 terris
2151 3420 2286 3482 deo-
2388 3425 2571 3484 nacta
2630 3424 2733 3482 est.
2833 3417 3133 3498 Refertur
3188 3417 3301 3480 tibi
3349 3423 3578 3500 qratia.
3685 3416 3884 3481 Nemo
3945 3438 4117 3482 unus
4169 3417 4343 3483 homo

325 3526 474 3569 rum
517 3505 648 3569 vice
686 3504 995 3586 funqerer.
1086 3503 1222 3587 qu
1266 3505 1433 3569 vitae
1476 3506 1759 3586 necisque
1791 3504 2078 3588 qentibus
2121 3503 2286 3569 arbie
2389 3505 2505 3568 uni
2561 3504 2798 3568 homini
2840 3507 2969 3567 tam
3021 3523 3210 3568 carus
3249 3522 3530 3585 unquam
3568 3504 3695 3584 fuit
3709 3554 3723 3581 ,
3777 3522 3970 3583 quam
4010 3508 4080 3567 tu
4105 3502 4345 3585 populo

325 3597 432 3657 ter.
541 3589 802 3672 Qualem
865 3591 1126 3672 quisque
1188 3596 1415 3654 sortem
1482 3595 1834 3671 statumque
1897 3589 2115 3654 habeat
2129 3640 2143 3667 ,
2214 3590 2285 3653 in
2388 3609 2662 3667 romam,
2707 3608 3004 3673 maynum
3045 3589 3413 3672 lonqumque
3455 3590 3592 3654 eius
3636 3589 3874 3653 bonum.
3957 3587 4083 3654 Sed
4125 3591 4346 3673 inqens

326 3698 525 3743 manu
581 3697 722 3740 mea
761 3678 1044 3756 positum
1086 3683 1189 3742 est.
1282 3677 1452 3756 Quid
1493 3678 1712 3757 cuiqw
1754 3677 2116 3741 mortalium
2157 3676 2284 3756 for-
2392 3676 2506 3739 tibi
2565 3695 2722 3738 onus
2772 3676 3147 3755 imposuisti.
3256 3675 3450 3741 Nemo
3507 3677 3642 3739 iam
3693 3675 3911 3740 divum
3964 3675 4345 3757 Auqustum,

288 3769 485 3828 ⁸tuna
525 3763 748 3828 datum
788 3761 952 3839 velit,
998 3782 1130 3827 meo
1175 3783 1277 3827 ore
1309 3763 1705 3844 pronunciat.
1796 3763 1903 3826 Ex
1947 3767 2151 3826 nostro
2194 3782 2286 3826 re·
2390 3782 2495 3826 nec
2559 3761 2795 3826 Tiberii
2853 3759 3161 3826 ‘Caesaris
3225 3762 3450 3841 prima
3515 3767 3791 3842 tempora
3860 3761 4149 3842 loquitur,
4218 3779 4345 3838 nec,

329 3870 557 3931 sponso
586 3849 858 3913 laetitiae
869 3868 1098 3914 causas
1110 3849 1335 3930 populi
1357 3848 1656 3930 urbesque
1665 3850 2033 3930 concipiunt.
2082 3847 2287 3912 Nulla
2387 3849 2555 3929 quod
2596 3853 2650 3910 te
2682 3847 2929 3911 imitari
2961 3847 3122 3924 velit,
3166 3848 3489 3928 exemplar
3525 3854 3702 3912 esctra
3735 3853 3790 3911 te
3828 3847 4088 3928 quaerit.
4152 3845 4344 3910 Prin-

319 3956 484 4016 pars
523 3954 797 4017 usquam
829 3934 962 3999 nisi
1003 3935 1230 3999 volente
1267 3935 1655 4016 propitioque
1695 3956 1792 4000 me
1828 3936 2018 4013 floret.
2111 3933 2286 3999 Haec
2389 3935 2634 4015 cipatus
2673 3940 2823 3997 tuus
2864 3934 2950 3998 ad
2985 3937 3238 4016 qustum
3278 3934 3564 4017 exiqitur.
3631 3932 3920 4013 Difficile
3952 3931 4062 3996 hoc
4097 3932 4341 4013 fuisset,

1111 2436 1414 2502 CAPUT
1460 2437 1513 2499 1.

506 2557 786 2622 Scribere
844 2556 919 2620 de
961 2556 1311 2635 clementia,
1362 2556 1533 2620 Nero
1582 2555 1847 2634 Caesar,
1891 2556 2171 2633 institui,
2216 2561 2286 2620 ut

322 2644 775 2727 quodammodo
831 2642 1069 2723 speculi
1110 2644 1239 2707 vice
1277 2642 1603 2724 funyerer‚
1663 2646 1719 2705 et
1761 2648 1818 2705 te
1860 2641 1976 2706 tibi
2019 2643 2286 2707 ostende-

320 2752 458 2796 rem
474 2781 489 2809 ,
538 2733 989 2811 perventurum
1042 2728 1128 2793 ad
1182 2729 1551 2809 voluptatem
1592 2729 1943 2791 maximam
1989 2729 2283 2792 omnium.

332 4020 685 4086 totmillia
744 4020 2285 4104 qladiorum,quaepaoemeacomprimitad

330 4113 553 4172 nutum
590 4127 798 4173 meum
837 4107 1237 4191 stringentur.
1327 4108 1501 4188 Quas
1534 4109 1816 4173 nationes
1853 4107 2148 4189 funditus
2182 4126 2286 4172 ea>-

330 4194 553 4271 scindi,
601 4214 765 4275 quas
807 4193 1240 4275 transportari,
1285 4193 1513 4275 quibus
1557 4193 1896 4259 libertatem
1938 4192 2104 4271 dam,
2148 4194 2285 4274 qui-

328 4279 445 4344 bus
486 4281 672 4360 eripi,
718 4299 872 4361 quos
906 4301 1079 4363 reyes
1113 4280 1436 4360 mancipia
1467 4279 1628 4359 fieri,
1674 4299 2056 4361 quorumque
2092 4280 2285 4360 capiti

331 4366 575 4448 reqium
626 4365 1010 4431 circumdari
1065 4367 1251 4431 decus
1293 4371 1590 4448 oporteat,
1645 4387 1803 4448 quae
1845 4370 2038 4430 ruant
2079 4364 2283 4443 urbes,

330 4471 491 4531 quae
533 4453 852 4529 oriantur,
909 4473 1048 4516 mea
1091 4452 1446 4516 iurisdictio
1488 4457 1591 4516 est.
1684 4450 1768 4516 In
1809 4452 1925 4516 hac
1967 4456 2143 4516 tanta
2185 4450 2285 4531 fa-

335 4537 557 4601 cultate
611 4557 854 4616 rerum,
912 4558 1035 4602 non
1078 4539 1185 4603 ira
1224 4558 1322 4602 me
1365 4539 1453 4602 ad
1494 4539 1718 4618 iniqua
1773 4538 2088 4620 supplicia
2130 4557 2285 4602 com-

322 4623 525 4704 pulit,
576 4643 698 4688 non
741 4624 1041 4688 iuvenilis
1081 4624 1376 4705 inmotus,
1428 4643 1552 4687 non
1609 4625 1924 4690 temeritas
1966 4624 2287 4688 hominum

334 4714 389 4772 et
429 4711 819 4788 contumelia,
867 4731 1028 4791 quae
1070 4730 1255 4792 saepe
1296 4709 1845 4790 tranquillissimis
1878 4731 2114 4791 quoque
2142 4729 2285 4790 pec-

333 4795 566 4860 toribus
605 4798 987 4879 patientiam
1028 4798 1313 4862 extorsit.-
1368 4817 1493 4861 non
1549 4796 1693 4877 ipsa
1743 4796 2137 4862 ostentandae
2166 4816 2288 4876 per

2388 4017 3788 4096 sinonnaturalistibiistabonitasesset,
3834 4019 4346 4099 sedadtempus

2388 4110 2654 4186 smnpta.
2748 4104 2946 4169 Nemo
2989 4105 3155 4170 enim
3187 4109 3383 4185 potest
3415 4124 3755 4185 personam
3796 4104 3914 4169 diu
3954 4105 4152 4185 ferre:
4195 4103 4345 4184 ficta

2390 4193 2505 4256 cito
2550 4193 2621 4254 in
2675 4196 2972 4256 naturam
3015 4210 3202 4255 suam
3243 4191 3542 4255 recidunt.
3640 4189 3880 4270 Quibus
3923 4190 4156 4255 veritas
4197 4190 4341 4254 sub-

2390 4284 2479 4343 est
2521 4289 2819 4358 quaeque,
2865 4284 2932 4341 ut
2973 4277 3067 4341 ita
3112 4276 3345 4355 dicam,
3389 4297 3467 4340 ex
3509 4276 3706 4341 solido
3749 4280 4155 4354 enascuntur,
4200 4281 4344 4341 tem-

2376 4384 2535 4445 pore
2587 4364 2727 4445 ipso
2781 4365 2851 4428 in
2902 4365 3116 4438 maius
3185 4362 3526 4443 meliusque
3570 4362 3932 4461 procedunt.
4035 4360 4346 4446 Maqnam

2389 4449 2605 4515 adibat
2647 4450 2850 4514 aleam
3127 4471 3160 4514 s
3203 4468 3531 4528 romanus,
3577 4468 3771 4530 quum
3821 4452 4128 4524 incertwm
4173 4453 4343 4528 esset,

2389 4557 2509 4618 quo
2554 4556 2619 4599 se
2661 4538 2874 4602 statim
2917 4536 3145 4601 nobilis
3185 4535 3426 4600 indoles
3467 4534 3658 4598 daret.
3737 4534 3884 4598 Iam
3917 4540 4058 4600 vota
4087 4533 4347 4615 publica

2390 4623 2460 4686 in
2518 4628 2648 4687 tuto
2701 4628 2860 4688 sunt.
2953 4623 3081 4687 Nec
3135 4622 3301 4685 enim
3341 4620 3701 4701 periculum
3759 4627 3850 4685 est
3901 4642 3977 4690 ne
4032 4626 4091 4684 te
4138 4620 4346 4684 subita

2389 4708 2483 4771 tui
2525 4710 2739 4790 capiat
2779 4709 3015 4774 oblivio.
3095 4706 3278 4771 Facit
3332 4707 3583 4787 quidem
3625 4707 3845 4772 avidos
3899 4706 4104 4770 nimia
4142 4705 4346 4787 felici-

2389 4799 2515 4859 tas:
2574 4815 2683 4861 nec
2727 4801 2855 4859 tam
2893 4798 3268 4877 temperatae
3311 4793 3679 4875 cupiditates
3721 4797 3866 4856 sinit
3906 4811 4187 4873 unquam
4205 4843 4218 4870 ,
4274 4795 4344 4856 ut

336 4886 602 4947 terrores
632 4883 973 4963 potentiae,
1015 4884 1181 4961 dira,
1224 4883 1335 4948 sed
1373 4884 1666 4964 frequens
1706 4882 1956 4966 maqnis
1998 4882 2288 4963 imperiis
2334 4883 2338 4944 1
2388 4882 2459 4944 in
2515 4901 2584 4945 co
2638 4882 2801 4963 quod
2855 4880 3104 4964 contiqit
3154 4879 3457 4945 desinant.
3565 4879 3826 4944 Gradus
3881 4898 3924 4942 a
3965 4878 4216 4960 maqnis
4258 4876 4344 4942 ad

331 4966 553 5049 yloria.
648 4963 1006 5048 Coruinum,
1062 4970 1190 5033 imo
1240 4970 1632 5034 constrictum
1674 4973 1822 5048 [pag.
1853 4973 1927 5066 ·2]
1974 4969 2149 5049 apud
2192 4988 2287 5031 me
2387 4969 2634 5032 maiora
2686 4967 2787 5048 fit,
2845 4974 2900 5031 et
2963 4988 3107 5051 spes
3161 4964 3664 5047 ‘e'mprobissimas
3717 4964 4194 5046 complectuntur
4247 4964 4345 5028 in·

332 5053 573 5132 ferrum
617 5061 719 5120 est.
814 5053 1079 5120 Summa
1121 5056 1527 5135 parsimonia
1569 5056 1757 5119 etiam
1798 5055 2099 5120 vilissimi
2141 5074 2288 5118 san-

332 5141 564 5220 quinis.
670 5140 867 5205 Nemo
921 5163 1070 5219 non,
1126 5141 1230 5205 cui
1271 5140 1408 5204 alia
1448 5141 1653 5205 desint
1670 5191 1684 5220 ‚
1728 5140 2001 5205 hominis
2041 5141 2288 5206 nomine

339 5226 510 5307 apud
554 5247 650 5292 me
689 5229 1009 5309 maliosus
1053 5233 1157 5293 est.
1241 5224 1638 5291 Severitatem
1678 5226 1955 5291 abditam
1971 5278 1985 5305 ,
2039 5227 2287 5290 clemem

2390 5059 2643 5136 sperata
2684 5055 3020 5134 assequuti.
3116 5050 3421 5118 Omnibus
3475 5056 3681 5116 tamen
3727 5070 3891 5114 nunc
3934 5049 4171 5114 civibus
4211 5050 4343 5114 tuis

2390 5146 2446 5205 et
2488 5140 2634 5202 haec
2668 5139 2968 5220 confessio
3002 5138 3397 5218 exprimitur,
3434 5158 3566 5203 esse
3607 5143 3752 5217 [pag.
3793 5141 3856 5214 3]
3903 5156 3968 5200 se
3998 5135 4242 5217 felices.-
4287 5140 4344 5198 et

2389 5227 2536 5304 illa,
2592 5224 2755 5289 nihil
2796 5226 2931 5289 iam
2973 5225 3075 5290 his
3118 5223 3397 5291 accedere
3445 5223 3622 5289 bonis
3652 5242 3866 5303 posse,
3920 5222 4052 5286 nisi
4094 5228 4163 5287 ut
4201 5243 4343 5305 per-

226 5361 235 5370 .
339 5312 493 5376 tiam
539 5315 609 5377 in
637 5320 935 5394 promptu
979 5314 1181 5378 habeo,
1254 5310 1360 5378 Sic
1402 5333 1495 5376 me
1533 5314 1823 5392 custodio,
1869 5319 2171 5395 tanquam
2206 5313 2286 5378 le-
2334 5278 2341 5393 Ι
2377 5317 2575 5392 petua
2620 5313 2763 5375 sint.
2855 5310 3069 5377 Multa
3117 5311 3255 5376 illos
3299 5315 3516 5394 coqunt
3558 5308 3644 5372 ad
3681 5306 3842 5371 lianc
3884 5308 4341 5391 consessionem,
