<?xml version="1.0" encoding="UTF-8"?>
<!DOCTYPE html PUBLIC "-//W3C//DTD XHTML 1.0 Transitional//EN"
    "http://www.w3.org/TR/xhtml1/DTD/xhtml1-transitional.dtd">
<html xmlns="http://www.w3.org/1999/xhtml" xml:lang="en" lang="en">
 <head>
  <title>
</title>
<meta http-equiv="Content-Type" content="text/html;charset=utf-8" />
  <meta name='ocr-system' content='tesseract 3.04.00' />
  <meta name='ocr-capabilities' content='ocr_page ocr_carea ocr_par ocr_line ocrx_word'/>
</head>
<body>
  <div class='ocr_page' id='page_1' title='image "./ioanniscalvinio15calvgoog_0196.png"; bbox 0 0 5100 6061; ppageno 0'>
   <div class='ocr_carea' id='block_1_1' title="bbox 777 435 903 497">
    <p class='ocr_par' dir='ltr' id='par_1_1' title="bbox 777 435 903 497">
     <span class='ocr_line' id='line_1_1' title="bbox 777 435 903 497; baseline -0.008 0"><span class='ocrx_word' id='word_1_1' title='bbox 777 435 903 497; x_wconf 84' lang='lat'>267</span> 
     </span>
    </p>
   </div>
   <div class='ocr_carea' id='block_1_2' title="bbox 773 611 3868 716">
    <p class='ocr_par' dir='ltr' id='par_1_2' title="bbox 773 611 3868 716">
     <span class='ocr_line' id='line_1_2' title="bbox 773 611 3868 716; baseline -0.002 -33"><span class='ocrx_word' id='word_1_2' title='bbox 773 619 1137 715; x_wconf 82' lang='lat' dir='ltr'>hostiarum</span> <span class='ocrx_word' id='word_1_3' title='bbox 1143 615 1485 716; x_wconf 59' lang='lat' dir='ltr'>reliquias,</span> <span class='ocrx_word' id='word_1_4' title='bbox 1521 616 1705 680; x_wconf 86' lang='lat' dir='ltr'>festis</span> <span class='ocrx_word' id='word_1_5' title='bbox 1736 614 2057 680; x_wconf 89' lang='lat' dir='ltr'>idolorum</span> <span class='ocrx_word' id='word_1_6' title='bbox 2082 615 2291 697; x_wconf 90' lang='lat' dir='ltr'>epulis</span> <span class='ocrx_word' id='word_1_7' title='bbox 2327 614 2718 681; x_wconf 81' lang='lat' dir='ltr'><strong>assidebant.</strong></span> <span class='ocrx_word' id='word_1_8' title='bbox 2826 612 2949 677; x_wconf 89' lang='lat' dir='ltr'>lier</span> <span class='ocrx_word' id='word_1_9' title='bbox 3001 634 3147 679; x_wconf 91' lang='lat' dir='ltr'>cum</span> <span class='ocrx_word' id='word_1_10' title='bbox 3205 620 3455 695; x_wconf 82' lang='lat' dir='ltr'>septem</span> <span class='ocrx_word' id='word_1_11' title='bbox 3510 613 3644 677; x_wconf 91' lang='lat' dir='ltr'>suis</span> <span class='ocrx_word' id='word_1_12' title='bbox 3697 611 3868 677; x_wconf 86' lang='lat' dir='ltr'>filiis.</span> 
     </span>
    </p>
   </div>
   <div class='ocr_carea' id='block_1_3' title="bbox 714 700 2722 5066">
    <p class='ocr_par' dir='ltr' id='par_1_3' title="bbox 714 700 2722 5066">
     <span class='ocr_line' id='line_1_3' title="bbox 772 700 2721 786; baseline -0.004 -16"><span class='ocrx_word' id='word_1_13' title='bbox 772 705 992 770; x_wconf 91' lang='lat' dir='ltr'>Deum</span> <span class='ocrx_word' id='word_1_14' title='bbox 1034 702 1162 786; x_wconf 92' lang='lat' dir='ltr'>ipsi</span> <span class='ocrx_word' id='word_1_15' title='bbox 1206 702 1287 766; x_wconf 91' lang='lat' dir='ltr'>de</span> <span class='ocrx_word' id='word_1_16' title='bbox 1328 701 1758 766; x_wconf 91' lang='lat' dir='ltr'>conscientiae</span> <span class='ocrx_word' id='word_1_17' title='bbox 1793 720 1949 765; x_wconf 92' lang='lat' dir='ltr'>suae</span> <span class='ocrx_word' id='word_1_18' title='bbox 1981 702 2356 766; x_wconf 85' lang='lat' dir='ltr'>innocentia</span> <span class='ocrx_word' id='word_1_19' title='bbox 2390 700 2721 766; x_wconf 83' lang='grc'>188181188-</span> 
     </span>
     <span class='ocr_line' id='line_1_4' title="bbox 773 786 2720 886; baseline -0.003 -32"><span class='ocrx_word' id='word_1_20' title='bbox 773 797 915 855; x_wconf 88' lang='lat' dir='ltr'>tur:</span> <span class='ocrx_word' id='word_1_21' title='bbox 960 787 1486 872; x_wconf 91' lang='lat' dir='ltr'>quandoquidem</span> <span class='ocrx_word' id='word_1_22' title='bbox 1529 792 1899 868; x_wconf 88' lang='lat' dir='ltr'>contempta</span> <span class='ocrx_word' id='word_1_23' title='bbox 1934 789 2230 886; x_wconf 84' lang='lat' dir='ltr'>gentium</span> <span class='ocrx_word' id='word_1_24' title='bbox 2263 789 2571 863; x_wconf 89' lang='lat' dir='ltr'>vanitate,</span> <span class='ocrx_word' id='word_1_25' title='bbox 2618 786 2720 848; x_wconf 90' lang='lat' dir='ltr'>ni-</span> 
     </span>
     <span class='ocr_line' id='line_1_5' title="bbox 773 873 2722 957; baseline -0.002 -17"><span class='ocrx_word' id='word_1_26' title='bbox 773 875 872 940; x_wconf 91' lang='lat' dir='ltr'>hil</span> <span class='ocrx_word' id='word_1_27' title='bbox 906 874 1083 939; x_wconf 85' lang='lat' dir='ltr'>aliud</span> <span class='ocrx_word' id='word_1_28' title='bbox 1119 895 1319 957; x_wconf 90' lang='lat' dir='ltr'>quam</span> <span class='ocrx_word' id='word_1_29' title='bbox 1351 880 1772 938; x_wconf 81' lang='lat' dir='ltr'>vescerentur</span> <span class='ocrx_word' id='word_1_30' title='bbox 1805 873 1986 954; x_wconf 88' lang='lat' dir='ltr'>puris</span> <span class='ocrx_word' id='word_1_31' title='bbox 2019 874 2150 938; x_wconf 92' lang='lat' dir='ltr'>Dei</span> <span class='ocrx_word' id='word_1_32' title='bbox 2185 873 2520 948; x_wconf 75' lang='lat' dir='ltr'>creaturis,</span> <span class='ocrx_word' id='word_1_33' title='bbox 2559 893 2722 954; x_wconf 90' lang='lat' dir='ltr'>quas</span> 
     </span>
     <span class='ocr_line' id='line_1_6' title="bbox 772 923 2722 1053; baseline -0.003 -27"><span class='ocrx_word' id='word_1_34' title='bbox 772 962 1063 1053; x_wconf 82' lang='lat' dir='ltr'>oratione</span> <span class='ocrx_word' id='word_1_35' title='bbox 1107 981 1182 1025; x_wconf 90' lang='grc'>80</span> <span class='ocrx_word' id='word_1_36' title='bbox 1217 959 1577 1043; x_wconf 89' lang='grc'>3181181881</span> <span class='ocrx_word' id='word_1_37' title='bbox 1614 957 1865 1022; x_wconf 86' lang='grc'>8011088</span> <span class='ocrx_word' id='word_1_38' title='bbox 1901 959 2343 1024; x_wconf 88' lang='lat' dir='ltr'>sanctificari</span> <span class='ocrx_word' id='word_1_39' title='bbox 2325 981 2393 1022; x_wconf 92' lang='grc'>18</span> <span class='ocrx_word' id='word_1_40' title='bbox 2429 923 2722 1022; x_wconf 81' lang='lat' dir='ltr'>fidelium</span> 
     </span>
     <span class='ocr_line' id='line_1_7' title="bbox 774 1041 2720 1126; baseline -0.004 -14"><span class='ocrx_word' id='word_1_41' title='bbox 774 1043 972 1112; x_wconf 78' lang='lat' dir='ltr'>us‘um</span> <span class='ocrx_word' id='word_1_42' title='bbox 1017 1052 1297 1110; x_wconf 81' lang='lat' dir='ltr'>nossent.</span> <span class='ocrx_word' id='word_1_43' title='bbox 1365 1044 1577 1126; x_wconf 85' lang='lat' dir='ltr'>Excip</span> <span class='ocrx_word' id='word_1_44' title='bbox 1577 1041 1752 1107; x_wconf 89' lang='lat' dir='ltr'>iebat</span> <span class='ocrx_word' id='word_1_45' title='bbox 1784 1043 1896 1107; x_wconf 92' lang='lat' dir='ltr'>ille</span> <span class='ocrx_word' id='word_1_46' title='bbox 1940 1055 2183 1121; x_wconf 87' lang='lat' dir='ltr'>contra,</span> <span class='ocrx_word' id='word_1_47' title='bbox 2229 1064 2608 1109; x_wconf 80' lang='lat' dir='ltr'>consessum</span> <span class='ocrx_word' id='word_1_48' title='bbox 2641 1042 2720 1106; x_wconf 90' lang='lat' dir='ltr'>il-</span> 
     </span>
     <span class='ocr_line' id='line_1_8' title="bbox 771 1128 2721 1198; baseline -0.003 0"><span class='ocrx_word' id='word_1_49' title='bbox 771 1132 912 1198; x_wconf 94' lang='lat' dir='ltr'>lum</span> <span class='ocrx_word' id='word_1_50' title='bbox 953 1129 1315 1196; x_wconf 91' lang='lat' dir='ltr'>infidelium</span> <span class='ocrx_word' id='word_1_51' title='bbox 1362 1128 1446 1193; x_wconf 90' lang='lat' dir='ltr'>ad</span> <span class='ocrx_word' id='word_1_52' title='bbox 1495 1128 1826 1194; x_wconf 75' lang='lat' dir='ltr'>simulacri</span> <span class='ocrx_word' id='word_1_53' title='bbox 1886 1128 2136 1195; x_wconf 90' lang='lat' dir='ltr'>cultum</span> <span class='ocrx_word' id='word_1_54' title='bbox 2180 1131 2561 1195; x_wconf 85' lang='lat' dir='ltr'>convenire:</span> <span class='ocrx_word' id='word_1_55' title='bbox 2619 1149 2721 1193; x_wconf 93' lang='lat' dir='ltr'>so-</span> 
     </span>
     <span class='ocr_line' id='line_1_9' title="bbox 772 1212 2720 1298; baseline -0.004 -15"><span class='ocrx_word' id='word_1_56' title='bbox 772 1218 968 1284; x_wconf 90' lang='lat' dir='ltr'>lenne</span> <span class='ocrx_word' id='word_1_57' title='bbox 1023 1214 1189 1280; x_wconf 91' lang='lat' dir='ltr'>illud</span> <span class='ocrx_word' id='word_1_58' title='bbox 1242 1214 1509 1298; x_wconf 91' lang='lat' dir='ltr'>epulum</span> <span class='ocrx_word' id='word_1_59' title='bbox 1566 1212 1723 1279; x_wconf 91' lang='lat' dir='ltr'>idoli</span> <span class='ocrx_word' id='word_1_60' title='bbox 1765 1214 2029 1278; x_wconf 79' lang='lat' dir='ltr'>nomine</span> <span class='ocrx_word' id='word_1_61' title='bbox 2072 1217 2413 1298; x_wconf 81' lang='lat' dir='ltr'>gratiaque</span> <span class='ocrx_word' id='word_1_62' title='bbox 2454 1215 2720 1279; x_wconf 82' lang='lat' dir='ltr'>institu-</span> 
     </span>
     <span class='ocr_line' id='line_1_10' title="bbox 775 1300 2719 1401; baseline -0.003 -33"><span class='ocrx_word' id='word_1_63' title='bbox 775 1301 1107 1401; x_wconf 79' lang='lat' dir='ltr'>tum.1n</span> <span class='ocrx_word' id='word_1_64' title='bbox 1163 1321 1242 1364; x_wconf 92' lang='lat' dir='ltr'>ea</span> <span class='ocrx_word' id='word_1_65' title='bbox 1290 1321 1446 1384; x_wconf 87' lang='lat' dir='ltr'>ergo</span> <span class='ocrx_word' id='word_1_66' title='bbox 1490 1308 1558 1365; x_wconf 93' lang='lat' dir='ltr'>et</span> <span class='ocrx_word' id='word_1_67' title='bbox 1600 1309 1956 1365; x_wconf 86' lang='lat' dir='ltr'>conventus</span> <span class='ocrx_word' id='word_1_68' title='bbox 2000 1307 2066 1364; x_wconf 91' lang='lat' dir='ltr'>et</span> <span class='ocrx_word' id='word_1_69' title='bbox 2108 1301 2286 1382; x_wconf 84' lang='lat' dir='ltr'>epuli</span> <span class='ocrx_word' id='word_1_70' title='bbox 2342 1300 2719 1366; x_wconf 77' lang='lat' dir='ltr'>celebritate</span> 
     </span>
     <span class='ocr_line' id='line_1_11' title="bbox 771 1384 2718 1473; baseline -0.003 -20"><span class='ocrx_word' id='word_1_71' title='bbox 771 1388 885 1473; x_wconf 89' lang='lat' dir='ltr'>qui</span> <span class='ocrx_word' id='word_1_72' title='bbox 927 1386 1211 1467; x_wconf 90' lang='lat' dir='ltr'>sederet,</span> <span class='ocrx_word' id='word_1_73' title='bbox 1265 1395 1593 1468; x_wconf 87' lang='lat' dir='ltr'>utcunque</span> <span class='ocrx_word' id='word_1_74' title='bbox 1649 1385 1974 1449; x_wconf 85' lang='lat' dir='ltr'>animatus</span> <span class='ocrx_word' id='word_1_75' title='bbox 2037 1386 2211 1467; x_wconf 91' lang='lat' dir='ltr'>apud</span> <span class='ocrx_word' id='word_1_76' title='bbox 2274 1408 2344 1451; x_wconf 89' lang='lat' dir='ltr'>se</span> <span class='ocrx_word' id='word_1_77' title='bbox 2388 1393 2593 1461; x_wconf 91' lang='lat' dir='ltr'>esset,</span> <span class='ocrx_word' id='word_1_78' title='bbox 2651 1384 2718 1449; x_wconf 91' lang='lat' dir='ltr'>id</span> 
     </span>
     <span class='ocr_line' id='line_1_12' title="bbox 774 1436 2716 1549; baseline -0.002 -11"><span class='ocrx_word' id='word_1_79' title='bbox 774 1487 994 1538; x_wconf 86' lang='lat' dir='ltr'>tamen</span> <span class='ocrx_word' id='word_1_80' title='bbox 1038 1473 1470 1549; x_wconf 85' lang='lat' dir='ltr'>committere,</span> <span class='ocrx_word' id='word_1_81' title='bbox 1527 1470 1704 1535; x_wconf 92' lang='lat' dir='ltr'>unde</span> <span class='ocrx_word' id='word_1_82' title='bbox 1761 1478 1829 1534; x_wconf 90' lang='lat' dir='ltr'>et</span> <span class='ocrx_word' id='word_1_83' title='bbox 1884 1470 2379 1536; x_wconf 88' lang='lat' dir='ltr'>idololatrarum</span> <span class='ocrx_word' id='word_1_84' title='bbox 2432 1436 2716 1537; x_wconf 78' lang='lat' dir='ltr'>ludibrio</span> 
     </span>
     <span class='ocr_line' id='line_1_13' title="bbox 768 1555 2716 1643; baseline -0.001 -20"><span class='ocrx_word' id='word_1_85' title='bbox 768 1558 899 1625; x_wconf 92' lang='lat' dir='ltr'>Dei</span> <span class='ocrx_word' id='word_1_86' title='bbox 942 1558 1152 1643; x_wconf 92' lang='lat' dir='ltr'>gloria</span> <span class='ocrx_word' id='word_1_87' title='bbox 1195 1563 1646 1640; x_wconf 85' lang='lat' dir='ltr'>exponeretur,</span> <span class='ocrx_word' id='word_1_88' title='bbox 1706 1563 1773 1619; x_wconf 89' lang='grc'>81</span> <span class='ocrx_word' id='word_1_89' title='bbox 1827 1555 2189 1622; x_wconf 89' lang='lat' dir='ltr'>imbecillae</span> <span class='ocrx_word' id='word_1_90' title='bbox 2240 1558 2519 1622; x_wconf 85' lang='lat' dir='ltr'>fratrum</span> <span class='ocrx_word' id='word_1_91' title='bbox 2563 1578 2716 1622; x_wconf 91' lang='lat' dir='ltr'>con-</span> 
     </span>
     <span class='ocr_line' id='line_1_14' title="bbox 772 1641 2717 1725; baseline -0.002 -15"><span class='ocrx_word' id='word_1_92' title='bbox 772 1644 1081 1710; x_wconf 86' lang='lat' dir='ltr'>scientiae</span> <span class='ocrx_word' id='word_1_93' title='bbox 1136 1644 1702 1709; x_wconf 85' lang='lat' dir='ltr'>subverterentur:</span> <span class='ocrx_word' id='word_1_94' title='bbox 1764 1641 1935 1725; x_wconf 90' lang='lat' dir='ltr'>quod</span> <span class='ocrx_word' id='word_1_95' title='bbox 1977 1650 2043 1706; x_wconf 92' lang='lat' dir='ltr'>et</span> <span class='ocrx_word' id='word_1_96' title='bbox 2083 1643 2181 1707; x_wconf 91' lang='lat' dir='ltr'>illi</span> <span class='ocrx_word' id='word_1_97' title='bbox 2224 1651 2592 1708; x_wconf 87' lang='lat' dir='ltr'>consortem</span> <span class='ocrx_word' id='word_1_98' title='bbox 2633 1642 2717 1707; x_wconf 84' lang='lat' dir='ltr'>ad</span> 
     </span>
     <span class='ocr_line' id='line_1_15' title="bbox 769 1725 2716 1796; baseline -0.002 -1"><span class='ocrx_word' id='word_1_99' title='bbox 769 1731 1101 1796; x_wconf 81' lang='lat' dir='ltr'>simulacri</span> <span class='ocrx_word' id='word_1_100' title='bbox 1158 1730 1261 1794; x_wconf 92' lang='lat' dir='ltr'>sui</span> <span class='ocrx_word' id='word_1_101' title='bbox 1320 1727 1572 1794; x_wconf 92' lang='lat' dir='ltr'>cultum</span> <span class='ocrx_word' id='word_1_102' title='bbox 1624 1725 1868 1791; x_wconf 89' lang='lat' dir='ltr'>habere</span> <span class='ocrx_word' id='word_1_103' title='bbox 1913 1748 1983 1791; x_wconf 91' lang='lat' dir='ltr'>se</span> <span class='ocrx_word' id='word_1_104' title='bbox 2025 1728 2461 1794; x_wconf 89' lang='lat' dir='ltr'>christianum</span> <span class='ocrx_word' id='word_1_105' title='bbox 2505 1728 2716 1792; x_wconf 92' lang='lat' dir='ltr'>homi-</span> 
     </span>
     <span class='ocr_line' id='line_1_16' title="bbox 714 1811 2715 1896; baseline -0.002 -14"><span class='ocrx_word' id='word_1_106' title='bbox 714 1833 720 1841; x_wconf 79' lang='lat'><em>‘</em></span> <span class='ocrx_word' id='word_1_107' title='bbox 770 1838 926 1882; x_wconf 91' lang='lat' dir='ltr'>nem</span> <span class='ocrx_word' id='word_1_108' title='bbox 970 1820 1409 1891; x_wconf 87' lang='lat' dir='ltr'>autumarent,</span> <span class='ocrx_word' id='word_1_109' title='bbox 1455 1833 1531 1877; x_wconf 89' lang='lat' dir='ltr'>ac</span> <span class='ocrx_word' id='word_1_110' title='bbox 1544 1811 2036 1896; x_wconf 86' lang='lat' dir='ltr'>gloriarentur.</span> <span class='ocrx_word' id='word_1_111' title='bbox 2083 1822 2151 1878; x_wconf 91' lang='lat' dir='ltr'>et</span> <span class='ocrx_word' id='word_1_112' title='bbox 2193 1815 2265 1878; x_wconf 88' lang='lat' dir='ltr'>hi</span> <span class='ocrx_word' id='word_1_113' title='bbox 2310 1815 2447 1880; x_wconf 92' lang='lat' dir='ltr'>eius</span> <span class='ocrx_word' id='word_1_114' title='bbox 2492 1835 2715 1878; x_wconf 87' lang='lat' dir='ltr'>exem-</span> 
     </span>
     <span class='ocr_line' id='line_1_17' title="bbox 768 1865 2715 1986; baseline -0.002 -20"><span class='ocrx_word' id='word_1_115' title='bbox 768 1902 879 1986; x_wconf 92' lang='lat' dir='ltr'>plo</span> <span class='ocrx_word' id='word_1_116' title='bbox 923 1900 1006 1965; x_wconf 84' lang='lat' dir='ltr'>ad</span> <span class='ocrx_word' id='word_1_117' title='bbox 1048 1900 1224 1965; x_wconf 92' lang='lat' dir='ltr'>idem</span> <span class='ocrx_word' id='word_1_118' title='bbox 1266 1865 1612 1982; x_wconf 86' lang='lat' dir='ltr'>agendum,</span> <span class='ocrx_word' id='word_1_119' title='bbox 1665 1919 2036 1980; x_wconf 87' lang='lat' dir='ltr'>quanquam</span> <span class='ocrx_word' id='word_1_120' title='bbox 2080 1907 2360 1964; x_wconf 85' lang='lat' dir='ltr'>nutante</span> <span class='ocrx_word' id='word_1_121' title='bbox 2403 1900 2715 1966; x_wconf 87' lang='lat' dir='ltr'>vacillan-</span> 
     </span>
     <span class='ocr_line' id='line_1_18' title="bbox 769 1983 2719 2071; baseline -0.002 -19"><span class='ocrx_word' id='word_1_122' title='bbox 769 1996 962 2071; x_wconf 87' lang='lat' dir='ltr'>teque</span> <span class='ocrx_word' id='word_1_123' title='bbox 1006 1985 1420 2060; x_wconf 89' lang='lat' dir='ltr'>conscientia,</span> <span class='ocrx_word' id='word_1_124' title='bbox 1466 1983 1742 2049; x_wconf 82' lang='lat' dir='ltr'>audaces</span> <span class='ocrx_word' id='word_1_125' title='bbox 1777 1986 2027 2050; x_wconf 85' lang='lat' dir='ltr'>fierent.</span> <span class='ocrx_word' id='word_1_126' title='bbox 2117 1984 2295 2066; x_wconf 80' lang='lat' dir='ltr'>Quid</span> <span class='ocrx_word' id='word_1_127' title='bbox 2341 1992 2563 2051; x_wconf 86' lang='lat' dir='ltr'>autem</span> <span class='ocrx_word' id='word_1_128' title='bbox 2606 1986 2719 2049; x_wconf 88' lang='lat' dir='ltr'>isti</span> 
     </span>
     <span class='ocr_line' id='line_1_19' title="bbox 768 2069 2716 2154; baseline -0.003 -15"><span class='ocrx_word' id='word_1_129' title='bbox 768 2071 1017 2139; x_wconf 80' lang='lat' dir='ltr'>nostri?</span> <span class='ocrx_word' id='word_1_130' title='bbox 1108 2069 1216 2135; x_wconf 87' lang='lat' dir='ltr'>Ad</span> <span class='ocrx_word' id='word_1_131' title='bbox 1258 2072 1555 2145; x_wconf 89' lang='lat' dir='ltr'>missam,</span> <span class='ocrx_word' id='word_1_132' title='bbox 1615 2089 1811 2151; x_wconf 90' lang='lat' dir='ltr'>quam</span> <span class='ocrx_word' id='word_1_133' title='bbox 1855 2069 2051 2154; x_wconf 85' lang='lat' dir='ltr'>longo</span> <span class='ocrx_word' id='word_1_134' title='bbox 2094 2072 2408 2154; x_wconf 90' lang='lat' dir='ltr'>varioque</span> <span class='ocrx_word' id='word_1_135' title='bbox 2452 2071 2716 2137; x_wconf 89' lang='lat' dir='ltr'>sacrile-</span> 
     </span>
     <span class='ocr_line' id='line_1_20' title="bbox 770 2120 2718 2255; baseline -0.002 -32"><span class='ocrx_word' id='word_1_136' title='bbox 770 2160 1042 2255; x_wconf 84' lang='lat' dir='ltr'>giorum</span> <span class='ocrx_word' id='word_1_137' title='bbox 1085 2162 1403 2238; x_wconf 90' lang='lat' dir='ltr'>apparatu</span> <span class='ocrx_word' id='word_1_138' title='bbox 1440 2120 1831 2219; x_wconf 88' lang='lat' dir='ltr'>instructam</span> <span class='ocrx_word' id='word_1_139' title='bbox 1875 2156 2132 2235; x_wconf 89' lang='lat' dir='ltr'>vident,</span> <span class='ocrx_word' id='word_1_140' title='bbox 2175 2158 2603 2223; x_wconf 86' lang='lat' dir='ltr'>conveniunt:</span> <span class='ocrx_word' id='word_1_141' title='bbox 2650 2165 2718 2221; x_wconf 92' lang='lat' dir='ltr'>et</span> 
     </span>
     <span class='ocr_line' id='line_1_21' title="bbox 770 2238 2715 2329; baseline -0.001 -19"><span class='ocrx_word' id='word_1_142' title='bbox 770 2242 1173 2311; x_wconf 86' lang='lat' dir='ltr'>conveniunt</span> <span class='ocrx_word' id='word_1_143' title='bbox 1217 2262 1364 2305; x_wconf 92' lang='lat' dir='ltr'>cum</span> <span class='ocrx_word' id='word_1_144' title='bbox 1403 2238 1858 2320; x_wconf 90' lang='lat' dir='ltr'>multitudine,</span> <span class='ocrx_word' id='word_1_145' title='bbox 1916 2261 2114 2329; x_wconf 90' lang='lat' dir='ltr'>quam</span> <span class='ocrx_word' id='word_1_146' title='bbox 2152 2243 2517 2326; x_wconf 89' lang='lat' dir='ltr'>perniciosa</span> <span class='ocrx_word' id='word_1_147' title='bbox 2558 2244 2715 2308; x_wconf 91' lang='lat' dir='ltr'>mis-</span> 
     </span>
     <span class='ocr_line' id='line_1_22' title="bbox 772 2326 2716 2411; baseline -0.001 -17"><span class='ocrx_word' id='word_1_148' title='bbox 772 2349 883 2394; x_wconf 87' lang='lat' dir='ltr'>sae</span> <span class='ocrx_word' id='word_1_149' title='bbox 936 2326 1355 2411; x_wconf 85' lang='lat' dir='ltr'>persuasione</span> <span class='ocrx_word' id='word_1_150' title='bbox 1420 2326 1657 2390; x_wconf 89' lang='lat' dir='ltr'>misere</span> <span class='ocrx_word' id='word_1_151' title='bbox 1709 2326 2103 2392; x_wconf 86' lang='lat' dir='ltr'>infatuatam</span> <span class='ocrx_word' id='word_1_152' title='bbox 2158 2335 2418 2393; x_wconf 91' lang='lat' dir='ltr'>norunt.</span> <span class='ocrx_word' id='word_1_153' title='bbox 2509 2327 2716 2394; x_wconf 80' lang='lat' dir='ltr'>Cuius</span> 
     </span>
     <span class='ocr_line' id='line_1_23' title="bbox 772 2413 2716 2512; baseline -0.001 -34"><span class='ocrx_word' id='word_1_154' title='bbox 772 2422 996 2491; x_wconf 78' lang='lat' dir='ltr'>tamen</span> <span class='ocrx_word' id='word_1_155' title='bbox 1030 2413 1123 2479; x_wconf 95' lang='lat' dir='ltr'>sic</span> <span class='ocrx_word' id='word_1_156' title='bbox 1157 2413 1532 2477; x_wconf 88' lang='lat' dir='ltr'>caecitatem</span> <span class='ocrx_word' id='word_1_157' title='bbox 1577 2414 2232 2512; x_wconf 84' lang='lat' dir='ltr'>superstitionemque</span> <span class='ocrx_word' id='word_1_158' title='bbox 2278 2421 2422 2492; x_wconf 81' lang='lat' dir='ltr'>[pag.</span> <span class='ocrx_word' id='word_1_159' title='bbox 2461 2420 2588 2491; x_wconf 86' lang='lat'>33]</span> <span class='ocrx_word' id='word_1_160' title='bbox 2612 2413 2716 2477; x_wconf 93' lang='lat' dir='ltr'>in-</span> 
     </span>
     <span class='ocr_line' id='line_1_24' title="bbox 772 2498 2717 2581; baseline 0.001 -18"><span class='ocrx_word' id='word_1_161' title='bbox 772 2510 883 2565; x_wconf 89' lang='lat' dir='ltr'>tus</span> <span class='ocrx_word' id='word_1_162' title='bbox 917 2499 1334 2576; x_wconf 81' lang='lat' dir='ltr'>miserantur,</span> <span class='ocrx_word' id='word_1_163' title='bbox 1374 2503 1449 2561; x_wconf 89' lang='lat' dir='ltr'>ut</span> <span class='ocrx_word' id='word_1_164' title='bbox 1483 2499 1772 2562; x_wconf 88' lang='lat' dir='ltr'>exterius</span> <span class='ocrx_word' id='word_1_165' title='bbox 1806 2498 2166 2563; x_wconf 79' lang='lat' dir='ltr'>imitentur</span> <span class='ocrx_word' id='word_1_166' title='bbox 2234 2500 2486 2565; x_wconf 89' lang='lat' dir='ltr'>Panem</span> <span class='ocrx_word' id='word_1_167' title='bbox 2521 2520 2717 2581; x_wconf 91' lang='lat' dir='ltr'>quem</span> 
     </span>
     <span class='ocr_line' id='line_1_25' title="bbox 770 2582 2717 2668; baseline 0 -19"><span class='ocrx_word' id='word_1_168' title='bbox 770 2584 1017 2651; x_wconf 88' lang='lat' dir='ltr'>idolum</span> <span class='ocrx_word' id='word_1_169' title='bbox 1059 2584 1326 2666; x_wconf 88' lang='lat' dir='ltr'>reliquis</span> <span class='ocrx_word' id='word_1_170' title='bbox 1369 2602 1513 2647; x_wconf 87' lang='lat' dir='ltr'>esse</span> <span class='ocrx_word' id='word_1_171' title='bbox 1558 2582 1806 2663; x_wconf 91' lang='lat' dir='ltr'>sciunt,</span> <span class='ocrx_word' id='word_1_172' title='bbox 1852 2583 2048 2649; x_wconf 90' lang='lat' dir='ltr'>simul</span> <span class='ocrx_word' id='word_1_173' title='bbox 2092 2607 2242 2650; x_wconf 90' lang='lat' dir='ltr'>cum</span> <span class='ocrx_word' id='word_1_174' title='bbox 2284 2585 2415 2649; x_wconf 91' lang='lat' dir='ltr'>illis</span> <span class='ocrx_word' id='word_1_175' title='bbox 2457 2606 2717 2668; x_wconf 89' lang='lat' dir='ltr'>unoque</span> 
     </span>
     <span class='ocr_line' id='line_1_26' title="bbox 773 2669 2718 2756; baseline -0.001 -21"><span class='ocrx_word' id='word_1_176' title='bbox 773 2679 964 2756; x_wconf 85' lang='lat' dir='ltr'>gestu</span> <span class='ocrx_word' id='word_1_177' title='bbox 1004 2676 1422 2734; x_wconf 90' lang='lat' dir='ltr'>venerantur.</span> <span class='ocrx_word' id='word_1_178' title='bbox 1509 2669 1621 2732; x_wconf 86' lang='lat' dir='ltr'>An</span> <span class='ocrx_word' id='word_1_179' title='bbox 1674 2690 1809 2733; x_wconf 88' lang='grc'>808</span> <span class='ocrx_word' id='word_1_180' title='bbox 1864 2669 1971 2733; x_wconf 90' lang='lat' dir='ltr'>hic</span> <span class='ocrx_word' id='word_1_181' title='bbox 2028 2677 2096 2734; x_wconf 90' lang='lat' dir='ltr'>et</span> <span class='ocrx_word' id='word_1_182' title='bbox 2151 2671 2400 2737; x_wconf 79' lang='lat' dir='ltr'>Christi</span> <span class='ocrx_word' id='word_1_183' title='bbox 2456 2692 2718 2737; x_wconf 92' lang='lat' dir='ltr'>crucem</span> 
     </span>
     <span class='ocr_line' id='line_1_27' title="bbox 771 2752 2716 2838; baseline -0.001 -17"><span class='ocrx_word' id='word_1_184' title='bbox 771 2754 945 2838; x_wconf 89' lang='lat' dir='ltr'>apud</span> <span class='ocrx_word' id='word_1_185' title='bbox 989 2755 1126 2820; x_wconf 93' lang='lat' dir='ltr'>eius</span> <span class='ocrx_word' id='word_1_186' title='bbox 1168 2755 1469 2818; x_wconf 90' lang='lat' dir='ltr'>inimicos</span> <span class='ocrx_word' id='word_1_187' title='bbox 1514 2752 1871 2819; x_wconf 90' lang='lat' dir='ltr'>deridiculo</span> <span class='ocrx_word' id='word_1_188' title='bbox 1913 2757 2353 2837; x_wconf 85' lang='lat' dir='ltr'>prostituunt,</span> <span class='ocrx_word' id='word_1_189' title='bbox 2408 2764 2476 2822; x_wconf 89' lang='lat' dir='ltr'>et</span> <span class='ocrx_word' id='word_1_190' title='bbox 2528 2757 2716 2822; x_wconf 91' lang='lat' dir='ltr'>infir-</span> 
     </span>
     <span class='ocr_line' id='line_1_28' title="bbox 768 2838 2716 2927; baseline -0.001 -21"><span class='ocrx_word' id='word_1_191' title='bbox 768 2863 1027 2906; x_wconf 92' lang='lat' dir='ltr'>morum</span> <span class='ocrx_word' id='word_1_192' title='bbox 1074 2842 1355 2905; x_wconf 81' lang='lat' dir='ltr'>fratrum</span> <span class='ocrx_word' id='word_1_193' title='bbox 1410 2838 1845 2905; x_wconf 83' lang='lat' dir='ltr'>haesitantem</span> <span class='ocrx_word' id='word_1_194' title='bbox 1887 2841 2367 2924; x_wconf 86' lang='grc'>811891101181818</span> <span class='ocrx_word' id='word_1_195' title='bbox 2413 2842 2716 2927; x_wconf 89' lang='lat' dir='ltr'>exemplo</span> 
     </span>
     <span class='ocr_line' id='line_1_29' title="bbox 770 2925 2717 3011; baseline 0.001 -20"><span class='ocrx_word' id='word_1_196' title='bbox 770 2948 887 2992; x_wconf 90' lang='lat' dir='ltr'>suo</span> <span class='ocrx_word' id='word_1_197' title='bbox 932 2925 1017 2992; x_wconf 89' lang='lat' dir='ltr'>ad</span> <span class='ocrx_word' id='word_1_198' title='bbox 1057 2925 1448 2991; x_wconf 85' lang='lat' dir='ltr'>imitandum</span> <span class='ocrx_word' id='word_1_199' title='bbox 1493 2925 1922 2991; x_wconf 78' lang='lat' dir='ltr'>concutiunt?</span> <span class='ocrx_word' id='word_1_200' title='bbox 2010 2927 2162 2993; x_wconf 92' lang='lat' dir='ltr'>Non</span> <span class='ocrx_word' id='word_1_201' title='bbox 2204 2935 2305 2992; x_wconf 91' lang='lat' dir='ltr'>est</span> <span class='ocrx_word' id='word_1_202' title='bbox 2352 2928 2558 3011; x_wconf 90' lang='lat' dir='ltr'>igitur</span> <span class='ocrx_word' id='word_1_203' title='bbox 2600 2948 2717 2993; x_wconf 82' lang='lat' dir='ltr'>cur</span> 
     </span>
     <span class='ocr_line' id='line_1_30' title="bbox 769 3011 2716 3096; baseline 0.001 -18"><span class='ocrx_word' id='word_1_204' title='bbox 769 3013 928 3078; x_wconf 87' lang='lat' dir='ltr'>hinc</span> <span class='ocrx_word' id='word_1_205' title='bbox 969 3035 1127 3079; x_wconf 91' lang='lat' dir='ltr'>suae</span> <span class='ocrx_word' id='word_1_206' title='bbox 1179 3011 1726 3096; x_wconf 81' lang='lat' dir='ltr'>praevaricationi</span> <span class='ocrx_word' id='word_1_207' title='bbox 1779 3012 2062 3078; x_wconf 89' lang='lat' dir='ltr'>molliter</span> <span class='ocrx_word' id='word_1_208' title='bbox 2105 3011 2543 3094; x_wconf 67' lang='lat' dir='ltr'>blandiantiu,</span> <span class='ocrx_word' id='word_1_209' title='bbox 2601 3012 2716 3079; x_wconf 89' lang='lat' dir='ltr'>ad-</span> 
     </span>
     <span class='ocr_line' id='line_1_31' title="bbox 770 3098 2714 3183; baseline -0.001 -18"><span class='ocrx_word' id='word_1_210' title='bbox 770 3121 1002 3165; x_wconf 87' lang='lat' dir='ltr'>versus</span> <span class='ocrx_word' id='word_1_211' title='bbox 1039 3119 1238 3182; x_wconf 90' lang='lat' dir='ltr'>quam</span> <span class='ocrx_word' id='word_1_212' title='bbox 1272 3104 1458 3162; x_wconf 87' lang='lat' dir='ltr'>tanto</span> <span class='ocrx_word' id='word_1_213' title='bbox 1492 3098 1844 3163; x_wconf 90' lang='lat' dir='ltr'>verborum</span> <span class='ocrx_word' id='word_1_214' title='bbox 1879 3098 2155 3163; x_wconf 77' lang='lat' dir='ltr'>fulmine</span> <span class='ocrx_word' id='word_1_215' title='bbox 2197 3100 2514 3165; x_wconf 80' lang='lat' dir='ltr'>exardere</span> <span class='ocrx_word' id='word_1_216' title='bbox 2558 3120 2714 3183; x_wconf 92' lang='lat' dir='ltr'>apo-</span> 
     </span>
     <span class='ocr_line' id='line_1_32' title="bbox 768 3181 2714 3268; baseline 0 -18"><span class='ocrx_word' id='word_1_217' title='bbox 768 3186 1012 3251; x_wconf 89' lang='lat' dir='ltr'>stolum</span> <span class='ocrx_word' id='word_1_218' title='bbox 1054 3184 1299 3249; x_wconf 89' lang='lat' dir='ltr'>vident.</span> <span class='ocrx_word' id='word_1_219' title='bbox 1391 3181 1601 3264; x_wconf 78' lang='lat' dir='ltr'>Quid,</span> <span class='ocrx_word' id='word_1_220' title='bbox 1664 3183 1838 3266; x_wconf 88' lang='lat' dir='ltr'>quod</span> <span class='ocrx_word' id='word_1_221' title='bbox 1896 3204 1937 3246; x_wconf 92' lang='lat' dir='ltr'>a</span> <span class='ocrx_word' id='word_1_222' title='bbox 1992 3185 2298 3266; x_wconf 87' lang='lat' dir='ltr'>professis</span> <span class='ocrx_word' id='word_1_223' title='bbox 2355 3185 2714 3268; x_wconf 91' lang='lat' dir='ltr'>iuratisque</span> 
     </span>
     <span class='ocr_line' id='line_1_33' title="bbox 768 3269 2715 3364; baseline -0.001 -28"><span class='ocrx_word' id='word_1_224' title='bbox 768 3269 1019 3336; x_wconf 82' lang='lat' dir='ltr'>Christi</span> <span class='ocrx_word' id='word_1_225' title='bbox 1065 3278 1133 3334; x_wconf 92' lang='lat' dir='ltr'>et</span> <span class='ocrx_word' id='word_1_226' title='bbox 1169 3269 1495 3364; x_wconf 90' lang='lat' dir='ltr'>evangelii</span> <span class='ocrx_word' id='word_1_227' title='bbox 1529 3271 1668 3333; x_wconf 91' lang='lat' dir='ltr'>eius</span> <span class='ocrx_word' id='word_1_228' title='bbox 1706 3269 2116 3348; x_wconf 87' lang='lat' dir='ltr'>adversariis,</span> <span class='ocrx_word' id='word_1_229' title='bbox 2162 3269 2287 3335; x_wconf 86' lang='grc'>1108</span> <span class='ocrx_word' id='word_1_230' title='bbox 2320 3270 2525 3336; x_wconf 91' lang='lat' dir='ltr'>veluti</span> <span class='ocrx_word' id='word_1_231' title='bbox 2569 3272 2715 3355; x_wconf 90' lang='lat' dir='ltr'>pig-</span> 
     </span>
     <span class='ocr_line' id='line_1_34' title="bbox 768 3351 2714 3453; baseline -0.001 -33"><span class='ocrx_word' id='word_1_232' title='bbox 768 3378 895 3421; x_wconf 88' lang='lat' dir='ltr'>nus</span> <span class='ocrx_word' id='word_1_233' title='bbox 951 3351 1378 3453; x_wconf 77' lang='lat' dir='ltr'>abnegandae</span> <span class='ocrx_word' id='word_1_234' title='bbox 1420 3373 1618 3421; x_wconf 87' lang='lat' dir='ltr'>verae</span> <span class='ocrx_word' id='word_1_235' title='bbox 1674 3356 1937 3438; x_wconf 86' lang='lat' dir='ltr'>pietatis</span> <span class='ocrx_word' id='word_1_236' title='bbox 1993 3355 2076 3419; x_wconf 91' lang='lat' dir='ltr'>de</span> <span class='ocrx_word' id='word_1_237' title='bbox 2128 3376 2199 3421; x_wconf 91' lang='lat' dir='ltr'>se</span> <span class='ocrx_word' id='word_1_238' title='bbox 2252 3357 2429 3440; x_wconf 82' lang='lat' dir='ltr'>exigi</span> <span class='ocrx_word' id='word_1_239' title='bbox 2470 3356 2714 3421; x_wconf 89' lang='lat' dir='ltr'>intelli-</span> 
     </span>
     <span class='ocr_line' id='line_1_35' title="bbox 769 3438 2714 3540; baseline 0.001 -36"><span class='ocrx_word' id='word_1_240' title='bbox 769 3440 976 3540; x_wconf 78' lang='lat' dir='ltr'>gunt?</span> <span class='ocrx_word' id='word_1_241' title='bbox 1043 3441 1175 3507; x_wconf 89' lang='lat' dir='ltr'>Hic</span> <span class='ocrx_word' id='word_1_242' title='bbox 1219 3440 1395 3504; x_wconf 91' lang='lat' dir='ltr'>enim</span> <span class='ocrx_word' id='word_1_243' title='bbox 1437 3438 1570 3504; x_wconf 90' lang='lat' dir='ltr'>illis</span> <span class='ocrx_word' id='word_1_244' title='bbox 1614 3440 1810 3505; x_wconf 91' lang='lat' dir='ltr'>hodie</span> <span class='ocrx_word' id='word_1_245' title='bbox 1853 3440 1936 3504; x_wconf 89' lang='lat' dir='ltr'>ad</span> <span class='ocrx_word' id='word_1_246' title='bbox 1979 3442 2448 3525; x_wconf 88' lang='lat' dir='ltr'>explorandam</span> <span class='ocrx_word' id='word_1_247' title='bbox 2481 3443 2714 3507; x_wconf 91' lang='lat' dir='ltr'>unius-</span> 
     </span>
     <span class='ocr_line' id='line_1_36' title="bbox 768 3525 2714 3625; baseline 0.001 -34"><span class='ocrx_word' id='word_1_248' title='bbox 768 3527 1084 3625; x_wconf 79' lang='lat' dir='ltr'>cuiusque</span> <span class='ocrx_word' id='word_1_249' title='bbox 1131 3525 1330 3590; x_wconf 89' lang='lat' dir='ltr'>fidem</span> <span class='ocrx_word' id='word_1_250' title='bbox 1395 3525 1563 3608; x_wconf 91' lang='lat' dir='ltr'>lapis</span> <span class='ocrx_word' id='word_1_251' title='bbox 1604 3525 1823 3610; x_wconf 82' lang='lat' dir='ltr'>lydius</span> <span class='ocrx_word' id='word_1_252' title='bbox 1886 3534 2013 3625; x_wconf 84' lang='grc'>881,</span> <span class='ocrx_word' id='word_1_253' title='bbox 2069 3527 2323 3593; x_wconf 89' lang='grc'>0811088</span> <span class='ocrx_word' id='word_1_254' title='bbox 2366 3529 2714 3594; x_wconf 91' lang='lat' dir='ltr'>observare</span> 
     </span>
     <span class='ocr_line' id='line_1_37' title="bbox 768 3609 2714 3711; baseline 0.002 -36"><span class='ocrx_word' id='word_1_255' title='bbox 768 3612 914 3711; x_wconf 75' lang='lat' dir='ltr'>quis</span> <span class='ocrx_word' id='word_1_256' title='bbox 955 3612 1227 3676; x_wconf 88' lang='lat' dir='ltr'>missam</span> <span class='ocrx_word' id='word_1_257' title='bbox 1270 3609 1512 3690; x_wconf 88' lang='lat' dir='ltr'>audiat,</span> <span class='ocrx_word' id='word_1_258' title='bbox 1557 3630 1796 3677; x_wconf 86' lang='lat' dir='ltr'>necne:</span> <span class='ocrx_word' id='word_1_259' title='bbox 1841 3619 1920 3676; x_wconf 91' lang='lat' dir='ltr'>ut</span> <span class='ocrx_word' id='word_1_260' title='bbox 1961 3613 2032 3676; x_wconf 88' lang='lat' dir='ltr'>in</span> <span class='ocrx_word' id='word_1_261' title='bbox 2074 3634 2206 3678; x_wconf 91' lang='lat' dir='ltr'>uno</span> <span class='ocrx_word' id='word_1_262' title='bbox 2249 3614 2489 3679; x_wconf 90' lang='lat' dir='ltr'>missae</span> <span class='ocrx_word' id='word_1_263' title='bbox 2532 3614 2714 3678; x_wconf 90' lang='lat' dir='ltr'>cultu</span> 
     </span>
     <span class='ocr_line' id='line_1_38' title="bbox 767 3696 2711 3782; baseline 0.001 -20"><span class='ocrx_word' id='word_1_264' title='bbox 767 3699 1037 3782; x_wconf 81' lang='lat' dir='ltr'>tacitam</span> <span class='ocrx_word' id='word_1_265' title='bbox 1078 3696 1296 3762; x_wconf 90' lang='lat' dir='ltr'>nescio</span> <span class='ocrx_word' id='word_1_266' title='bbox 1340 3717 1536 3779; x_wconf 90' lang='lat' dir='ltr'>quam</span> <span class='ocrx_word' id='word_1_267' title='bbox 1578 3698 2048 3780; x_wconf 87' lang='lat' dir='ltr'>professionem</span> <span class='ocrx_word' id='word_1_268' title='bbox 2091 3699 2426 3781; x_wconf 87' lang='lat' dir='ltr'>accipiant,</span> <span class='ocrx_word' id='word_1_269' title='bbox 2473 3720 2603 3782; x_wconf 90' lang='grc'>(188</span> <span class='ocrx_word' id='word_1_270' title='bbox 2642 3701 2711 3763; x_wconf 91' lang='grc'>18</span> 
     </span>
     <span class='ocr_line' id='line_1_39' title="bbox 766 3782 2714 3851; baseline 0.002 -3"><span class='ocrx_word' id='word_1_271' title='bbox 766 3783 1109 3848; x_wconf 87' lang='lat' dir='ltr'>universas</span> <span class='ocrx_word' id='word_1_272' title='bbox 1151 3804 1307 3848; x_wconf 91' lang='lat' dir='ltr'>suas</span> <span class='ocrx_word' id='word_1_273' title='bbox 1352 3782 1870 3848; x_wconf 89' lang='lat' dir='ltr'>abominationes</span> <span class='ocrx_word' id='word_1_274' title='bbox 1926 3784 2126 3849; x_wconf 91' lang='lat' dir='ltr'>semel</span> <span class='ocrx_word' id='word_1_275' title='bbox 2180 3784 2460 3850; x_wconf 87' lang='lat' dir='ltr'>iuretur:</span> <span class='ocrx_word' id='word_1_276' title='bbox 2517 3787 2714 3851; x_wconf 88' lang='lat' dir='ltr'>unius</span> 
     </span>
     <span class='ocr_line' id='line_1_40' title="bbox 765 3869 2712 3951; baseline 0.001 -18"><span class='ocrx_word' id='word_1_277' title='bbox 765 3869 1005 3934; x_wconf 90' lang='lat' dir='ltr'>missae</span> <span class='ocrx_word' id='word_1_278' title='bbox 1046 3876 1440 3951; x_wconf 89' lang='lat' dir='ltr'>contemptu,</span> <span class='ocrx_word' id='word_1_279' title='bbox 1487 3889 1789 3934; x_wconf 87' lang='lat' dir='ltr'>corruere</span> <span class='ocrx_word' id='word_1_280' title='bbox 1832 3869 2094 3934; x_wconf 90' lang='lat' dir='ltr'>easdem</span> <span class='ocrx_word' id='word_1_281' title='bbox 2137 3877 2203 3934; x_wconf 92' lang='lat' dir='ltr'>et</span> <span class='ocrx_word' id='word_1_282' title='bbox 2242 3871 2512 3935; x_wconf 88' lang='lat' dir='ltr'>interire</span> <span class='ocrx_word' id='word_1_283' title='bbox 2539 3871 2712 3935; x_wconf 91' lang='lat' dir='ltr'>exis-</span> 
     </span>
     <span class='ocr_line' id='line_1_41' title="bbox 765 3953 2715 4035; baseline 0.002 -18"><span class='ocrx_word' id='word_1_284' title='bbox 765 3956 1016 4019; x_wconf 87' lang='lat' dir='ltr'>timent.</span> <span class='ocrx_word' id='word_1_285' title='bbox 1096 3953 1565 4035; x_wconf 87' lang='lat' dir='ltr'>Respondeant</span> <span class='ocrx_word' id='word_1_286' title='bbox 1605 3976 1783 4020; x_wconf 91' lang='lat' dir='ltr'>nunc</span> <span class='ocrx_word' id='word_1_287' title='bbox 1823 3954 1988 4019; x_wconf 89' lang='lat' dir='ltr'>mihi</span> <span class='ocrx_word' id='word_1_288' title='bbox 2033 3956 2204 4021; x_wconf 88' lang='lat' dir='ltr'>bona</span> <span class='ocrx_word' id='word_1_289' title='bbox 2250 3956 2380 4021; x_wconf 89' lang='lat' dir='ltr'>fide</span> <span class='ocrx_word' id='word_1_290' title='bbox 2411 3957 2521 4021; x_wconf 90' lang='lat' dir='ltr'>isti</span> <span class='ocrx_word' id='word_1_291' title='bbox 2557 3958 2715 4020; x_wconf 89' lang='lat' dir='ltr'>mis-</span> 
     </span>
     <span class='ocr_line' id='line_1_42' title="bbox 772 4039 2712 4124; baseline 0.001 -20"><span class='ocrx_word' id='word_1_292' title='bbox 772 4060 993 4104; x_wconf 91' lang='lat' dir='ltr'>sarum</span> <span class='ocrx_word' id='word_1_293' title='bbox 1037 4040 1315 4117; x_wconf 87' lang='lat' dir='ltr'>alumni,</span> <span class='ocrx_word' id='word_1_294' title='bbox 1369 4039 1752 4122; x_wconf 91' lang='lat' dir='ltr'>quibuscum</span> <span class='ocrx_word' id='word_1_295' title='bbox 1806 4040 1971 4104; x_wconf 90' lang='lat' dir='ltr'>mihi</span> <span class='ocrx_word' id='word_1_296' title='bbox 2027 4043 2316 4124; x_wconf 91' lang='lat' dir='ltr'>quaestio</span> <span class='ocrx_word' id='word_1_297' title='bbox 2370 4050 2496 4121; x_wconf 90' lang='lat' dir='ltr'>est,</span> <span class='ocrx_word' id='word_1_298' title='bbox 2555 4042 2712 4106; x_wconf 89' lang='lat' dir='ltr'>dum</span> 
     </span>
     <span class='ocr_line' id='line_1_43' title="bbox 771 4124 2715 4210; baseline 0.001 -19"><span class='ocrx_word' id='word_1_299' title='bbox 771 4125 1159 4208; x_wconf 82' lang='lat' dir='ltr'>capitalibus</span> <span class='ocrx_word' id='word_1_300' title='bbox 1212 4124 1396 4191; x_wconf 94' lang='lat' dir='ltr'>verbi</span> <span class='ocrx_word' id='word_1_301' title='bbox 1438 4127 1565 4190; x_wconf 92' lang='lat' dir='ltr'>Dei</span> <span class='ocrx_word' id='word_1_302' title='bbox 1620 4125 1916 4191; x_wconf 89' lang='lat' dir='ltr'>hostibus</span> <span class='ocrx_word' id='word_1_303' title='bbox 1967 4126 2036 4191; x_wconf 93' lang='lat' dir='ltr'>id</span> <span class='ocrx_word' id='word_1_304' title='bbox 2090 4126 2482 4206; x_wconf 90' lang='lat' dir='ltr'>concedunt,</span> <span class='ocrx_word' id='word_1_305' title='bbox 2543 4126 2715 4210; x_wconf 89' lang='lat' dir='ltr'>quod</span> 
     </span>
     <span class='ocr_line' id='line_1_44' title="bbox 770 4210 2715 4296; baseline 0.001 -21"><span class='ocrx_word' id='word_1_306' title='bbox 770 4210 903 4275; x_wconf 88' lang='grc'>11118</span> <span class='ocrx_word' id='word_1_307' title='bbox 949 4211 1345 4276; x_wconf 86' lang='lat' dir='ltr'>abiurandae</span> <span class='ocrx_word' id='word_1_308' title='bbox 1392 4233 1583 4276; x_wconf 89' lang='lat' dir='ltr'>verae</span> <span class='ocrx_word' id='word_1_309' title='bbox 1624 4212 1960 4296; x_wconf 88' lang='lat' dir='ltr'>religionis</span> <span class='ocrx_word' id='word_1_310' title='bbox 1995 4212 2369 4296; x_wconf 80' lang='lat' dir='ltr'>symbolum</span> <span class='ocrx_word' id='word_1_311' title='bbox 2403 4225 2543 4279; x_wconf 89' lang='grc'>8888</span> <span class='ocrx_word' id='word_1_312' title='bbox 2580 4233 2715 4277; x_wconf 90' lang='grc'>808</span> 
     </span>
     <span class='ocr_line' id='line_1_45' title="bbox 770 4297 2714 4382; baseline 0 -21"><span class='ocrx_word' id='word_1_313' title='bbox 770 4297 1109 4381; x_wconf 86' lang='lat' dir='ltr'>ignorant:</span> <span class='ocrx_word' id='word_1_314' title='bbox 1170 4319 1257 4361; x_wconf 89' lang='grc'>88</span> <span class='ocrx_word' id='word_1_315' title='bbox 1315 4318 1449 4361; x_wconf 89' lang='grc'>808</span> <span class='ocrx_word' id='word_1_316' title='bbox 1488 4297 1641 4375; x_wconf 87' lang='grc'>1100,</span> <span class='ocrx_word' id='word_1_317' title='bbox 1703 4318 1820 4363; x_wconf 89' lang='grc'>088</span> <span class='ocrx_word' id='word_1_318' title='bbox 1882 4297 2032 4362; x_wconf 83' lang='grc'>(1810</span> <span class='ocrx_word' id='word_1_319' title='bbox 2089 4300 2392 4382; x_wconf 85' lang='grc'>9138018,</span> <span class='ocrx_word' id='word_1_320' title='bbox 2450 4300 2714 4363; x_wconf 88' lang='grc'>11101818</span> 
     </span>
     <span class='ocr_line' id='line_1_46' title="bbox 771 4350 2715 4468; baseline 0 -20"><span class='ocrx_word' id='word_1_321' title='bbox 771 4402 915 4448; x_wconf 88' lang='grc'>8888</span> <span class='ocrx_word' id='word_1_322' title='bbox 937 4383 1321 4448; x_wconf 89' lang='lat' dir='ltr'>exsecrabili</span> <span class='ocrx_word' id='word_1_323' title='bbox 1353 4382 1655 4466; x_wconf 78' lang='lat' dir='ltr'>religioni</span> <span class='ocrx_word' id='word_1_324' title='bbox 1688 4382 1981 4468; x_wconf 89' lang='lat' dir='ltr'>obligant</span> <span class='ocrx_word' id='word_1_325' title='bbox 2002 4403 2077 4448; x_wconf 95' lang='grc'>80</span> <span class='ocrx_word' id='word_1_326' title='bbox 2096 4350 2535 4450; x_wconf 73' lang='lat' dir='ltr'>devinciunt?</span> <span class='ocrx_word' id='word_1_327' title='bbox 2565 4385 2715 4449; x_wconf 92' lang='lat' dir='ltr'>Non</span> 
     </span>
     <span class='ocr_line' id='line_1_47' title="bbox 771 4468 2713 4551; baseline 0 -18"><span class='ocrx_word' id='word_1_328' title='bbox 771 4470 953 4533; x_wconf 92' lang='lat' dir='ltr'>enim</span> <span class='ocrx_word' id='word_1_329' title='bbox 1006 4468 1140 4531; x_wconf 92' lang='lat' dir='ltr'>iam</span> <span class='ocrx_word' id='word_1_330' title='bbox 1193 4468 1407 4550; x_wconf 88' lang='lat' dir='ltr'>qualis</span> <span class='ocrx_word' id='word_1_331' title='bbox 1464 4469 1607 4549; x_wconf 92' lang='lat' dir='ltr'>ipsa</span> <span class='ocrx_word' id='word_1_332' title='bbox 1657 4490 1775 4551; x_wconf 92' lang='lat' dir='ltr'>per</span> <span class='ocrx_word' id='word_1_333' title='bbox 1818 4492 1888 4536; x_wconf 92' lang='lat' dir='ltr'>se</span> <span class='ocrx_word' id='word_1_334' title='bbox 1945 4471 2031 4535; x_wconf 93' lang='lat' dir='ltr'>sit</span> <span class='ocrx_word' id='word_1_335' title='bbox 2073 4471 2312 4534; x_wconf 87' lang='lat' dir='ltr'>missae</span> <span class='ocrx_word' id='word_1_336' title='bbox 2356 4470 2713 4547; x_wconf 86' lang='lat' dir='ltr'>audientia,</span> 
     </span>
     <span class='ocr_line' id='line_1_48' title="bbox 771 4552 2715 4638; baseline 0 -18"><span class='ocrx_word' id='word_1_337' title='bbox 771 4552 1318 4620; x_wconf 89' lang='lat' dir='ltr'>considerandum</span> <span class='ocrx_word' id='word_1_338' title='bbox 1373 4554 1584 4618; x_wconf 91' lang='lat' dir='ltr'>solum</span> <span class='ocrx_word' id='word_1_339' title='bbox 1635 4552 1805 4637; x_wconf 81' lang='lat' dir='ltr'>dico,</span> <span class='ocrx_word' id='word_1_340' title='bbox 1866 4554 1981 4621; x_wconf 88' lang='lat' dir='ltr'>sed</span> <span class='ocrx_word' id='word_1_341' title='bbox 2036 4563 2356 4638; x_wconf 91' lang='lat' dir='ltr'>quantum</span> <span class='ocrx_word' id='word_1_342' title='bbox 2409 4555 2715 4638; x_wconf 89' lang='grc'>908(18118</span> 
     </span>
     <span class='ocr_line' id='line_1_49' title="bbox 771 4639 2714 4724; baseline 0.001 -21"><span class='ocrx_word' id='word_1_343' title='bbox 771 4659 922 4703; x_wconf 87' lang='grc'>0818</span> <span class='ocrx_word' id='word_1_344' title='bbox 966 4639 1102 4705; x_wconf 89' lang='grc'>8818</span> <span class='ocrx_word' id='word_1_345' title='bbox 1142 4639 1646 4705; x_wconf 88' lang='lat' dir='ltr'>circumstantiis</span> <span class='ocrx_word' id='word_1_346' title='bbox 1703 4663 1991 4724; x_wconf 86' lang='lat' dir='ltr'>appensa</span> <span class='ocrx_word' id='word_1_347' title='bbox 2043 4663 2262 4707; x_wconf 89' lang='lat' dir='ltr'>secum</span> <span class='ocrx_word' id='word_1_348' title='bbox 2307 4642 2491 4706; x_wconf 88' lang='lat' dir='ltr'>ferat.</span> <span class='ocrx_word' id='word_1_349' title='bbox 2581 4642 2714 4705; x_wconf 86' lang='lat' dir='ltr'>Ae-</span> 
     </span>
     <span class='ocr_line' id='line_1_50' title="bbox 771 4725 2714 4810; baseline 0.001 -20"><span class='ocrx_word' id='word_1_350' title='bbox 771 4725 1174 4791; x_wconf 87' lang='lat' dir='ltr'>stimandum</span> <span class='ocrx_word' id='word_1_351' title='bbox 1196 4726 1247 4806; x_wconf 88' lang='lat'>¹)</span> <span class='ocrx_word' id='word_1_352' title='bbox 1292 4731 1510 4789; x_wconf 92' lang='lat' dir='ltr'>autem</span> <span class='ocrx_word' id='word_1_353' title='bbox 1568 4729 1733 4790; x_wconf 90' lang='lat' dir='ltr'>tanti</span> <span class='ocrx_word' id='word_1_354' title='bbox 1787 4748 2051 4806; x_wconf 89' lang='lat' dir='ltr'>censeo,</span> <span class='ocrx_word' id='word_1_355' title='bbox 2109 4735 2427 4810; x_wconf 91' lang='lat' dir='ltr'>quantum</span> <span class='ocrx_word' id='word_1_356' title='bbox 2482 4727 2714 4808; x_wconf 90' lang='lat' dir='ltr'>impio-</span> 
     </span>
     <span class='ocr_line' id='line_1_51' title="bbox 771 4810 2714 4894; baseline 0.001 -18"><span class='ocrx_word' id='word_1_357' title='bbox 771 4834 921 4876; x_wconf 90' lang='lat' dir='ltr'>rum</span> <span class='ocrx_word' id='word_1_358' title='bbox 964 4810 1368 4894; x_wconf 87' lang='lat' dir='ltr'>improbitati</span> <span class='ocrx_word' id='word_1_359' title='bbox 1411 4811 1483 4874; x_wconf 93' lang='lat' dir='ltr'>in</span> <span class='ocrx_word' id='word_1_360' title='bbox 1526 4833 1604 4876; x_wconf 92' lang='lat' dir='ltr'>ea</span> <span class='ocrx_word' id='word_1_361' title='bbox 1659 4812 1815 4878; x_wconf 89' lang='lat' dir='ltr'>dare</span> <span class='ocrx_word' id='word_1_362' title='bbox 1859 4814 2104 4878; x_wconf 90' lang='lat' dir='ltr'>volunt.</span> <span class='ocrx_word' id='word_1_363' title='bbox 2196 4812 2304 4878; x_wconf 82' lang='lat' dir='ltr'>Sit</span> <span class='ocrx_word' id='word_1_364' title='bbox 2360 4810 2546 4877; x_wconf 90' lang='lat' dir='ltr'>nobis</span> <span class='ocrx_word' id='word_1_365' title='bbox 2600 4812 2714 4877; x_wconf 91' lang='lat' dir='ltr'>ille</span> 
     </span>
     <span class='ocr_line' id='line_1_52' title="bbox 772 4896 2715 4981; baseline 0 -20"><span class='ocrx_word' id='word_1_366' title='bbox 772 4896 843 4960; x_wconf 89' lang='lat' dir='ltr'>in</span> <span class='ocrx_word' id='word_1_367' title='bbox 878 4896 1250 4980; x_wconf 88' lang='lat' dir='ltr'>exemplum</span> <span class='ocrx_word' id='word_1_368' title='bbox 1284 4896 1659 4978; x_wconf 84' lang='lat' dir='ltr'>Eleazarus,</span> <span class='ocrx_word' id='word_1_369' title='bbox 1698 4897 1778 4962; x_wconf 91' lang='lat' dir='ltr'>de</span> <span class='ocrx_word' id='word_1_370' title='bbox 1812 4920 1940 4981; x_wconf 93' lang='lat' dir='ltr'>quo</span> <span class='ocrx_word' id='word_1_371' title='bbox 1975 4897 2522 4964; x_wconf 86' lang='lat' dir='ltr'>Machabaeorum</span> <span class='ocrx_word' id='word_1_372' title='bbox 2560 4917 2715 4961; x_wconf 88' lang='lat' dir='ltr'>nar-</span> 
     </span>
     <span class='ocr_line' id='line_1_53' title="bbox 773 4982 2715 5066; baseline 0.001 -20"><span class='ocrx_word' id='word_1_373' title='bbox 773 4990 881 5046; x_wconf 91' lang='lat' dir='ltr'>rat</span> <span class='ocrx_word' id='word_1_374' title='bbox 922 4983 1220 5049; x_wconf 88' lang='lat' dir='ltr'>historia:</span> <span class='ocrx_word' id='word_1_375' title='bbox 1244 4982 1301 5066; x_wconf 84' lang='lat'>²)</span> <span class='ocrx_word' id='word_1_376' title='bbox 1354 4983 1469 5047; x_wconf 90' lang='lat' dir='ltr'>illa</span> <span class='ocrx_word' id='word_1_377' title='bbox 1510 4985 1685 5062; x_wconf 89' lang='lat' dir='ltr'>item,</span> <span class='ocrx_word' id='word_1_378' title='bbox 1732 5005 1896 5065; x_wconf 92' lang='lat' dir='ltr'>quae</span> <span class='ocrx_word' id='word_1_379' title='bbox 1939 4985 2181 5050; x_wconf 92' lang='lat' dir='ltr'>ibidem</span> <span class='ocrx_word' id='word_1_380' title='bbox 2222 4985 2522 5061; x_wconf 83' lang='lat' dir='ltr'>refertur,</span> <span class='ocrx_word' id='word_1_381' title='bbox 2568 5004 2715 5047; x_wconf 91' lang='lat' dir='ltr'>mu-</span> 
     </span>
    </p>
   </div>
   <div class='ocr_carea' id='block_1_4' title="bbox 771 5123 1177 5130">
    <p class='ocr_par' dir='ltr' id='par_1_4' title="bbox 771 5123 1177 5130">
     <span class='ocr_line' id='line_1_54' title="bbox 771 5123 1177 5130; baseline 0.007 -3"><span class='ocrx_word' id='word_1_382' title='bbox 771 5123 925 5128; x_wconf 75' lang='lat'>—...-</span> <span class='ocrx_word' id='word_1_383' title='bbox 932 5123 1177 5130; x_wconf 70' lang='lat'>——-—-—-</span> 
     </span>
    </p>
   </div>
   <div class='ocr_carea' id='block_1_5' title="bbox 735 5203 2716 5410">
    <p class='ocr_par' dir='ltr' id='par_1_5' title="bbox 735 5203 2716 5410">
     <span class='ocr_line' id='line_1_55' title="bbox 910 5203 2716 5277; baseline 0.002 -21"><span class='ocrx_word' id='word_1_384' title='bbox 910 5203 968 5272; x_wconf 94' lang='lat'>1)</span> <span class='ocrx_word' id='word_1_385' title='bbox 1010 5204 1251 5260; x_wconf 62' lang='lat' dir='ltr'>Gallae&amp;</span> <span class='ocrx_word' id='word_1_386' title='bbox 1268 5205 1432 5260; x_wconf 74' lang='lat' dir='ltr'>editio</span> <span class='ocrx_word' id='word_1_387' title='bbox 1458 5205 1734 5259; x_wconf 78' lang='lat' dir='ltr'>emendat.-</span> <span class='ocrx_word' id='word_1_388' title='bbox 1770 5205 2189 5275; x_wconf 68' lang='lat' dir='ltr'>Aestimmdam,</span> <span class='ocrx_word' id='word_1_389' title='bbox 2224 5207 2372 5277; x_wconf 72' lang='lat' dir='ltr'>qaod</span> <span class='ocrx_word' id='word_1_390' title='bbox 2392 5206 2716 5261; x_wconf 73' lang='lat' dir='ltr'>recentiores</span> 
     </span>
     <span class='ocr_line' id='line_1_56' title="bbox 735 5272 2714 5343; baseline 0.002 -17"><span class='ocrx_word' id='word_1_391' title='bbox 735 5272 739 5280; x_wconf 84' lang='grc'><em>’</em></span> <span class='ocrx_word' id='word_1_392' title='bbox 772 5287 953 5326; x_wconf 74' lang='lat' dir='ltr'>omnes</span> <span class='ocrx_word' id='word_1_393' title='bbox 984 5275 1275 5341; x_wconf 78' lang='lat' dir='ltr'>recipiunt.</span> <span class='ocrx_word' id='word_1_394' title='bbox 1342 5275 1527 5329; x_wconf 69' lang='lat' dir='ltr'>Venio</span> <span class='ocrx_word' id='word_1_395' title='bbox 1559 5275 1762 5343; x_wconf 76' lang='lat' dir='ltr'>yallica</span> <span class='ocrx_word' id='word_1_396' title='bbox 1796 5273 1983 5328; x_wconf 74' lang='lat' dir='ltr'>habet.-</span> <span class='ocrx_word' id='word_1_397' title='bbox 2017 5276 2054 5329; x_wconf 91' lang='lat' dir='ltr'>il</span> <span class='ocrx_word' id='word_1_398' title='bbox 2093 5283 2178 5329; x_wconf 90' lang='lat' dir='ltr'>est</span> <span class='ocrx_word' id='word_1_399' title='bbox 2215 5279 2247 5331; x_wconf 76' lang='lat' dir='ltr'>a</span> <span class='ocrx_word' id='word_1_400' title='bbox 2283 5278 2515 5332; x_wconf 79' lang='grc'>88111881.</span> <span class='ocrx_word' id='word_1_401' title='bbox 2651 5275 2714 5341; x_wconf 81' lang='lat'>2)</span> 
     </span>
     <span class='ocr_line' id='line_1_57' title="bbox 771 5340 2372 5410; baseline 0.001 -15"><span class='ocrx_word' id='word_1_402' title='bbox 771 5340 1036 5410; x_wconf 89' lang='lat' dir='ltr'>Iosephus</span> <span class='ocrx_word' id='word_1_403' title='bbox 1071 5345 1124 5395; x_wconf 91' lang='lat' dir='ltr'>in</span> <span class='ocrx_word' id='word_1_404' title='bbox 1156 5345 1342 5399; x_wconf 87' lang='lat' dir='ltr'>libello</span> <span class='ocrx_word' id='word_1_405' title='bbox 1380 5344 1445 5398; x_wconf 85' lang='lat' dir='ltr'>de</span> <span class='ocrx_word' id='word_1_406' title='bbox 1484 5344 1827 5399; x_wconf 85' lang='lat' dir='ltr'>Machabaeis</span> <span class='ocrx_word' id='word_1_407' title='bbox 1862 5351 1918 5398; x_wconf 89' lang='grc'>81</span> <span class='ocrx_word' id='word_1_408' title='bbox 1951 5342 1985 5396; x_wconf 83' lang='grc'><strong><em>2</em></strong></span> <span class='ocrx_word' id='word_1_409' title='bbox 2020 5344 2199 5398; x_wconf 86' lang='grc' dir='ltr'>Μ8011.</span> <span class='ocrx_word' id='word_1_410' title='bbox 2234 5344 2285 5397; x_wconf 86' lang='grc'>6.</span> <span class='ocrx_word' id='word_1_411' title='bbox 2324 5344 2372 5397; x_wconf 93' lang='grc'>7.</span> 
     </span>
    </p>
   </div>
   <div class='ocr_carea' id='block_1_6' title="bbox 2490 423 3049 492">
    <p class='ocr_par' dir='ltr' id='par_1_6' title="bbox 2490 423 3049 492">
     <span class='ocr_line' id='line_1_58' title="bbox 2490 423 3049 492; baseline -0.004 -1"><span class='ocrx_word' id='word_1_412' title='bbox 2490 423 2956 492; x_wconf 73' lang='grc' dir='ltr'>ΕΡΙΒΤΟΙιΑ</span> <span class='ocrx_word' id='word_1_413' title='bbox 2993 423 3049 490; x_wconf 83' lang='grc' dir='ltr'>Ι.</span> 
     </span>
    </p>
   </div>
   <div class='ocr_carea' id='block_1_7' title="bbox 4645 427 4766 492">
    <p class='ocr_par' dir='ltr' id='par_1_7' title="bbox 4645 427 4766 492">
     <span class='ocr_line' id='line_1_59' title="bbox 4645 427 4766 492; baseline 0.033 -4"><span class='ocrx_word' id='word_1_414' title='bbox 4645 427 4766 492; x_wconf 79' lang='lat'>268</span> 
     </span>
    </p>
   </div>
   <div class='ocr_carea' id='block_1_8' title="bbox 2815 610 4770 5414">
    <p class='ocr_par' dir='ltr' id='par_1_8' title="bbox 2815 610 4770 5414">
     <span class='ocr_line' id='line_1_60' title="bbox 3958 610 4764 696; baseline 0.003 -19"><span class='ocrx_word' id='word_1_415' title='bbox 3958 610 4208 678; x_wconf 90' lang='lat' dir='ltr'>Omnes</span> <span class='ocrx_word' id='word_1_416' title='bbox 4264 634 4464 696; x_wconf 92' lang='lat' dir='ltr'>quum</span> <span class='ocrx_word' id='word_1_417' title='bbox 4508 615 4764 696; x_wconf 89' lang='lat' dir='ltr'>pauxil-</span> 
     </span>
     <span class='ocr_line' id='line_1_61' title="bbox 2825 697 4762 798; baseline 0.002 -36"><span class='ocrx_word' id='word_1_418' title='bbox 2825 698 2967 762; x_wconf 92' lang='lat' dir='ltr'>lum</span> <span class='ocrx_word' id='word_1_419' title='bbox 3011 700 3240 764; x_wconf 89' lang='lat' dir='ltr'>suillae</span> <span class='ocrx_word' id='word_1_420' title='bbox 3277 699 3491 763; x_wconf 88' lang='lat' dir='ltr'>carnis</span> <span class='ocrx_word' id='word_1_421' title='bbox 3528 697 3851 782; x_wconf 89' lang='lat' dir='ltr'>gustando</span> <span class='ocrx_word' id='word_1_422' title='bbox 3888 698 4095 763; x_wconf 87' lang='lat' dir='ltr'>vitam</span> <span class='ocrx_word' id='word_1_423' title='bbox 4130 699 4452 763; x_wconf 86' lang='lat' dir='ltr'>redimere</span> <span class='ocrx_word' id='word_1_424' title='bbox 4486 708 4762 798; x_wconf 86' lang='lat' dir='ltr'>possent,</span> 
     </span>
     <span class='ocr_line' id='line_1_62' title="bbox 2827 783 4764 877; baseline 0.002 -29"><span class='ocrx_word' id='word_1_425' title='bbox 2827 792 3154 877; x_wconf 86' lang='lat' dir='ltr'>extremos</span> <span class='ocrx_word' id='word_1_426' title='bbox 3199 784 3421 849; x_wconf 92' lang='lat' dir='ltr'>subire</span> <span class='ocrx_word' id='word_1_427' title='bbox 3456 785 3784 849; x_wconf 91' lang='lat' dir='ltr'>cruciatus</span> <span class='ocrx_word' id='word_1_428' title='bbox 3818 783 4208 863; x_wconf 90' lang='lat' dir='ltr'>maluerunt,</span> <span class='ocrx_word' id='word_1_429' title='bbox 4254 806 4454 867; x_wconf 85' lang='lat' dir='ltr'>quam</span> <span class='ocrx_word' id='word_1_430' title='bbox 4489 785 4631 850; x_wconf 90' lang='lat' dir='ltr'>eius</span> <span class='ocrx_word' id='word_1_431' title='bbox 4665 806 4764 852; x_wconf 84' lang='lat' dir='ltr'>sa-</span> 
     </span>
     <span class='ocr_line' id='line_1_63' title="bbox 2825 867 4764 970; baseline 0.002 -36"><span class='ocrx_word' id='word_1_432' title='bbox 2825 890 3055 953; x_wconf 91' lang='lat' dir='ltr'>porem</span> <span class='ocrx_word' id='word_1_433' title='bbox 3067 870 3361 970; x_wconf 79' lang='lat' dir='ltr'>linguae</span> <span class='ocrx_word' id='word_1_434' title='bbox 3404 870 3771 935; x_wconf 90' lang='lat' dir='ltr'>admovere.</span> <span class='ocrx_word' id='word_1_435' title='bbox 3862 867 4162 949; x_wconf 80' lang='lat' dir='ltr'>Quorum</span> <span class='ocrx_word' id='word_1_436' title='bbox 4203 872 4495 935; x_wconf 90' lang='lat' dir='ltr'>omnium</span> <span class='ocrx_word' id='word_1_437' title='bbox 4538 872 4596 936; x_wconf 87' lang='grc'>81</span> <span class='ocrx_word' id='word_1_438' title='bbox 4637 873 4764 938; x_wconf 82' lang='lat' dir='ltr'>fac-</span> 
     </span>
     <span class='ocr_line' id='line_1_64' title="bbox 2825 955 4764 1057; baseline 0.003 -39"><span class='ocrx_word' id='word_1_439' title='bbox 2825 965 2971 1054; x_wconf 84' lang='lat' dir='ltr'>tum</span> <span class='ocrx_word' id='word_1_440' title='bbox 3013 977 3132 1039; x_wconf 91' lang='lat' dir='ltr'>per</span> <span class='ocrx_word' id='word_1_441' title='bbox 3172 978 3242 1021; x_wconf 90' lang='lat' dir='ltr'>se</span> <span class='ocrx_word' id='word_1_442' title='bbox 3284 958 3501 1039; x_wconf 91' lang='lat' dir='ltr'>ipsum</span> <span class='ocrx_word' id='word_1_443' title='bbox 3546 964 3826 1037; x_wconf 87' lang='lat' dir='ltr'>spectes,</span> <span class='ocrx_word' id='word_1_444' title='bbox 3884 976 4117 1037; x_wconf 87' lang='lat' dir='ltr'>parum</span> <span class='ocrx_word' id='word_1_445' title='bbox 4178 955 4389 1021; x_wconf 89' lang='lat' dir='ltr'>aberit</span> <span class='ocrx_word' id='word_1_446' title='bbox 4442 957 4601 1057; x_wconf 82' lang='lat' dir='ltr'>quin</span> <span class='ocrx_word' id='word_1_447' title='bbox 4652 959 4764 1023; x_wconf 92' lang='lat' dir='ltr'>tibi</span> 
     </span>
     <span class='ocr_line' id='line_1_65' title="bbox 2824 1041 4761 1143; baseline 0.002 -39"><span class='ocrx_word' id='word_1_448' title='bbox 2824 1041 2895 1105; x_wconf 90' lang='lat' dir='ltr'>in</span> <span class='ocrx_word' id='word_1_449' title='bbox 2940 1042 3309 1143; x_wconf 82' lang='lat' dir='ltr'>oppetenda</span> <span class='ocrx_word' id='word_1_450' title='bbox 3350 1061 3557 1124; x_wconf 90' lang='lat' dir='ltr'>usque</span> <span class='ocrx_word' id='word_1_451' title='bbox 3601 1061 3677 1104; x_wconf 93' lang='lat' dir='ltr'>eo</span> <span class='ocrx_word' id='word_1_452' title='bbox 3721 1047 3969 1105; x_wconf 89' lang='lat' dir='ltr'>temere</span> <span class='ocrx_word' id='word_1_453' title='bbox 4010 1049 4253 1119; x_wconf 91' lang='lat' dir='ltr'>morte,</span> <span class='ocrx_word' id='word_1_454' title='bbox 4300 1043 4626 1107; x_wconf 88' lang='lat' dir='ltr'>insanisse</span> <span class='ocrx_word' id='word_1_455' title='bbox 4669 1046 4761 1108; x_wconf 91' lang='lat' dir='ltr'>vi-</span> 
     </span>
     <span class='ocr_line' id='line_1_66' title="bbox 2826 1093 4763 1228; baseline 0.002 -38"><span class='ocrx_word' id='word_1_456' title='bbox 2826 1126 3136 1194; x_wconf 88' lang='lat' dir='ltr'>deantur.</span> <span class='ocrx_word' id='word_1_457' title='bbox 3193 1130 3295 1192; x_wconf 91' lang='lat' dir='ltr'>sin</span> <span class='ocrx_word' id='word_1_458' title='bbox 3341 1148 3600 1193; x_wconf 88' lang='lat' dir='ltr'>causam</span> <span class='ocrx_word' id='word_1_459' title='bbox 3649 1126 3997 1210; x_wconf 88' lang='lat' dir='ltr'>diligenter</span> <span class='ocrx_word' id='word_1_460' title='bbox 4039 1093 4398 1209; x_wconf 82' lang='lat' dir='ltr'>expendas,</span> <span class='ocrx_word' id='word_1_461' title='bbox 4455 1130 4763 1228; x_wconf 62' lang='grc'>318111881-</span> 
     </span>
     <span class='ocr_line' id='line_1_67' title="bbox 2824 1213 4763 1290; baseline 0.002 -14"><span class='ocrx_word' id='word_1_462' title='bbox 2824 1234 3003 1277; x_wconf 90' lang='lat' dir='ltr'>mam</span> <span class='ocrx_word' id='word_1_463' title='bbox 3060 1215 3261 1280; x_wconf 90' lang='lat' dir='ltr'>fuisse</span> <span class='ocrx_word' id='word_1_464' title='bbox 3315 1214 3636 1277; x_wconf 88' lang='lat' dir='ltr'>rationem</span> <span class='ocrx_word' id='word_1_465' title='bbox 3692 1213 4020 1290; x_wconf 88' lang='lat' dir='ltr'>invenies,</span> <span class='ocrx_word' id='word_1_466' title='bbox 4079 1234 4196 1278; x_wconf 90' lang='lat' dir='ltr'>cur</span> <span class='ocrx_word' id='word_1_467' title='bbox 4251 1213 4336 1278; x_wconf 86' lang='lat' dir='ltr'>ad</span> <span class='ocrx_word' id='word_1_468' title='bbox 4388 1215 4763 1280; x_wconf 85' lang='lat' dir='ltr'>saevissima</span> 
     </span>
     <span class='ocr_line' id='line_1_68' title="bbox 2823 1297 4762 1383; baseline 0.002 -21"><span class='ocrx_word' id='word_1_469' title='bbox 2823 1319 3115 1381; x_wconf 88' lang='lat' dir='ltr'>quaeque</span> <span class='ocrx_word' id='word_1_470' title='bbox 3136 1299 3525 1383; x_wconf 87' lang='lat' dir='ltr'>perferenda</span> <span class='ocrx_word' id='word_1_471' title='bbox 3545 1297 3863 1380; x_wconf 91' lang='lat' dir='ltr'>supplicia</span> <span class='ocrx_word' id='word_1_472' title='bbox 3886 1297 4119 1377; x_wconf 80' lang='lat' dir='ltr'>darent</span> <span class='ocrx_word' id='word_1_473' title='bbox 4141 1299 4359 1381; x_wconf 91' lang='lat' dir='ltr'>potius</span> <span class='ocrx_word' id='word_1_474' title='bbox 4382 1321 4545 1378; x_wconf 86' lang='lat' dir='ltr'>sese,</span> <span class='ocrx_word' id='word_1_475' title='bbox 4568 1321 4762 1383; x_wconf 89' lang='lat' dir='ltr'>quam</span> 
     </span>
     <span class='ocr_line' id='line_1_69' title="bbox 2822 1368 4762 1468; baseline 0.002 -20"><span class='ocrx_word' id='word_1_476' title='bbox 2822 1384 3155 1451; x_wconf 89' lang='lat' dir='ltr'>interdicti</span> <span class='ocrx_word' id='word_1_477' title='bbox 3200 1386 3327 1452; x_wconf 89' lang='lat' dir='ltr'>cibi</span> <span class='ocrx_word' id='word_1_478' title='bbox 3369 1395 3570 1468; x_wconf 78' lang='lat' dir='ltr'>gustu</span> <span class='ocrx_word' id='word_1_479' title='bbox 3604 1368 4145 1449; x_wconf 81' lang='lat' dir='ltr'>contaminarent.</span> <span class='ocrx_word' id='word_1_480' title='bbox 4215 1384 4513 1449; x_wconf 82' lang='lat' dir='ltr'>Fateor</span> <span class='ocrx_word' id='word_1_481' title='bbox 4494 1408 4567 1449; x_wconf 88' lang='grc' dir='ltr'>ιιι</span> <span class='ocrx_word' id='word_1_482' title='bbox 4609 1387 4762 1451; x_wconf 90' lang='lat' dir='ltr'>suil-</span> 
     </span>
     <span class='ocr_line' id='line_1_70' title="bbox 2822 1468 4764 1554; baseline 0.002 -21"><span class='ocrx_word' id='word_1_483' title='bbox 2822 1469 2925 1535; x_wconf 90' lang='lat' dir='ltr'>lae</span> <span class='ocrx_word' id='word_1_484' title='bbox 2969 1493 3083 1537; x_wconf 88' lang='lat' dir='ltr'>esu</span> <span class='ocrx_word' id='word_1_485' title='bbox 3128 1471 3336 1536; x_wconf 89' lang='lat' dir='ltr'>nihilo</span> <span class='ocrx_word' id='word_1_486' title='bbox 3388 1470 3586 1534; x_wconf 89' lang='lat' dir='ltr'>fuisse</span> <span class='ocrx_word' id='word_1_487' title='bbox 3641 1469 3880 1551; x_wconf 88' lang='lat' dir='ltr'>alioqui</span> <span class='ocrx_word' id='word_1_488' title='bbox 3935 1468 4084 1552; x_wconf 90' lang='grc'>9188</span> <span class='ocrx_word' id='word_1_489' title='bbox 4140 1470 4507 1554; x_wconf 89' lang='lat' dir='ltr'>religionis,</span> <span class='ocrx_word' id='word_1_490' title='bbox 4567 1492 4764 1553; x_wconf 85' lang='lat' dir='ltr'>quam</span> 
     </span>
     <span class='ocr_line' id='line_1_71' title="bbox 2820 1555 4764 1638; baseline 0.002 -18"><span class='ocrx_word' id='word_1_491' title='bbox 2820 1557 2891 1621; x_wconf 91' lang='lat' dir='ltr'>in</span> <span class='ocrx_word' id='word_1_492' title='bbox 2927 1557 3399 1624; x_wconf 88' lang='lat' dir='ltr'>manducandis</span> <span class='ocrx_word' id='word_1_493' title='bbox 3434 1555 3714 1638; x_wconf 89' lang='lat' dir='ltr'>panibus</span> <span class='ocrx_word' id='word_1_494' title='bbox 3746 1555 4235 1636; x_wconf 89' lang='lat' dir='ltr'>propositionis:</span> <span class='ocrx_word' id='word_1_495' title='bbox 4275 1557 4510 1638; x_wconf 91' lang='lat' dir='ltr'>quibus</span> <span class='ocrx_word' id='word_1_496' title='bbox 4546 1565 4764 1625; x_wconf 89' lang='lat' dir='ltr'>tamen</span> 
     </span>
     <span class='ocr_line' id='line_1_72' title="bbox 2823 1638 4762 1742; baseline 0.002 -36"><span class='ocrx_word' id='word_1_497' title='bbox 2823 1652 3169 1742; x_wconf 84' lang='lat' dir='ltr'>urgentem</span> <span class='ocrx_word' id='word_1_498' title='bbox 3212 1644 3454 1709; x_wconf 79' lang='lat' dir='ltr'>famem</span> <span class='ocrx_word' id='word_1_499' title='bbox 3507 1640 3833 1722; x_wconf 89' lang='lat' dir='ltr'>depellere</span> <span class='ocrx_word' id='word_1_500' title='bbox 3877 1638 4121 1705; x_wconf 91' lang='lat' dir='ltr'>Davidi</span> <span class='ocrx_word' id='word_1_501' title='bbox 4165 1641 4345 1705; x_wconf 92' lang='grc'>811110</span> <span class='ocrx_word' id='word_1_502' title='bbox 4388 1642 4643 1724; x_wconf 90' lang='grc'>9180810</span> <span class='ocrx_word' id='word_1_503' title='bbox 4686 1645 4762 1709; x_wconf 94' lang='lat' dir='ltr'>li-</span> 
     </span>
     <span class='ocr_line' id='line_1_73' title="bbox 2824 1726 4760 1811; baseline 0.001 -19"><span class='ocrx_word' id='word_1_504' title='bbox 2824 1729 2961 1792; x_wconf 88' lang='grc'>0811</span> <span class='ocrx_word' id='word_1_505' title='bbox 2996 1728 3061 1811; x_wconf 91' lang='lat'>(1</span> <span class='ocrx_word' id='word_1_506' title='bbox 3105 1728 3282 1795; x_wconf 80' lang='lat' dir='ltr'>Sam.</span> <span class='ocrx_word' id='word_1_507' title='bbox 3324 1733 3424 1805; x_wconf 87' lang='lat'>21,</span> <span class='ocrx_word' id='word_1_508' title='bbox 3464 1731 3564 1809; x_wconf 88' lang='grc'>7).</span> <span class='ocrx_word' id='word_1_509' title='bbox 3613 1726 3866 1790; x_wconf 85' lang='lat' dir='ltr'>Verum</span> <span class='ocrx_word' id='word_1_510' title='bbox 3903 1747 4106 1809; x_wconf 88' lang='lat' dir='ltr'>quum</span> <span class='ocrx_word' id='word_1_511' title='bbox 4140 1727 4380 1809; x_wconf 91' lang='lat' dir='ltr'>impius</span> <span class='ocrx_word' id='word_1_512' title='bbox 4417 1736 4760 1811; x_wconf 79' lang='lat' dir='ltr'>tyrannus,</span> 
     </span>
     <span class='ocr_line' id='line_1_74' title="bbox 2822 1811 4763 1898; baseline 0.002 -20"><span class='ocrx_word' id='word_1_513' title='bbox 2822 1815 2933 1897; x_wconf 92' lang='lat' dir='ltr'>qui</span> <span class='ocrx_word' id='word_1_514' title='bbox 2977 1837 3112 1879; x_wconf 90' lang='lat' dir='ltr'>uon</span> <span class='ocrx_word' id='word_1_515' title='bbox 3155 1814 3284 1879; x_wconf 92' lang='lat' dir='ltr'>Dei</span> <span class='ocrx_word' id='word_1_516' title='bbox 3328 1815 3541 1898; x_wconf 87' lang='grc'>183881</span> <span class='ocrx_word' id='word_1_517' title='bbox 3585 1811 3774 1876; x_wconf 86' lang='grc' dir='ltr'>180ᾶο</span> <span class='ocrx_word' id='word_1_518' title='bbox 3819 1811 4129 1877; x_wconf 86' lang='lat' dir='ltr'>abolitam</span> <span class='ocrx_word' id='word_1_519' title='bbox 4174 1812 4289 1877; x_wconf 92' lang='lat' dir='ltr'>sed</span> <span class='ocrx_word' id='word_1_520' title='bbox 4332 1835 4573 1878; x_wconf 88' lang='lat' dir='ltr'>nomen</span> <span class='ocrx_word' id='word_1_521' title='bbox 4607 1837 4763 1898; x_wconf 90' lang='lat' dir='ltr'>quo-</span> 
     </span>
     <span class='ocr_line' id='line_1_75' title="bbox 2820 1897 4763 1984; baseline 0.001 -19"><span class='ocrx_word' id='word_1_522' title='bbox 2820 1921 2944 1983; x_wconf 92' lang='lat' dir='ltr'>que</span> <span class='ocrx_word' id='word_1_523' title='bbox 2997 1902 3255 1984; x_wconf 90' lang='lat' dir='ltr'>penitus</span> <span class='ocrx_word' id='word_1_524' title='bbox 3312 1899 3708 1965; x_wconf 88' lang='lat' dir='ltr'>exstinctum</span> <span class='ocrx_word' id='word_1_525' title='bbox 3764 1898 4090 1980; x_wconf 88' lang='lat' dir='ltr'>cupiebat,</span> <span class='ocrx_word' id='word_1_526' title='bbox 4148 1897 4280 1962; x_wconf 89' lang='lat' dir='ltr'>illis</span> <span class='ocrx_word' id='word_1_527' title='bbox 4331 1900 4634 1978; x_wconf 87' lang='lat' dir='ltr'>instaret,</span> <span class='ocrx_word' id='word_1_528' title='bbox 4689 1908 4763 1966; x_wconf 89' lang='lat' dir='ltr'>ut</span> 
     </span>
     <span class='ocr_line' id='line_1_76' title="bbox 2821 1984 4760 2071; baseline 0.002 -22"><span class='ocrx_word' id='word_1_529' title='bbox 2821 1985 2943 2050; x_wconf 93' lang='lat' dir='ltr'>hoc</span> <span class='ocrx_word' id='word_1_530' title='bbox 2978 1986 3275 2071; x_wconf 81' lang='lat' dir='ltr'>symbolo</span> <span class='ocrx_word' id='word_1_531' title='bbox 3318 1988 3399 2052; x_wconf 89' lang='lat' dir='ltr'>ab</span> <span class='ocrx_word' id='word_1_532' title='bbox 3444 1984 3897 2049; x_wconf 85' lang='lat' dir='ltr'>observatione</span> <span class='ocrx_word' id='word_1_533' title='bbox 3930 1985 4253 2049; x_wconf 86' lang='lat' dir='ltr'>mosaicae</span> <span class='ocrx_word' id='word_1_534' title='bbox 4287 1984 4453 2067; x_wconf 86' lang='lat' dir='ltr'>legis</span> <span class='ocrx_word' id='word_1_535' title='bbox 4490 1985 4760 2052; x_wconf 87' lang='lat' dir='ltr'>deficere</span> 
     </span>
     <span class='ocr_line' id='line_1_77' title="bbox 2821 2069 4759 2168; baseline 0.001 -31"><span class='ocrx_word' id='word_1_536' title='bbox 2821 2093 2890 2137; x_wconf 86' lang='lat' dir='ltr'>se</span> <span class='ocrx_word' id='word_1_537' title='bbox 2935 2080 3351 2151; x_wconf 87' lang='lat' dir='ltr'>testarentur,</span> <span class='ocrx_word' id='word_1_538' title='bbox 3400 2070 3792 2154; x_wconf 87' lang='lat' dir='ltr'>reputabant</span> <span class='ocrx_word' id='word_1_539' title='bbox 3835 2069 3901 2133; x_wconf 91' lang='lat' dir='ltr'>id</span> <span class='ocrx_word' id='word_1_540' title='bbox 3944 2069 4117 2168; x_wconf 82' lang='lat' dir='ltr'>quod</span> <span class='ocrx_word' id='word_1_541' title='bbox 4161 2089 4266 2134; x_wconf 89' lang='lat' dir='ltr'>res</span> <span class='ocrx_word' id='word_1_542' title='bbox 4310 2079 4470 2148; x_wconf 88' lang='lat' dir='ltr'>erat,</span> <span class='ocrx_word' id='word_1_543' title='bbox 4516 2093 4651 2135; x_wconf 93' lang='lat' dir='ltr'>non</span> <span class='ocrx_word' id='word_1_544' title='bbox 4691 2074 4759 2138; x_wconf 89' lang='lat' dir='ltr'>in</span> 
     </span>
     <span class='ocr_line' id='line_1_78' title="bbox 2819 2154 4758 2256; baseline 0.001 -35"><span class='ocrx_word' id='word_1_545' title='bbox 2819 2178 2954 2221; x_wconf 90' lang='lat' dir='ltr'>una</span> <span class='ocrx_word' id='word_1_546' title='bbox 2997 2158 3324 2223; x_wconf 87' lang='lat' dir='ltr'>duntaxat</span> <span class='ocrx_word' id='word_1_547' title='bbox 3366 2154 3869 2234; x_wconf 88' lang='lat' dir='ltr'>caeremoniola,</span> <span class='ocrx_word' id='word_1_548' title='bbox 3929 2157 3982 2219; x_wconf 88' lang='grc'>81</span> <span class='ocrx_word' id='word_1_549' title='bbox 4038 2155 4578 2256; x_wconf 77' lang='lat' dir='ltr'>obsequerentur,</span> <span class='ocrx_word' id='word_1_550' title='bbox 4624 2160 4758 2223; x_wconf 90' lang='lat' dir='ltr'>vio-</span> 
     </span>
     <span class='ocr_line' id='line_1_79' title="bbox 2819 2240 4754 2325; baseline -0.001 -17"><span class='ocrx_word' id='word_1_551' title='bbox 2819 2243 3028 2308; x_wconf 86' lang='lat' dir='ltr'>latum</span> <span class='ocrx_word' id='word_1_552' title='bbox 3071 2245 3153 2308; x_wconf 91' lang='lat' dir='ltr'>iri</span> <span class='ocrx_word' id='word_1_553' title='bbox 3198 2267 3238 2309; x_wconf 98' lang='lat' dir='ltr'>a</span> <span class='ocrx_word' id='word_1_554' title='bbox 3289 2266 3358 2309; x_wconf 90' lang='lat' dir='ltr'>se</span> <span class='ocrx_word' id='word_1_555' title='bbox 3408 2244 3649 2325; x_wconf 89' lang='lat' dir='ltr'>legem:</span> <span class='ocrx_word' id='word_1_556' title='bbox 3709 2240 3825 2305; x_wconf 89' lang='lat' dir='ltr'>sed</span> <span class='ocrx_word' id='word_1_557' title='bbox 3881 2241 4129 2305; x_wconf 90' lang='lat' dir='ltr'>editum</span> <span class='ocrx_word' id='word_1_558' title='bbox 4170 2242 4254 2305; x_wconf 89' lang='lat' dir='ltr'>iri</span> <span class='ocrx_word' id='word_1_559' title='bbox 4297 2243 4754 2322; x_wconf 88' lang='lat' dir='ltr'>testimonium,</span> 
     </span>
     <span class='ocr_line' id='line_1_80' title="bbox 2820 2327 4756 2413; baseline 0.001 -20"><span class='ocrx_word' id='word_1_560' title='bbox 2820 2350 2946 2412; x_wconf 90' lang='lat' dir='ltr'>quo</span> <span class='ocrx_word' id='word_1_561' title='bbox 2993 2337 3136 2408; x_wconf 83' lang='lat' dir='ltr'>[pag.</span> <span class='ocrx_word' id='word_1_562' title='bbox 3167 2336 3270 2407; x_wconf 82' lang='lat'>34]</span> <span class='ocrx_word' id='word_1_563' title='bbox 3316 2330 3538 2395; x_wconf 92' lang='lat' dir='ltr'>Deum</span> <span class='ocrx_word' id='word_1_564' title='bbox 3579 2348 3729 2392; x_wconf 89' lang='lat' dir='ltr'>cum</span> <span class='ocrx_word' id='word_1_565' title='bbox 3773 2327 4084 2391; x_wconf 87' lang='lat' dir='ltr'>universa</span> <span class='ocrx_word' id='word_1_566' title='bbox 4127 2348 4247 2392; x_wconf 90' lang='lat' dir='ltr'>sua</span> <span class='ocrx_word' id='word_1_567' title='bbox 4288 2327 4433 2410; x_wconf 86' lang='lat' dir='ltr'>lege</span> <span class='ocrx_word' id='word_1_568' title='bbox 4478 2329 4756 2413; x_wconf 88' lang='lat' dir='ltr'>abnega-</span> 
     </span>
     <span class='ocr_line' id='line_1_81' title="bbox 2819 2413 4755 2497; baseline 0.001 -18"><span class='ocrx_word' id='word_1_569' title='bbox 2819 2422 2985 2479; x_wconf 89' lang='lat' dir='ltr'>rent.</span> <span class='ocrx_word' id='word_1_570' title='bbox 3078 2414 3228 2497; x_wconf 78' lang='lat' dir='ltr'>Quo</span> <span class='ocrx_word' id='word_1_571' title='bbox 3269 2416 3514 2480; x_wconf 87' lang='lat' dir='ltr'>factum</span> <span class='ocrx_word' id='word_1_572' title='bbox 3555 2420 3673 2491; x_wconf 90' lang='grc'>881,</span> <span class='ocrx_word' id='word_1_573' title='bbox 3720 2422 3794 2475; x_wconf 89' lang='grc'>81</span> <span class='ocrx_word' id='word_1_574' title='bbox 3836 2433 4040 2495; x_wconf 89' lang='grc'>(18881</span> <span class='ocrx_word' id='word_1_575' title='bbox 4080 2419 4305 2478; x_wconf 86' lang='grc'>888010</span> <span class='ocrx_word' id='word_1_576' title='bbox 4349 2413 4450 2477; x_wconf 88' lang='grc'>1111</span> <span class='ocrx_word' id='word_1_577' title='bbox 4494 2415 4637 2479; x_wconf 91' lang='lat' dir='ltr'>viro</span> <span class='ocrx_word' id='word_1_578' title='bbox 4680 2416 4755 2481; x_wconf 88' lang='lat' dir='ltr'>ab</span> 
     </span>
     <span class='ocr_line' id='line_1_82' title="bbox 2822 2500 4755 2582; baseline 0.001 -17"><span class='ocrx_word' id='word_1_579' title='bbox 2822 2502 3046 2567; x_wconf 91' lang='lat' dir='ltr'>amicis</span> <span class='ocrx_word' id='word_1_580' title='bbox 3090 2523 3320 2568; x_wconf 90' lang='grc'>081888</span> <span class='ocrx_word' id='word_1_581' title='bbox 3365 2501 3530 2564; x_wconf 87' lang='grc'>81188</span> <span class='ocrx_word' id='word_1_582' title='bbox 3574 2506 4117 2580; x_wconf 88' lang='lat' dir='ltr'>supponerentur,</span> <span class='ocrx_word' id='word_1_583' title='bbox 4174 2520 4336 2581; x_wconf 87' lang='lat' dir='ltr'>quas</span> <span class='ocrx_word' id='word_1_584' title='bbox 4379 2520 4499 2582; x_wconf 92' lang='lat' dir='ltr'>pro</span> <span class='ocrx_word' id='word_1_585' title='bbox 4552 2500 4755 2566; x_wconf 89' lang='lat' dir='ltr'>suillis</span> 
     </span>
     <span class='ocr_line' id='line_1_83' title="bbox 2821 2583 4751 2668; baseline 0 -17"><span class='ocrx_word' id='word_1_586' title='bbox 2821 2586 3073 2666; x_wconf 91' lang='lat' dir='ltr'>ederet,</span> <span class='ocrx_word' id='word_1_587' title='bbox 3128 2609 3215 2653; x_wconf 91' lang='lat' dir='ltr'>ne</span> <span class='ocrx_word' id='word_1_588' title='bbox 3258 2607 3336 2652; x_wconf 90' lang='lat' dir='ltr'>ea</span> <span class='ocrx_word' id='word_1_589' title='bbox 3378 2584 3642 2668; x_wconf 88' lang='lat' dir='ltr'>quidem</span> <span class='ocrx_word' id='word_1_590' title='bbox 3686 2583 4101 2648; x_wconf 89' lang='lat' dir='ltr'>simulatione</span> <span class='ocrx_word' id='word_1_591' title='bbox 4146 2584 4314 2648; x_wconf 90' lang='lat' dir='ltr'>elabi</span> <span class='ocrx_word' id='word_1_592' title='bbox 4358 2586 4751 2662; x_wconf 88' lang='lat' dir='ltr'>sustinuerit,</span> 
     </span>
     <span class='ocr_line' id='line_1_84' title="bbox 2820 2669 4756 2755; baseline 0.001 -19"><span class='ocrx_word' id='word_1_593' title='bbox 2820 2672 2991 2755; x_wconf 93' lang='lat' dir='ltr'>quod</span> <span class='ocrx_word' id='word_1_594' title='bbox 3033 2672 3296 2739; x_wconf 91' lang='lat' dir='ltr'>videbat</span> <span class='ocrx_word' id='word_1_595' title='bbox 3339 2669 3615 2736; x_wconf 89' lang='lat' dir='ltr'>eandem</span> <span class='ocrx_word' id='word_1_596' title='bbox 3669 2690 3927 2753; x_wconf 89' lang='lat' dir='ltr'>semper</span> <span class='ocrx_word' id='word_1_597' title='bbox 3967 2670 4097 2733; x_wconf 93' lang='lat' dir='ltr'>Dei</span> <span class='ocrx_word' id='word_1_598' title='bbox 4153 2670 4548 2735; x_wconf 88' lang='lat' dir='ltr'>adversariis</span> <span class='ocrx_word' id='word_1_599' title='bbox 4592 2672 4756 2738; x_wconf 83' lang='lat' dir='ltr'>blas-</span> 
     </span>
     <span class='ocr_line' id='line_1_85' title="bbox 2819 2753 4754 2842; baseline 0 -20"><span class='ocrx_word' id='word_1_600' title='bbox 2819 2759 3122 2842; x_wconf 90' lang='lat' dir='ltr'>phemiae</span> <span class='ocrx_word' id='word_1_601' title='bbox 3157 2768 3475 2825; x_wconf 85' lang='lat' dir='ltr'>tesseram</span> <span class='ocrx_word' id='word_1_602' title='bbox 3519 2778 3588 2820; x_wconf 88' lang='lat' dir='ltr'>se</span> <span class='ocrx_word' id='word_1_603' title='bbox 3633 2753 3957 2819; x_wconf 86' lang='lat' dir='ltr'>daturum.</span> <span class='ocrx_word' id='word_1_604' title='bbox 4024 2755 4175 2819; x_wconf 92' lang='lat' dir='ltr'>Non</span> <span class='ocrx_word' id='word_1_605' title='bbox 4211 2764 4329 2834; x_wconf 91' lang='lat' dir='ltr'>est,</span> <span class='ocrx_word' id='word_1_606' title='bbox 4376 2757 4608 2835; x_wconf 90' lang='lat' dir='ltr'>aiebat,</span> <span class='ocrx_word' id='word_1_607' title='bbox 4653 2779 4754 2823; x_wconf 88' lang='lat' dir='ltr'>ae-</span> 
     </span>
     <span class='ocr_line' id='line_1_86' title="bbox 2820 2841 4754 2940; baseline -0.001 -31"><span class='ocrx_word' id='word_1_608' title='bbox 2820 2845 2942 2909; x_wconf 89' lang='lat' dir='ltr'>tati</span> <span class='ocrx_word' id='word_1_609' title='bbox 2986 2853 3250 2910; x_wconf 89' lang='lat' dir='ltr'>nostrae</span> <span class='ocrx_word' id='word_1_610' title='bbox 3287 2842 3612 2918; x_wconf 89' lang='lat' dir='ltr'>decorum,</span> <span class='ocrx_word' id='word_1_611' title='bbox 3657 2842 3936 2940; x_wconf 88' lang='lat' dir='ltr'>fingere.</span> <span class='ocrx_word' id='word_1_612' title='bbox 3985 2862 4112 2923; x_wconf 91' lang='lat' dir='ltr'>quo</span> <span class='ocrx_word' id='word_1_613' title='bbox 4154 2842 4348 2905; x_wconf 88' lang='lat' dir='ltr'>multi</span> <span class='ocrx_word' id='word_1_614' title='bbox 4392 2841 4754 2908; x_wconf 88' lang='lat' dir='ltr'>adolescen-</span> 
     </span>
     <span class='ocr_line' id='line_1_87' title="bbox 2821 2924 4754 3012; baseline -0.001 -17"><span class='ocrx_word' id='word_1_615' title='bbox 2821 2938 2919 2995; x_wconf 88' lang='lat' dir='ltr'>tes</span> <span class='ocrx_word' id='word_1_616' title='bbox 2962 2931 3355 2995; x_wconf 84' lang='lat' dir='ltr'>Eleazarum</span> <span class='ocrx_word' id='word_1_617' title='bbox 3396 2928 3942 3011; x_wconf 83' lang='lat' dir='ltr'>nonagenarium,</span> <span class='ocrx_word' id='word_1_618' title='bbox 3989 2924 4073 2990; x_wconf 81' lang='lat' dir='ltr'>ad</span> <span class='ocrx_word' id='word_1_619' title='bbox 4115 2927 4322 2992; x_wconf 87' lang='lat' dir='ltr'>vitam</span> <span class='ocrx_word' id='word_1_620' title='bbox 4364 2927 4754 3012; x_wconf 86' lang='lat' dir='ltr'>alienigena-</span> 
     </span>
     <span class='ocr_line' id='line_1_88' title="bbox 2817 3013 4755 3096; baseline -0.001 -15"><span class='ocrx_word' id='word_1_621' title='bbox 2817 3038 2967 3081; x_wconf 91' lang='lat' dir='ltr'>rum</span> <span class='ocrx_word' id='word_1_622' title='bbox 3011 3017 3324 3083; x_wconf 89' lang='lat' dir='ltr'>transisse</span> <span class='ocrx_word' id='word_1_623' title='bbox 3368 3014 3684 3092; x_wconf 78' lang='lat' dir='ltr'>arbitrati,</span> <span class='ocrx_word' id='word_1_624' title='bbox 3731 3020 3797 3077; x_wconf 89' lang='lat' dir='ltr'>et</span> <span class='ocrx_word' id='word_1_625' title='bbox 3837 3013 3964 3096; x_wconf 91' lang='lat' dir='ltr'>ipsi</span> <span class='ocrx_word' id='word_1_626' title='bbox 4009 3020 4275 3095; x_wconf 88' lang='lat' dir='ltr'>propter</span> <span class='ocrx_word' id='word_1_627' title='bbox 4307 3035 4521 3079; x_wconf 89' lang='lat' dir='ltr'>meam</span> <span class='ocrx_word' id='word_1_628' title='bbox 4561 3016 4755 3080; x_wconf 92' lang='lat' dir='ltr'>simu-</span> 
     </span>
     <span class='ocr_line' id='line_1_89' title="bbox 2817 3098 4754 3185; baseline -0.001 -18"><span class='ocrx_word' id='word_1_629' title='bbox 2817 3102 3151 3182; x_wconf 85' lang='lat' dir='ltr'>lat-ionem,</span> <span class='ocrx_word' id='word_1_630' title='bbox 3190 3110 3257 3167; x_wconf 93' lang='lat' dir='ltr'>et</span> <span class='ocrx_word' id='word_1_631' title='bbox 3289 3109 3555 3185; x_wconf 90' lang='lat' dir='ltr'>propter</span> <span class='ocrx_word' id='word_1_632' title='bbox 3574 3099 3900 3165; x_wconf 91' lang='lat' dir='ltr'>modicum</span> <span class='ocrx_word' id='word_1_633' title='bbox 3924 3098 4362 3182; x_wconf 88' lang='lat' dir='ltr'>corruptibilis</span> <span class='ocrx_word' id='word_1_634' title='bbox 4385 3101 4560 3164; x_wconf 91' lang='lat' dir='ltr'>vitae</span> <span class='ocrx_word' id='word_1_635' title='bbox 4597 3108 4754 3166; x_wconf 92' lang='lat' dir='ltr'>tem-</span> 
     </span>
     <span class='ocr_line' id='line_1_90' title="bbox 2818 3185 4755 3271; baseline 0 -19"><span class='ocrx_word' id='word_1_636' title='bbox 2818 3208 2942 3271; x_wconf 91' lang='lat' dir='ltr'>pus</span> <span class='ocrx_word' id='word_1_637' title='bbox 2965 3187 3396 3271; x_wconf 88' lang='lat' dir='ltr'>decipiantur,</span> <span class='ocrx_word' id='word_1_638' title='bbox 3434 3195 3628 3269; x_wconf 86' lang='lat' dir='ltr'>atque</span> <span class='ocrx_word' id='word_1_639' title='bbox 3661 3186 3754 3250; x_wconf 89' lang='lat' dir='ltr'>ita</span> <span class='ocrx_word' id='word_1_640' title='bbox 3784 3185 4113 3250; x_wconf 90' lang='lat' dir='ltr'>maculam</span> <span class='ocrx_word' id='word_1_641' title='bbox 4146 3194 4212 3249; x_wconf 90' lang='lat' dir='ltr'>et</span> <span class='ocrx_word' id='word_1_642' title='bbox 4245 3186 4755 3252; x_wconf 89' lang='lat' dir='ltr'>exsecrationem</span> 
     </span>
     <span class='ocr_line' id='line_1_91' title="bbox 2818 3270 4753 3355; baseline -0.001 -17"><span class='ocrx_word' id='word_1_643' title='bbox 2818 3295 3003 3339; x_wconf 91' lang='lat' dir='ltr'>meae</span> <span class='ocrx_word' id='word_1_644' title='bbox 3031 3274 3353 3340; x_wconf 88' lang='lat' dir='ltr'>senectuti</span> <span class='ocrx_word' id='word_1_645' title='bbox 3381 3273 3729 3355; x_wconf 88' lang='lat' dir='ltr'>acquiram.</span> <span class='ocrx_word' id='word_1_646' title='bbox 3799 3271 3972 3335; x_wconf 90' lang='lat' dir='ltr'>Nam</span> <span class='ocrx_word' id='word_1_647' title='bbox 4005 3270 4166 3336; x_wconf 89' lang='lat' dir='ltr'>etsi</span> <span class='ocrx_word' id='word_1_648' title='bbox 4150 3293 4219 3334; x_wconf 91' lang='grc'>18</span> <span class='ocrx_word' id='word_1_649' title='bbox 4240 3273 4573 3353; x_wconf 89' lang='lat' dir='ltr'>praesenti</span> <span class='ocrx_word' id='word_1_650' title='bbox 4593 3283 4753 3337; x_wconf 85' lang='lat' dir='ltr'>tem-</span> 
     </span>
     <span class='ocr_line' id='line_1_92' title="bbox 2816 3357 4753 3458; baseline -0.001 -35"><span class='ocrx_word' id='word_1_651' title='bbox 2816 3379 2977 3442; x_wconf 87' lang='lat' dir='ltr'>pore</span> <span class='ocrx_word' id='word_1_652' title='bbox 3012 3359 3356 3424; x_wconf 91' lang='lat' dir='ltr'>hominum</span> <span class='ocrx_word' id='word_1_653' title='bbox 3391 3357 3728 3458; x_wconf 81' lang='lat' dir='ltr'>suppliciis</span> <span class='ocrx_word' id='word_1_654' title='bbox 3763 3357 4021 3439; x_wconf 90' lang='lat' dir='ltr'>eripiar,</span> <span class='ocrx_word' id='word_1_655' title='bbox 4056 3377 4329 3421; x_wconf 90' lang='lat' dir='ltr'>manum</span> <span class='ocrx_word' id='word_1_656' title='bbox 4363 3371 4589 3422; x_wconf 87' lang='lat' dir='ltr'>tamen</span> <span class='ocrx_word' id='word_1_657' title='bbox 4623 3379 4753 3423; x_wconf 93' lang='lat' dir='ltr'>om-</span> 
     </span>
     <span class='ocr_line' id='line_1_93' title="bbox 2816 3442 4754 3527; baseline -0.001 -18"><span class='ocrx_word' id='word_1_658' title='bbox 2816 3446 3173 3527; x_wconf 90' lang='lat' dir='ltr'>nipotentis</span> <span class='ocrx_word' id='word_1_659' title='bbox 3231 3467 3351 3511; x_wconf 91' lang='lat' dir='ltr'>nec</span> <span class='ocrx_word' id='word_1_660' title='bbox 3395 3446 3585 3509; x_wconf 89' lang='lat' dir='ltr'>vivus</span> <span class='ocrx_word' id='word_1_661' title='bbox 3640 3464 3763 3508; x_wconf 91' lang='grc'>880</span> <span class='ocrx_word' id='word_1_662' title='bbox 3819 3451 4117 3507; x_wconf 88' lang='grc'>18011888</span> <span class='ocrx_word' id='word_1_663' title='bbox 4161 3442 4492 3526; x_wconf 86' lang='lat' dir='ltr'>effugiam.</span> <span class='ocrx_word' id='word_1_664' title='bbox 4581 3442 4754 3524; x_wconf 80' lang='lat' dir='ltr'>Qua-</span> 
     </span>
     <span class='ocr_line' id='line_1_94' title="bbox 2815 3527 4757 3615; baseline -0.001 -20"><span class='ocrx_word' id='word_1_665' title='bbox 2815 3539 3086 3615; x_wconf 90' lang='lat' dir='ltr'>propter</span> <span class='ocrx_word' id='word_1_666' title='bbox 3126 3532 3264 3597; x_wconf 86' lang='lat' dir='ltr'>vita</span> <span class='ocrx_word' id='word_1_667' title='bbox 3312 3531 3568 3595; x_wconf 84' lang='lat' dir='ltr'>fortiter</span> <span class='ocrx_word' id='word_1_668' title='bbox 3615 3527 4018 3607; x_wconf 90' lang='lat' dir='ltr'>excedendo,</span> <span class='ocrx_word' id='word_1_669' title='bbox 4077 3547 4270 3610; x_wconf 82' lang='lat' dir='ltr'>agam</span> <span class='ocrx_word' id='word_1_670' title='bbox 4323 3528 4497 3611; x_wconf 91' lang='lat' dir='ltr'>quod</span> <span class='ocrx_word' id='word_1_671' title='bbox 4548 3537 4757 3594; x_wconf 89' lang='lat' dir='ltr'>aetate</span> 
     </span>
     <span class='ocr_line' id='line_1_95' title="bbox 2818 3579 4757 3700; baseline -0.001 -19"><span class='ocrx_word' id='word_1_672' title='bbox 2818 3639 2967 3681; x_wconf 92' lang='lat' dir='ltr'>mea</span> <span class='ocrx_word' id='word_1_673' title='bbox 3024 3616 3297 3700; x_wconf 87' lang='lat' dir='ltr'>dignum</span> <span class='ocrx_word' id='word_1_674' title='bbox 3351 3623 3473 3681; x_wconf 83' lang='grc'>881;</span> <span class='ocrx_word' id='word_1_675' title='bbox 3535 3579 4054 3680; x_wconf 69' lang='lat' dir='ltr'>adolescentibus</span> <span class='ocrx_word' id='word_1_676' title='bbox 4108 3620 4328 3679; x_wconf 89' lang='lat' dir='ltr'>autem</span> <span class='ocrx_word' id='word_1_677' title='bbox 4385 3615 4757 3698; x_wconf 87' lang='lat' dir='ltr'>exemplum</span> 
     </span>
     <span class='ocr_line' id='line_1_96' title="bbox 2816 3700 4759 3800; baseline 0 -34"><span class='ocrx_word' id='word_1_678' title='bbox 2816 3703 2985 3767; x_wconf 87' lang='lat' dir='ltr'>forte</span> <span class='ocrx_word' id='word_1_679' title='bbox 3018 3702 3404 3785; x_wconf 90' lang='lat' dir='ltr'>relinquam,</span> <span class='ocrx_word' id='word_1_680' title='bbox 3443 3702 3500 3767; x_wconf 92' lang='lat' dir='ltr'>si</span> <span class='ocrx_word' id='word_1_681' title='bbox 3532 3707 3833 3800; x_wconf 83' lang='lat' dir='ltr'>prompto</span> <span class='ocrx_word' id='word_1_682' title='bbox 3869 3700 4089 3764; x_wconf 89' lang='lat' dir='ltr'>animo</span> <span class='ocrx_word' id='word_1_683' title='bbox 4125 3719 4200 3764; x_wconf 94' lang='grc'>80</span> <span class='ocrx_word' id='word_1_684' title='bbox 4235 3707 4609 3765; x_wconf 84' lang='lat' dir='ltr'>constanter</span> <span class='ocrx_word' id='word_1_685' title='bbox 4641 3722 4759 3783; x_wconf 91' lang='lat' dir='ltr'>pro</span> 
     </span>
     <span class='ocr_line' id='line_1_97' title="bbox 2818 3785 4758 3872; baseline -0.001 -21"><span class='ocrx_word' id='word_1_686' title='bbox 2818 3788 3222 3872; x_wconf 88' lang='lat' dir='ltr'>gravissimis</span> <span class='ocrx_word' id='word_1_687' title='bbox 3277 3795 3345 3853; x_wconf 91' lang='lat' dir='ltr'>et</span> <span class='ocrx_word' id='word_1_688' title='bbox 3397 3787 3827 3852; x_wconf 89' lang='lat' dir='ltr'>sanctissimis</span> <span class='ocrx_word' id='word_1_689' title='bbox 3891 3785 4144 3868; x_wconf 88' lang='grc'>18311188</span> <span class='ocrx_word' id='word_1_690' title='bbox 4211 3786 4489 3850; x_wconf 84' lang='grc'>11088818</span> <span class='ocrx_word' id='word_1_691' title='bbox 4549 3793 4758 3850; x_wconf 86' lang='lat' dir='ltr'>morte</span> 
     </span>
     <span class='ocr_line' id='line_1_98' title="bbox 2818 3870 4759 3957; baseline -0.001 -19"><span class='ocrx_word' id='word_1_692' title='bbox 2818 3875 3189 3957; x_wconf 84' lang='lat' dir='ltr'>perfungar.</span> <span class='ocrx_word' id='word_1_693' title='bbox 3273 3874 3383 3938; x_wconf 84' lang='lat' dir='ltr'>En</span> <span class='ocrx_word' id='word_1_694' title='bbox 3425 3873 3733 3954; x_wconf 83' lang='lat' dir='ltr'>profecto,</span> <span class='ocrx_word' id='word_1_695' title='bbox 3781 3893 3911 3934; x_wconf 92' lang='grc'>808</span> <span class='ocrx_word' id='word_1_696' title='bbox 3958 3870 4172 3936; x_wconf 83' lang='grc'>(110881</span> <span class='ocrx_word' id='word_1_697' title='bbox 4211 3872 4759 3953; x_wconf 89' lang='lat' dir='ltr'>appositissimum</span> 
     </span>
     <span class='ocr_line' id='line_1_99' title="bbox 2819 3956 4759 4105; baseline -0.001 -81"><span class='ocrx_word' id='word_1_698' title='bbox 2819 3959 3209 4042; x_wconf 90' lang='lat' dir='ltr'>exemplum,</span> <span class='ocrx_word' id='word_1_699' title='bbox 3256 3958 3370 4024; x_wconf 90' lang='lat' dir='ltr'>sed</span> <span class='ocrx_word' id='word_1_700' title='bbox 3414 3971 3790 4040; x_wconf 88' lang='lat' dir='ltr'>expressam</span> <span class='ocrx_word' id='word_1_701' title='bbox 3833 3957 4192 4105; x_wconf 67' lang='lat' dir='ltr'>imaginem</span> <span class='ocrx_word' id='word_1_702' title='bbox 4236 3978 4404 4039; x_wconf 87' lang='lat' dir='ltr'>quae</span> <span class='ocrx_word' id='word_1_703' title='bbox 4447 3957 4630 4024; x_wconf 88' lang='lat' dir='ltr'>nobis</span> <span class='ocrx_word' id='word_1_704' title='bbox 4676 3956 4759 4022; x_wconf 86' lang='lat' dir='ltr'>ad</span> 
     </span>
     <span class='ocr_line' id='line_1_100' title="bbox 2817 4042 4761 4126; baseline -0.001 -16"><span class='ocrx_word' id='word_1_705' title='bbox 2817 4046 3048 4111; x_wconf 90' lang='lat' dir='ltr'>vivum</span> <span class='ocrx_word' id='word_1_706' title='bbox 3092 4046 3359 4121; x_wconf 88' lang='lat' dir='ltr'>referat,</span> <span class='ocrx_word' id='word_1_707' title='bbox 3417 4042 3572 4126; x_wconf 89' lang='lat' dir='ltr'>quid</span> <span class='ocrx_word' id='word_1_708' title='bbox 3628 4043 3741 4122; x_wconf 86' lang='grc'>811,</span> <span class='ocrx_word' id='word_1_709' title='bbox 3802 4042 3885 4107; x_wconf 87' lang='grc'>8(1</span> <span class='ocrx_word' id='word_1_710' title='bbox 3937 4063 3981 4124; x_wconf 92' lang='lat' dir='ltr'>p</span> <span class='ocrx_word' id='word_1_711' title='bbox 4008 4042 4290 4107; x_wconf 87' lang='lat' dir='ltr'>acandos</span> <span class='ocrx_word' id='word_1_712' title='bbox 4348 4064 4510 4108; x_wconf 90' lang='lat' dir='ltr'>evan</span> <span class='ocrx_word' id='word_1_713' title='bbox 4514 4044 4761 4126; x_wconf 82' lang='lat' dir='ltr'>gelicae</span> 
     </span>
     <span class='ocr_line' id='line_1_101' title="bbox 2820 4126 4766 4208; baseline -0.001 -13"><span class='ocrx_word' id='word_1_714' title='bbox 2820 4131 3117 4195; x_wconf 87' lang='lat' dir='ltr'>veritatis</span> <span class='ocrx_word' id='word_1_715' title='bbox 3161 4130 3585 4208; x_wconf 87' lang='lat' dir='ltr'>adversarios,</span> <span class='ocrx_word' id='word_1_716' title='bbox 3631 4130 3900 4194; x_wconf 91' lang='lat' dir='ltr'>missam</span> <span class='ocrx_word' id='word_1_717' title='bbox 3943 4127 4186 4192; x_wconf 89' lang='lat' dir='ltr'>audire.</span> <span class='ocrx_word' id='word_1_718' title='bbox 4250 4126 4358 4192; x_wconf 83' lang='lat' dir='ltr'>Ad</span> <span class='ocrx_word' id='word_1_719' title='bbox 4393 4129 4570 4208; x_wconf 90' lang='lat' dir='ltr'>haec,</span> <span class='ocrx_word' id='word_1_720' title='bbox 4614 4137 4766 4194; x_wconf 91' lang='lat' dir='ltr'>utut</span> 
     </span>
     <span class='ocr_line' id='line_1_102' title="bbox 2820 4207 4766 4282; baseline -0.001 0"><span class='ocrx_word' id='word_1_721' title='bbox 2820 4216 2999 4282; x_wconf 90' lang='lat' dir='ltr'>istud</span> <span class='ocrx_word' id='word_1_722' title='bbox 3041 4207 3188 4282; x_wconf 89' lang='lat' dir='ltr'>vitii</span> <span class='ocrx_word' id='word_1_723' title='bbox 3229 4217 3301 4279; x_wconf 90' lang='grc'>18</span> <span class='ocrx_word' id='word_1_724' title='bbox 3347 4216 3636 4280; x_wconf 87' lang='grc'>1818111118</span> <span class='ocrx_word' id='word_1_725' title='bbox 3687 4215 3880 4279; x_wconf 86' lang='grc'>188118</span> <span class='ocrx_word' id='word_1_726' title='bbox 3933 4214 4246 4281; x_wconf 84' lang='lat' dir='ltr'>habeant:</span> <span class='ocrx_word' id='word_1_727' title='bbox 4304 4215 4359 4279; x_wconf 91' lang='lat' dir='ltr'>si</span> <span class='ocrx_word' id='word_1_728' title='bbox 4420 4223 4639 4279; x_wconf 88' lang='lat' dir='ltr'>tamen</span> <span class='ocrx_word' id='word_1_729' title='bbox 4697 4223 4766 4280; x_wconf 90' lang='lat' dir='ltr'>et</span> 
     </span>
     <span class='ocr_line' id='line_1_103' title="bbox 2819 4300 4766 4384; baseline 0.001 -18"><span class='ocrx_word' id='word_1_730' title='bbox 2819 4302 3057 4366; x_wconf 90' lang='lat' dir='ltr'>vitium</span> <span class='ocrx_word' id='word_1_731' title='bbox 3111 4323 3281 4380; x_wconf 91' lang='lat' dir='ltr'>esse,</span> <span class='ocrx_word' id='word_1_732' title='bbox 3339 4309 3407 4365; x_wconf 92' lang='lat' dir='ltr'>et</span> <span class='ocrx_word' id='word_1_733' title='bbox 3458 4301 3718 4365; x_wconf 89' lang='lat' dir='ltr'>divinae</span> <span class='ocrx_word' id='word_1_734' title='bbox 3761 4300 4121 4366; x_wconf 89' lang='lat' dir='ltr'>voluntatis</span> <span class='ocrx_word' id='word_1_735' title='bbox 4176 4301 4766 4384; x_wconf 86' lang='lat' dir='ltr'>transgressionem</span> 
     </span>
     <span class='ocr_line' id='line_1_104' title="bbox 2818 4386 4764 4470; baseline -0.001 -18"><span class='ocrx_word' id='word_1_736' title='bbox 2818 4388 3128 4465; x_wconf 84' lang='lat' dir='ltr'>fatentur,</span> <span class='ocrx_word' id='word_1_737' title='bbox 3183 4387 3355 4470; x_wconf 92' lang='lat' dir='ltr'>quod</span> <span class='ocrx_word' id='word_1_738' title='bbox 3397 4388 3626 4470; x_wconf 88' lang='lat' dir='ltr'>negari</span> <span class='ocrx_word' id='word_1_739' title='bbox 3668 4408 3801 4450; x_wconf 91' lang='lat' dir='ltr'>nou</span> <span class='ocrx_word' id='word_1_740' title='bbox 3846 4392 4086 4469; x_wconf 75' lang='lat' dir='ltr'>potest,</span> <span class='ocrx_word' id='word_1_741' title='bbox 4143 4407 4278 4450; x_wconf 88' lang='lat' dir='ltr'>non</span> <span class='ocrx_word' id='word_1_742' title='bbox 4337 4386 4498 4450; x_wconf 88' lang='lat' dir='ltr'>adeo</span> <span class='ocrx_word' id='word_1_743' title='bbox 4554 4386 4764 4451; x_wconf 90' lang='lat' dir='ltr'>nihilo</span> 
     </span>
     <span class='ocr_line' id='line_1_105' title="bbox 2821 4471 4761 4555; baseline 0 -18"><span class='ocrx_word' id='word_1_744' title='bbox 2821 4473 3166 4537; x_wconf 90' lang='lat' dir='ltr'>aestimare</span> <span class='ocrx_word' id='word_1_745' title='bbox 3209 4471 3461 4551; x_wconf 88' lang='lat' dir='ltr'>debent,</span> <span class='ocrx_word' id='word_1_746' title='bbox 3506 4471 3800 4536; x_wconf 16' lang='lat' dir='ltr'>utssnobis</span> <span class='ocrx_word' id='word_1_747' title='bbox 3835 4492 4037 4555; x_wconf 91' lang='lat' dir='ltr'>prope</span> <span class='ocrx_word' id='word_1_748' title='bbox 4072 4472 4468 4554; x_wconf 91' lang='lat' dir='ltr'>permissum</span> <span class='ocrx_word' id='word_1_749' title='bbox 4500 4473 4761 4537; x_wconf 86' lang='lat' dir='ltr'>faciant.</span> 
     </span>
     <span class='ocr_line' id='line_1_106' title="bbox 2820 4556 4764 4641; baseline 0.002 -20"><span class='ocrx_word' id='word_1_750' title='bbox 2820 4556 3214 4641; x_wconf 78' lang='lat' dir='ltr'>Quanquam</span> <span class='ocrx_word' id='word_1_751' title='bbox 3270 4560 3448 4623; x_wconf 88' lang='lat' dir='ltr'>enim</span> <span class='ocrx_word' id='word_1_752' title='bbox 3503 4559 3559 4622; x_wconf 91' lang='lat' dir='ltr'>si</span> <span class='ocrx_word' id='word_1_753' title='bbox 3615 4560 3789 4623; x_wconf 86' lang='lat' dir='ltr'>inter</span> <span class='ocrx_word' id='word_1_754' title='bbox 3840 4578 3911 4623; x_wconf 91' lang='lat' dir='ltr'>se</span> <span class='ocrx_word' id='word_1_755' title='bbox 3965 4559 4109 4641; x_wconf 88' lang='lat' dir='ltr'>ipsa</span> <span class='ocrx_word' id='word_1_756' title='bbox 4164 4557 4582 4623; x_wconf 81' lang='lat' dir='ltr'>conferantur</span> <span class='ocrx_word' id='word_1_757' title='bbox 4632 4559 4764 4624; x_wconf 80' lang='lat' dir='ltr'>Dei</span> 
     </span>
     <span class='ocr_line' id='line_1_107' title="bbox 2817 4642 4765 4727; baseline 0.002 -21"><span class='ocrx_word' id='word_1_758' title='bbox 2817 4642 3146 4723; x_wconf 88' lang='lat' dir='ltr'>mandata,</span> <span class='ocrx_word' id='word_1_759' title='bbox 3192 4645 3470 4709; x_wconf 89' lang='lat' dir='ltr'>alterum</span> <span class='ocrx_word' id='word_1_760' title='bbox 3514 4644 3718 4708; x_wconf 90' lang='lat' dir='ltr'>altero</span> <span class='ocrx_word' id='word_1_761' title='bbox 3762 4643 4343 4727; x_wconf 86' lang='lat' dir='ltr'>praeponderatur:</span> <span class='ocrx_word' id='word_1_762' title='bbox 4393 4643 4508 4708; x_wconf 91' lang='lat' dir='ltr'>ubi</span> <span class='ocrx_word' id='word_1_763' title='bbox 4542 4651 4765 4709; x_wconf 85' lang='lat' dir='ltr'>tamen</span> 
     </span>
     <span class='ocr_line' id='line_1_108' title="bbox 2819 4727 4766 4806; baseline 0.001 -13"><span class='ocrx_word' id='word_1_764' title='bbox 2819 4727 2901 4793; x_wconf 88' lang='lat' dir='ltr'>ab</span> <span class='ocrx_word' id='word_1_765' title='bbox 2938 4729 3055 4794; x_wconf 87' lang='lat' dir='ltr'>illa</span> <span class='ocrx_word' id='word_1_766' title='bbox 3097 4730 3441 4796; x_wconf 90' lang='lat' dir='ltr'>collatione</span> <span class='ocrx_word' id='word_1_767' title='bbox 3487 4727 3927 4806; x_wconf 87' lang='lat' dir='ltr'>discessimus,</span> <span class='ocrx_word' id='word_1_768' title='bbox 3973 4729 4349 4796; x_wconf 83' lang='lat' dir='ltr'>nihiltanti</span> <span class='ocrx_word' id='word_1_769' title='bbox 4389 4751 4532 4795; x_wconf 90' lang='lat' dir='ltr'>esse</span> <span class='ocrx_word' id='word_1_770' title='bbox 4576 4729 4766 4796; x_wconf 87' lang='lat' dir='ltr'>nobis</span> 
     </span>
     <span class='ocr_line' id='line_1_109' title="bbox 2820 4814 4767 4899; baseline 0.002 -19"><span class='ocrx_word' id='word_1_771' title='bbox 2820 4815 3039 4893; x_wconf 88' lang='lat' dir='ltr'>debet,</span> <span class='ocrx_word' id='word_1_772' title='bbox 3086 4815 3258 4898; x_wconf 91' lang='lat' dir='ltr'>quod</span> <span class='ocrx_word' id='word_1_773' title='bbox 3302 4836 3436 4878; x_wconf 92' lang='grc'>808</span> <span class='ocrx_word' id='word_1_774' title='bbox 3481 4836 3706 4879; x_wconf 93' lang='lat' dir='ltr'>eorum</span> <span class='ocrx_word' id='word_1_775' title='bbox 3750 4824 4077 4899; x_wconf 89' lang='lat' dir='ltr'>postremo</span> <span class='ocrx_word' id='word_1_776' title='bbox 4120 4815 4307 4880; x_wconf 83' lang='lat' dir='ltr'>facile</span> <span class='ocrx_word' id='word_1_777' title='bbox 4351 4815 4589 4881; x_wconf 62' lang='lat' dir='ltr'>cedat·</span> <span class='ocrx_word' id='word_1_778' title='bbox 4648 4814 4767 4884; x_wconf 85' lang='lat' dir='ltr'>Sic</span> 
     </span>
     <span class='ocr_line' id='line_1_110' title="bbox 2818 4900 4761 4984; baseline 0 -18"><span class='ocrx_word' id='word_1_779' title='bbox 2818 4902 2995 4966; x_wconf 91' lang='lat' dir='ltr'>enim</span> <span class='ocrx_word' id='word_1_780' title='bbox 3014 4900 3155 4984; x_wconf 92' lang='lat' dir='ltr'>ipse</span> <span class='ocrx_word' id='word_1_781' title='bbox 3177 4922 3433 4983; x_wconf 92' lang='lat' dir='ltr'>quoque</span> <span class='ocrx_word' id='word_1_782' title='bbox 3453 4902 3768 4984; x_wconf 87' lang='lat' dir='ltr'>magister</span> <span class='ocrx_word' id='word_1_783' title='bbox 3790 4923 3911 4967; x_wconf 88' lang='lat' dir='ltr'>sua</span> <span class='ocrx_word' id='word_1_784' title='bbox 3934 4921 4091 4966; x_wconf 88' lang='lat' dir='ltr'>voce</span> <span class='ocrx_word' id='word_1_785' title='bbox 4114 4901 4324 4966; x_wconf 87' lang='lat' dir='ltr'>docet:</span> <span class='ocrx_word' id='word_1_786' title='bbox 4365 4900 4496 4981; x_wconf 79' lang='lat' dir='ltr'>Qui</span> <span class='ocrx_word' id='word_1_787' title='bbox 4533 4923 4761 4980; x_wconf 89' lang='lat' dir='ltr'>unum,</span> 
     </span>
     <span class='ocr_line' id='line_1_111' title="bbox 2818 4986 4766 5069; baseline 0.001 -19"><span class='ocrx_word' id='word_1_788' title='bbox 2818 4988 3035 5069; x_wconf 90' lang='lat' dir='ltr'>inquit</span> <span class='ocrx_word' id='word_1_789' title='bbox 3067 4987 3335 5069; x_wconf 87' lang='lat' dir='ltr'>(Matth.</span> <span class='ocrx_word' id='word_1_790' title='bbox 3378 4992 3433 5064; x_wconf 84' lang='lat'>5,</span> <span class='ocrx_word' id='word_1_791' title='bbox 3480 4991 3605 5068; x_wconf 89' lang='lat'>19),</span> <span class='ocrx_word' id='word_1_792' title='bbox 3651 5009 3736 5051; x_wconf 86' lang='lat' dir='ltr'>ex</span> <span class='ocrx_word' id='word_1_793' title='bbox 3769 4988 4058 5052; x_wconf 90' lang='lat' dir='ltr'>minimis</span> <span class='ocrx_word' id='word_1_794' title='bbox 4092 4987 4234 5051; x_wconf 87' lang='lat' dir='ltr'>istis</span> <span class='ocrx_word' id='word_1_795' title='bbox 4269 4986 4598 5052; x_wconf 88' lang='lat' dir='ltr'>mandatis</span> <span class='ocrx_word' id='word_1_796' title='bbox 4635 4988 4766 5052; x_wconf 92' lang='lat' dir='ltr'>sol-</span> 
     </span>
     <span class='ocr_line' id='line_1_112' title="bbox 2820 5072 4770 5150; baseline 0.001 -12"><span class='ocrx_word' id='word_1_797' title='bbox 2820 5074 3018 5150; x_wconf 90' lang='lat' dir='ltr'>verit,</span> <span class='ocrx_word' id='word_1_798' title='bbox 3076 5081 3142 5137; x_wconf 93' lang='lat' dir='ltr'>et</span> <span class='ocrx_word' id='word_1_799' title='bbox 3196 5074 3288 5138; x_wconf 92' lang='lat' dir='ltr'>sic</span> <span class='ocrx_word' id='word_1_800' title='bbox 3334 5072 3629 5137; x_wconf 86' lang='lat' dir='ltr'>docuerit</span> <span class='ocrx_word' id='word_1_801' title='bbox 3653 5113 3656 5116; x_wconf 60' lang='grc'><strong><em>«</em></strong></span> <span class='ocrx_word' id='word_1_802' title='bbox 3683 5073 4008 5148; x_wconf 72' lang='grc'>80811888,</span> <span class='ocrx_word' id='word_1_803' title='bbox 4066 5073 4381 5139; x_wconf 86' lang='grc'>1818111188</span> <span class='ocrx_word' id='word_1_804' title='bbox 4423 5074 4770 5139; x_wconf 86' lang='lat' dir='ltr'>vocabitur</span> 
     </span>
     <span class='ocr_line' id='line_1_113' title="bbox 2816 5157 4765 5308; baseline 0.003 -87"><span class='ocrx_word' id='word_1_805' title='bbox 2816 5159 2886 5222; x_wconf 92' lang='grc'>18</span> <span class='ocrx_word' id='word_1_806' title='bbox 2818 5178 3123 5308; x_wconf 44' lang='lat' dir='ltr'>1:orregno</span> <span class='ocrx_word' id='word_1_807' title='bbox 3144 5157 3290 5221; x_wconf 91' lang='lat' dir='ltr'>Dei.</span> <span class='ocrx_word' id='word_1_808' title='bbox 3337 5158 3658 5224; x_wconf 89' lang='lat' dir='ltr'>Videmus</span> <span class='ocrx_word' id='word_1_809' title='bbox 3691 5159 3813 5223; x_wconf 87' lang='grc'>1180</span> <span class='ocrx_word' id='word_1_810' title='bbox 3844 5159 4135 5222; x_wconf 87' lang='lat' dir='ltr'>oratione</span> <span class='ocrx_word' id='word_1_811' title='bbox 4168 5180 4376 5241; x_wconf 87' lang='lat' dir='ltr'>genus</span> <span class='ocrx_word' id='word_1_812' title='bbox 4412 5159 4578 5224; x_wconf 89' lang='lat' dir='ltr'>illud</span> <span class='ocrx_word' id='word_1_813' title='bbox 4611 5157 4765 5226; x_wconf 87' lang='lat' dir='ltr'>doc·</span> 
     </span>
     <span class='ocr_line' id='line_1_114' title="bbox 2818 5243 4765 5329; baseline 0.002 -22.173"><span class='ocrx_word' id='word_1_814' title='bbox 2818 5253 3036 5308; x_wconf 86' lang='lat' dir='ltr'>torum</span> <span class='ocrx_word' id='word_1_815' title='bbox 3082 5243 3323 5309; x_wconf 90' lang='lat' dir='ltr'>directe</span> <span class='ocrx_word' id='word_1_816' title='bbox 3368 5246 3527 5327; x_wconf 88' lang='lat' dir='ltr'>peti,</span> <span class='ocrx_word' id='word_1_817' title='bbox 3583 5247 3693 5326; x_wconf 94' lang='lat' dir='ltr'>qui</span> <span class='ocrx_word' id='word_1_818' title='bbox 3749 5246 3842 5309; x_wconf 91' lang='grc'>810</span> <span class='ocrx_word' id='word_1_819' title='bbox 3896 5245 4071 5309; x_wconf 84' lang='grc'>18181</span> <span class='ocrx_word' id='word_1_820' title='bbox 4112 5243 4240 5309; x_wconf 84' lang='grc'>1)81</span> <span class='ocrx_word' id='word_1_821' title='bbox 4293 5245 4471 5329; x_wconf 89' lang='grc'>18388</span> <span class='ocrx_word' id='word_1_822' title='bbox 4527 5244 4765 5310; x_wconf 83' lang='grc'>(118118-</span> 
     </span>
     <span class='ocr_line' id='line_1_115' title="bbox 2819 5329 4768 5414; baseline 0.003 -21"><span class='ocrx_word' id='word_1_823' title='bbox 2819 5336 3057 5414; x_wconf 89' lang='grc'>38881,</span> <span class='ocrx_word' id='word_1_824' title='bbox 3114 5329 3428 5411; x_wconf 86' lang='grc'>(1888(1881</span> <span class='ocrx_word' id='word_1_825' title='bbox 3479 5339 3554 5394; x_wconf 90' lang='grc'>81</span> <span class='ocrx_word' id='word_1_826' title='bbox 3609 5330 3884 5396; x_wconf 87' lang='lat' dir='ltr'>leviores</span> <span class='ocrx_word' id='word_1_827' title='bbox 3939 5351 4081 5394; x_wconf 89' lang='lat' dir='ltr'>esse</span> <span class='ocrx_word' id='word_1_828' title='bbox 4125 5330 4423 5411; x_wconf 90' lang='lat' dir='ltr'>doceant,</span> <span class='ocrx_word' id='word_1_829' title='bbox 4483 5352 4768 5414; x_wconf 85' lang='lat' dir='ltr'>quarum</span> 
     </span>
    </p>
   </div>
   <div class='ocr_carea' id='block_1_9' title="bbox 5009 537 5027 5183">
    <p class='ocr_par' dir='ltr' id='par_1_9' title="bbox 5009 537 5027 5183">
     <span class='ocr_line' id='line_1_116' title="bbox 5009 537 5027 5183; baseline 0 0"><span class='ocrx_word' id='word_1_830' title='bbox 5009 537 5027 5183; x_wconf 95' lang='lat' dir='ltr'> </span> 
     </span>
    </p>
   </div>
  </div>
 </body>
</html>
