5100 6061
790 383 910 445 391
1227 474 1232 480 ,
2519 376 3046 444 ΒΕ6ΡΟΝ616
4662 383 4787 445 392

789 570 894 634 bis
917 567 1214 651 linguam
1249 568 1760 651 magniloquam:
1807 583 1944 634 aut
1965 568 2440 650 aliquantulum
2485 569 2566 632 ab
2609 569 2737 633 ista
2839 568 3034 632 altius
3078 567 3535 647 conscendere,
3579 589 3773 651 quam
3817 567 3900 632 ad
3929 567 4381 649 quaerendam
4412 546 4489 631 6(
4529 587 4791 649 compa-

791 655 1352 738 magniloquentia
1409 653 1528 717 tibi
1583 665 1946 753 temperare
2001 655 2354 734 oportebat.
2422 653 2592 717 Nolo
2637 662 2735 718 ta-
2839 654 3115 717 randam
3148 655 3403 718 animae
3439 676 3597 718 suae
3633 653 3925 719 salutem.
3980 654 4210 735 Itaque
4246 654 4579 717 neminem
4614 663 4792 718 recta

791 761 947 804 men
982 740 1053 803 in
1097 740 1375 837 singulis
1421 741 1766 818 immorari,
1803 739 1931 803 nisi
1966 739 2136 837 quod
2180 749 2243 803 te
2283 747 2589 821 reputare
2624 761 2737 805 cu·
2840 741 3081 823 pietate
3124 739 3449 804 imbutum
3491 741 3629 804 fore
3670 752 3844 822 put0,
3892 761 3931 803 a
3973 760 4101 820 quo
4146 760 4278 802 non
4321 738 4605 820 insipida
4638 760 4791 804 cen-

792 825 929 906 pi0,
987 846 1183 925 quam
1239 826 1324 890 sit
1377 823 1781 908 indecorum,
1842 845 1927 888 ne
1982 822 2191 889 dicam
2246 824 2599 902 illiberale,
2644 826 2740 889 ita
2844 833 3065 889 seatur
3120 833 3257 888 tam
3312 825 3507 908 longa
3561 834 3628 890 et
3683 833 3987 890 accurata
4031 822 4114 888 ad
4156 823 4449 889 studium
4492 824 4793 890 coelestis

795 931 1037 975 vexare
1091 913 1504 975 immerentes
1555 910 1781 973 multis
1840 909 2084 984 verbiS,
2142 931 2309 991 quae
2354 911 2556 976 verbo
2609 932 2738 975 uno
2844 912 3019 975 vitae
3074 911 3467 989 exhortatio,
3528 933 3694 993 quae
3738 911 4070 974 hominem
4114 911 4375 992 penitus
4418 911 4485 973 in
4529 930 4599 975 se
4643 912 4787 992 ipso

794 997 1019 1061 statim
1064 997 1271 1060 refelli
1315 1005 1571 1078 queant.
1641 994 2040 1078 Quanquam
2090 995 2235 1062 leve
2291 1005 2390 1061 66(
2441 995 2739 1061 homines
2844 994 3147 1072 detineat,
3186 1016 3307 1059 nec
3342 997 3425 1060 ad
3461 996 4001 1061 sanctificandum
4034 996 4165 1060 Dei
4201 1016 4459 1072 nomen,
4503 995 4613 1060 vel
4656 1018 4795 1061 uno

794 1083 1053 1147 afficere
1099 1083 1355 1159 iniuria,
1402 1089 1633 1163 praeut
1676 1088 1775 1146 est
1826 1081 2188 1164 indignitas
2244 1088 2467 1147 tantae
2512 1090 2739 1147 contu·
2843 1082 3069 1159 verb0,
3116 1082 3342 1165 erigat.
3409 1083 3571 1146 Post
3626 1082 3795 1146 hanc
3849 1102 4003 1147 vero
4058 1081 4635 1146 sanctificationem
4712 1082 4794 1145 li·

793 1169 1061 1246 meliae‚
1099 1189 1292 1249 quae,
1337 1168 1446 1231 ubi
1482 1166 1564 1229 ad
1608 1188 1873 1232 causam
1917 1169 2132 1247 vem's,
2179 1166 2443 1232 Christo
2489 1177 2556 1232 et
2600 1168 2739 1231 eius
2840 1166 3070 1230 benter
3113 1168 3230 1232 tibi
3286 1168 3637 1246 assentior,
3682 1189 3815 1231 non
3860 1167 4037 1232 aliud
4082 1174 4220 1230 tota
4262 1167 4403 1230 vita
4444 1166 4631 1231 nobis
4677 1166 4795 1231 de-

796 1253 996 1319 verbo
1041 1252 1153 1316 abs
1199 1263 1264 1315 te
1299 1254 1640 1335 irrogatur.
2788 1263 2792 1320 1
2841 1252 2995 1316 bere
3052 1274 3193 1318 esse
3250 1253 3682 1336 propositum,
3739 1275 3936 1335 quam
3980 1262 4058 1315 ut
4100 1252 4183 1316 ad
4219 1273 4570 1335 supernam
4603 1252 4794 1317 illam

967 1337 1159 1418 Quod
1213 1338 1633 1402 Genevenses
1700 1349 1923 1402 nostra
1991 1336 2465 1420 praedicatione
2530 1338 2738 1403 edocti
2844 1340 3250 1404 vocationem
3305 1338 3788 1403 contendamus.
3869 1339 4066 1402 Hunc
4135 1339 4310 1402 enim
4365 1337 4671 1403 omnibus
4727 1346 4796 1402 et

794 1431 913 1503 [fol.
973 1428 1078 1500 23]
1137 1424 1216 1487 ab
1270 1423 1382 1486 illa
1438 1444 1735 1488 errorum
1791 1425 2097 1502 colluvie,
2153 1425 2224 1487 in
2277 1445 2406 1505 qua
2461 1423 2739 1488 demersi
2788 1463 2793 1538 ¹
2842 1425 3028 1488 factis
3085 1437 3151 1488 et
3205 1425 3397 1490 dictis
3451 1435 3517 1488 et
3572 1424 4068 1507 cogitationibus
4112 1425 4353 1487 nostris
4396 1431 4794 1505 perpetuum

790 1512 1080 1586 fuerant,
1125 1509 1206 1571 ad
1252 1510 1580 1590 puriorem
1623 1511 1945 1609 evangelii
1991 1508 2352 1573 doctrinam
2385 1530 2466 1573 66
2510 1519 2735 1574 666(6-
2843 1531 3108 1591 scopum
3163 1511 3533 1592 praestituit
3590 1511 3787 1574 Deus.
3867 1511 4005 1575 Nec
4065 1530 4222 1573 sane
4265 1508 4442 1572 aliud
4485 1519 4611 1586 est,
4658 1532 4793 1592 quo

790 1595 1027 1672 lerunt,
1065 1594 1487 1659 defectionem
1534 1617 1572 1658 a
1608 1594 1734 1662 Dei
1773 1597 2078 1669 veritate;
2122 1595 2291 1675 quod
2331 1616 2370 1658 a
2411 1596 2737 1678 pontificis
2841 1595 3103 1659 beluam
3160 1596 3356 1660 homo
3411 1596 3784 1673 antecellat,
3847 1596 3971 1659 nisi
4026 1595 4381 1677 spiritualis
4437 1614 4585 1658 cum
4642 1596 4830 1669 Deo<

791 1683 1044 1744 romani
1083 1679 1431 1764 tyrannide
1468 1702 1536 1745 se
1577 1679 2011 1758 vindicarunt,
2049 1688 2122 1744 ut
2163 1680 2357 1762 paulo
2401 1680 2736 1745 meliorem
2786 1701 2792 1720 ⁴
2786 1682 3364 1786 6616616616666,
3395 1683 3466 1744 16
3496 1703 3678 1763 spem
3711 1681 3940 1746 beatae
3962 1680 4141 1745 illius
4166 1682 4587 1744 aeternitatis
4648 1681 4793 1745 Nec

787 1767 1097 1831 ecclesiae
1117 1766 1395 1830 formam
1431 1788 1469 1830 a
1520 1764 1605 1829 ud
1639 1789 1707 1830 se
1743 1768 2243 1843 constituerent,
2276 1766 2737 1831 discessionem
2786 1741 2791 1860 l
2839 1766 2975 1830 fere
3029 1766 3208 1830 aliud
3265 1769 3518 1849 agimus
3574 1766 3990 1832 concionibus
4043 1767 4309 1841 nostris,
4357 1767 4488 1829 nisi
4529 1775 4605 1829 ut
4648 1788 4794 1830 om-

794 1854 875 1917 ab
936 1852 1205 1916 ecclesia
1259 1872 1398 1915 esse
1502 1853 1634 1916 icis.
1714 1851 2047 1934 Agedum,
2105 1861 2452 1933 6(1·661666
2508 1850 2736 1916 ordine
2839 1853 3024 1915 nium
3067 1854 3318 1916 animos
3362 1852 3444 1915 ad
3487 1850 3971 1915 meditationem
4014 1851 4431 1933 studiumque
4473 1853 4614 1915 eius
4659 1853 4794 1916 eri-

791 1938 1215 2002 excutiamus.
1282 1938 1362 2001 In
1397 1939 1792 2018 praefatione
1827 1947 2045 2001 autem
2078 1936 2196 2001 illa
2231 1946 2360 2015 tua,
2418 1959 2583 2019 quae
2629 1959 2737 2001 ae-
2785 1847 2791 2012 1
2839 1959 3090 2020 gamus.
3167 1939 3311 2003 Hoc
3369 1959 3622 2036 quoque
3676 1938 3793 2001 tibi
3851 1959 3981 2001 non
4038 1958 4231 2019 aegre
4287 1937 4597 2015 concedo,
4656 1959 4793 2002 non

791 2031 1018 2088 ternae
1043 2022 1465 2087 beatitudinis
1499 2023 1952 2087 excellentiam
1985 2021 2436 2105 praedicando,
2471 2024 2737 2087 tertiam
2840 2023 3106 2087 aliunde
3141 2044 3280 2088 esse
3314 2025 3580 2107 gravius
3623 2023 3819 2087 saluti
3862 2033 4122 2087 nostrae
4158 2023 4537 2104 periculum,
4585 2045 4790 2104 quam

789 2111 1048 2175 circiter
1072 2109 1380 2190 epistolae
1408 2116 1654 2189 partem
1680 2117 1964 2190 occupat,
2003 2109 2485 2191 responsionem
2520 2130 2737 2173 meam
2841 2129 2881 2171 a
2924 2120 3350 2208 praepostero
3379 2113 3496 2186 [fol.
3539 2113 3645 2187 24]
3683 2129 4118 2192 perversoque
4162 2106 4292 2172 Dei
4334 2108 4530 2173 cultu.
4596 2109 4792 2174 Haec

792 2195 907 2259 (116
934 2195 1218 2270 haerere,
1247 2213 1652 2275 nequaquam
1687 2214 1920 2275 operae
1956 2196 2237 2276 pretium
2273 2201 2387 2257 est.
2447 2195 2738 2259 Tametsi
2843 2196 3018 2257 enim
3058 2203 3212 2259 sunt
3252 2196 3463 2276 prima
3506 2194 3894 2272 rudimenta,
3940 2195 4172 2276 quibus
4206 2192 4489 2258 solemus
4528 2193 4612 2258 ad
4651 2195 4794 2276 pie·

794 2283 973 2344 enim
1007 2281 1263 2343 futurae
1299 2291 1727 2361 aeternaeque
1762 2281 1935 2344 vitae
1978 2280 2453 2344 commendatio
2486 2301 2595 2344 res
2641 2294 2740 2345 est
2841 2287 3041 2344 tatem
3064 2280 3423 2357 instituere,
3460 2301 3622 2362 quos
3658 2246 3922 2344 Christo
3945 2280 4247 2344 volumus
4282 2281 4620 2361 acquirere
4656 2280 4794 2345 dis-

793 2366 1012 2449 digna,
1048 2387 1211 2446 quae
1233 2377 1421 2430 nocte
1445 2363 1682 2447 diuque
1705 2367 1971 2430 auribus
1996 2365 2241 2429 nostris
2263 2367 2535 2441 insonet,
2574 2387 2738 2448 quae
2842 2365 3109 2447 cipuIOS,
3135 2387 3218 2429 ne
3242 2373 3503 2443 temere,
3539 2387 3613 2430 ac
3637 2387 3754 2447 pro
3776 2387 3895 2429 sua
3914 2364 4200 2442 libidine,
4233 2386 4479 2430 novum
4501 2365 4796 2447 aliquem

793 2451 1051 2516 assidue
1074 2453 1388 2514 memoria
1422 2459 1773 2532 repetatur,
1811 2452 1877 2513 in
1903 2472 2029 2532 qua
2050 2451 2422 2515 meditanda
2444 2452 2585 2515 sine
2606 2452 2739 2515 fine
2840 2449 2969 2514 Dei
3010 2451 3256 2516 cultum
3300 2452 3424 2516 sibi
3462 2417 3746 2534 fingant:
3793 2450 3905 2516 sed
3950 2451 4128 2514 hunc
4170 2472 4376 2514 unum
4419 2450 4797 2533 legitimum

792 2557 1241 2601 exerceamur:
1301 2534 1379 2600 de
1436 2557 1512 2600 ea
1543 2544 1793 2600 tamen
1838 2537 2053 2600 nescio
2096 2558 2226 2618 qua
2269 2535 2348 2600 de
2393 2557 2592 2601 causa
2631 2535 2737 2601 1116
2844 2557 2986 2600 6666
3027 2538 3256 2615 sciant,
3303 2538 3412 2619 qui
3458 2557 3497 2599 a
3542 2537 3859 2619 principio
3894 2537 4017 2599 fuit
4054 2536 4150 2600 illi
4186 2536 4600 2617 approbatus.
4672 2537 4797 2600 Af-

793 2643 1162 2687 sermonem
1186 2620 1343 2685 adeo
1368 2623 1782 2704 protraxeris,
1821 2622 1948 2686 nisi
1969 2630 2045 2686 ut
2068 2629 2131 2685 te
2155 2621 2369 2704 aliquo
2401 2621 2738 2705 religionis
2842 2621 3110 2685 ferimus
3168 2623 3376 2699 enim,
3414 2622 3585 2704 quod
3644 2643 3826 2687 sacro
3878 2620 4139 2686 oraculo
4189 2621 4252 2703 (l
4298 2619 4475 2685 Sam.
4524 2627 4631 2699 15,
4674 2622 4792 2705 22)

789 2706 1027 2772 indicio
1070 2707 1573 2772 commendares.
1639 2705 1797 2773 Sive
1841 2717 2077 2783 autem,
2123 2717 2200 2772 ut
2242 2728 2501 2771 omnem
2546 2707 2627 2772 de
2671 2717 2738 2771 te
2844 2714 3157 2772 testatum
3219 2717 3345 2772 est:
3414 2707 3846 2773 obedientiam
3918 2728 4058 2772 esse
4115 2707 4399 2789 quolibet
4466 2709 4795 2774 sacrificio

793 2792 1268 2858 dubitationem
1322 2792 1615 2868 tollereS,
1655 2794 1879 2857 testari
1925 2792 2189 2858 voluisti
2233 2803 2300 2857 te
2336 2794 2415 2858 de
2459 2792 2740 2876 gloriosa
2841 2795 3398 2876 praestantiorem.
3462 2792 3766 2874 Denique
3818 2790 4027 2856 modis
4078 2791 4379 2856 omnibus
4435 2794 4795 2858 assuefaci-

791 2878 967 2961 apud
1013 2879 1232 2943 Deum
1291 2880 1424 2943 vita
1479 2878 1646 2942 serio
1707 2880 2019 2962 cogitare3
2066 2880 2202 2945 sive
2246 2880 2553 2944 censuisti
2599 2887 2737 2942 tam
2840 2900 3018 2956 muS,
3075 2887 3150 2942 ut
3190 2901 3325 2943 una
3363 2878 3614 2944 colendi
3661 2877 3790 2942 Dei
3834 2878 4061 2962 regula
4102 2879 4420 2955 contenti,
4465 2900 4669 2960 quam
4712 2901 4795 2943 ex

788 2965 988 3048 longa
1031 2966 1171 3028 eius
1206 2964 1765 3030 commendatione
1804 2963 2179 3032 excitandos
2214 2963 2736 3047 vellicandosque
2839 2963 3016 3027 illius
3061 2985 3173 3028 ore
3217 2965 3477 3041 habent,
3521 2965 3993 3029 commentitios
4037 2985 4261 3028 omnes
4305 2963 4520 3028 cultus
4564 2964 4794 3028 valere

790 3073 931 3116 6666
968 3072 1075 3116 666
1113 3050 1195 3114 6(1
1232 3072 1392 3133 6666
1438 3050 1764 3116 scribebas
1802 3052 1976 3133 (nolo
2020 3052 2198 3116 enim
2245 3050 2537 3115 divinare
2581 3050 2737 3132 quid
2840 3051 3128 3114 iubeant.

791 3138 911 3203 tibi
949 3137 1198 3201 consilii
1221 3137 1465 3215 fuerit),
1512 3135 1580 3199 id
1613 3145 1835 3201 tamen
1870 3159 2101 3221 parum
2139 3143 2240 3201 66(
2266 3135 2733 3235 theologicum,
3008 3134 3294 3200 Proinde
3339 3158 3539 3218 quum
3582 3144 3654 3200 tu
3700 3136 3901 3214 hanc,
3958 3135 4291 3214 Sadolete,
4342 3134 4791 3200 voluntariam

789 3224 1121 3288 hominem
1155 3224 1250 3287 ita
1283 3222 1405 3285 sibi
1449 3222 1575 3303 ipsi
1619 3219 1936 3297 addicere,
1983 3230 2057 3285 ut
2102 3241 2236 3285 non
2260 3222 2524 3285 interim
2552 3222 2735 3303 prin·
2840 3222 3305 3285 confessionem
3349 3219 3647 3300 edideris,
3692 3223 3932 3285 iactum
3977 3229 4078 3286 est
4120 3221 4233 3286 abs
4277 3228 4342 3285 te
4385 3220 4793 3286 defensionis

787 3310 1062 3390 cipium
1088 3307 1207 3371 hoc
1259 3307 1354 3371 illi
1420 3307 1588 3371 vitae
1631 3273 2010 3371 formandae
2044 3308 2465 3389 praestituas,
2492 3307 2542 3389 ¹)
2587 3307 2735 3370 illu·
2838 3328 3023 3371 meae
3081 3305 3597 3371 fundament-um.
3664 3307 3839 3371 Nam
3896 3308 3952 3371 si
4004 3308 4262 3385 fateris,
4305 3307 4427 3370 hoc
4473 3305 4794 3371 horribile

788 3391 1095 3467 strandae
1117 3393 1385 3457 Domini
1408 3392 1653 3476 gloriae
1689 3392 1995 3457 studium.
2058 3393 2202 3457 Deo
2238 3393 2433 3471 enim,
2455 3414 2588 3456 non
2618 3414 2734 3456 no-
2838 3412 2980 3457 6666
3023 3394 3279 3456 animae
3315 3393 3609 3469 exitium,
3655 3392 3765 3456 ubi
3791 3393 4014 3476 pravis
4042 3390 4450 3475 opinionibus
4494 3393 4565 3454 in
4604 3414 4793 3456 men-

789 3480 907 3557 bis,
946 3479 1082 3542 nati
1123 3477 1443 3559 imprimis
1478 3499 1720 3542 sumus.
1784 3475 2144 3576 Siquidem,
2182 3476 2735 3577 quemadmodum
2839 3477 3092 3542 dacium
3136 3480 3534 3545 convertitur
3577 3478 3799 3543 divina
3841 3479 4101 3557 veritas,
4147 3499 4322 3541 nunc
4367 3483 4627 3540 tantum
4674 3500 4795 3543 no-

791 3563 875 3628 ab
929 3585 1003 3627 eo
1058 3564 1391 3626 fluxerunt
1445 3563 1692 3641 omnia,
1750 3572 1818 3628 6(
1869 3565 1940 3627 16
1982 3585 2056 3629 66
2099 3564 2489 3641 666616(66(,
2535 3565 2631 3628 ita
2662 3564 2733 3627 in
2837 3564 2936 3629 bis
2982 3572 3309 3647 superest,
3358 3584 3669 3646 quaerere
3715 3571 3863 3627 utra
3906 3563 4172 3628 tandem
4214 3583 4365 3645 pars
4410 3563 4667 3627 cultum
4712 3563 4792 3626 il-

788 3672 939 3714 eum
962 3649 1192 3713 refcrri
1220 3648 1475 3726 debent,
1499 3648 1712 3730 inquit
1744 3649 1993 3714 Paulus
2029 3650 2250 3734 (Rom.
2301 3654 2389 3726 11,
2431 3615 2561 3728 315).
2620 3647 2732 3715 Sic
2837 3650 2977 3713 lum
3019 3648 3167 3728 Dei,
3213 3650 3325 3732 qui
3363 3671 3532 3714 unus
3567 3658 3668 3714 66(
3702 3649 4050 3733 legitimus,
4087 3648 4382 3713 retineat.
4451 3647 4600 3728 Quo
4635 3670 4794 3713 eum

787 3734 1080 3817 quidem,
1100 3735 1157 3811 ²)
1214 3736 1449 3813 fateor,
1504 3734 1830 3800 Dominus
1886 3736 2054 3818 ipse,
2113 3756 2239 3818 quo
2295 3736 2577 3800 nominis
2632 3736 2750 3803 sui,
2835 3736 3005 3818 parti
3050 3742 3305 3799 vestrae
3360 3757 3631 3812 asseras,
3678 3736 3982 3813 assumis,
4026 3734 4456 3807 certissimam
4499 3755 4642 3798 esse
4688 3735 4793 3817 ip-

789 3821 1064 3909 gloriam
1129 3820 1339 3902 magis
1388 3819 1967 3886 commendabilem
2032 3820 2406 3885 hominibus
2468 3822 2730 3898 faceret,
2838 3822 2970 3884 sius
3006 3820 3317 3903 regulam,
3362 3840 3525 3901 quae
3562 3821 3644 3885 ab
3688 3821 3959 3886 ecclesia
4003 3819 4484 3902 praescribitur.
4557 3818 4792 3898 Quan-

789 3909 928 3971 eius
961 3902 1439 3989 promovendae
1475 3914 1667 3987 atque
1711 3906 2204 3988 amplificandae
2240 3906 2530 3970 studium
2569 3914 2730 3970 tem·
2835 3927 3049 3987 quam,
3096 3928 3170 3970 ac
3214 3907 3271 3969 si
3313 3907 3429 3971 tibi
3469 3906 3575 3972 hic
3620 3906 4100 3983 obsisteremus,
4148 3906 4437 3988 qualiter.
4472 3906 4543 3967 in
4589 3906 4793 3971 rebus

789 3994 1070 4073 peravit,
1115 4000 1190 4056 ut
1234 4011 1382 4055 cum
1436 4000 1664 4056 nostra
1704 3993 1912 4057 salute
1952 4002 2268 4076 perpetuo
2312 3991 2731 4057 coniunctum
2836 3991 3048 4056 dubiis
3103 3993 3244 4056 fieri
3301 3992 3492 4070 solet,
3548 3993 3944 4056 sententiam
3982 3993 4191 4056 'istam
4244 3991 4317 4053 in
4371 3988 4793 4054 deliberatio-

787 4079 967 4142 foret.
1033 4080 1126 4141 At
1163 4098 1365 4158 quum
1411 4077 1731 4154 docuerit,
1788 4077 1951 4142 illud
1992 4080 2209 4160 ipsum
2252 4084 2549 4160 oportere
2594 4098 2731 4141 om·
2835 4099 2988 4141 nem
3024 4097 3307 4143 revocas.
3374 4076 3520 4161 Ego
3558 4086 3792 4153 autem,
3833 4075 4158 4155 Sadolete,
4197 4078 4348 4158 quia
4382 4076 4627 4139 frustra
4672 4075 4803 4140 de·
4908 4078 4913 4081 ’

788 4184 941 4228 nem
987 4162 1329 4226 cuiuslibet
1371 4162 1523 4228 boni
1567 4171 1635 4227 et
1678 4163 1998 4228 commodi
2042 4165 2251 4228 nostri
2291 4184 2520 4228 ‘curam
2559 4165 2730 4246 cogi·
2834 4162 3070 4226 sudare
3112 4172 3177 4227 (6
3212 4162 3431 4239 video,
3492 4164 3611 4227 hac
3666 4173 3730 4227 te
3788 4163 4136 4228 sublevabo
4192 4162 4507 4226 molestia.
4586 4161 4791 4226 Falso

789 4251 1227 4331 tationemque
1273 4250 1612 4325 excedere,
1662 4260 1729 4312 6(
1771 4250 2090 4313 naturalis
2131 4249 2422 4331 aequitas
2464 4246 2535 4310 id
2576 4270 2732 4331 quo·
2837 4250 3014 4312 enim
3050 4249 3353 4330 opinaris,
3392 4250 3473 4313 ab
3507 4272 3585 4313 ea
3621 4247 3869 4313 colendi
3908 4248 4038 4312 Dei
4072 4248 4342 4324 ratione,
4379 4268 4577 4329 quam
4612 4269 4790 4311 sem-

787 4356 913 4417 que
972 4335 1196 4411 dictet,
1241 4356 1372 4398 non
1421 4335 1618 4398 tribui
1654 4337 1796 4400 Deo
1831 4334 2001 4418 quod
2046 4356 2238 4399 suum
2284 4344 2412 4411 66(,
2457 4334 2586 4396 6161
2629 4355 2732 4397 re-
2834 4355 2952 4417 per
2987 4333 3357 4399 observavit
3399 4334 3670 4399 ccclesia
3712 4333 4045 4412 catholica,
4090 4356 4207 4398 nos
4251 4331 4571 4397 abducere
4617 4333 4791 4397 velle

788 4420 910 4484 bus
933 4420 1234 4485 omnibus
1265 4422 1686 4501 praeferatur,
1723 4421 2061 4486 christiani
2102 4428 2275 4484 certe
2311 4419 2598 4483 hominis
2634 4426 2734 4484 est
2835 4419 3144 4501 populum
3202 4419 3662 4497 christianum,
3721 4420 3835 4484 sed
3886 4422 3956 4482 in
4014 4418 4318 4485 ecclesiae
4362 4418 4627 4481 nomine
4678 4418 4788 4483 vel

2836 4503 3275 4581 hallucinaris,
3303 4503 3406 4568 vel
3432 4516 3607 4570 certe
3631 4506 3840 4570 sciens
3863 4526 3936 4569 ac
3955 4506 4179 4570 volens
4201 4505 4421 4569 fucum
4442 4503 4619 4568 facis.
4657 4505 4788 4567 At-

789 4612 1192 4619 ff-ss‘-
2836 4610 2960 4671 que
2995 4589 3066 4653 in
3102 4590 3224 4655 hoc
3259 4589 3522 4673 quidem
3564 4592 3919 4672 posteriore
3962 4598 4027 4655 te
4074 4612 4231 4654 mox
4275 4588 4783 4671 deprehendam.

2834 4676 3017 4739 Fieri
3038 4683 3259 4739 tamen
3283 4684 3510 4757 potest,
3549 4684 3623 4739 ut
3645 4676 3883 4741 alicubi
3905 4678 4101 4741 etiam
4123 4677 4402 4742 aberres.
4457 4675 4787 4752 Primum,

928 4744 987 4810 1)
1028 4743 1120 4797 Stc
1154 4744 1414 4797 editiones
1449 4746 1798 4815 antiquiores,
1836 4745 1968 4811 Arq.
2012 4744 2143 4797 Gen.
2179 4750 2228 4796 et
2268 4743 2522 4797 Galla-sii.
2580 4744 2730 4797 Besa
2833 4783 2904 4824 m
2927 4762 3066 4825 eius
3090 4760 3465 4826 definitione
3487 4764 3966 4843 praetermittis,
4007 4762 4176 4844 quod
4201 4771 4264 4826 te
4289 4761 4373 4825 ad
4395 4769 4639 4824 rectam
4676 4762 4784 4825 in,

794 4812 930 4865 1576
967 4813 1295 4867 emendavit.-
1330 4816 1680 4881 praestimat,
1717 4813 1861 4894 quod
1896 4813 2147 4880 deinceps
2181 4819 2452 4866 servatum
2488 4818 2592 4878 est,
2630 4815 2734 4867 etsi
2958 4848 2970 4859 ·
3143 4849 3154 4860 -
3826 4850 3837 4861 .
3942 4849 3953 4862 .
4477 4847 4489 4859 ·
4541 4846 4553 4858 ·

791 4899 903 4935 non
953 4884 1331 4935 necessarium.
1409 4882 1602 4935 Gallus
1653 4883 1791 4935 satis
1841 4883 2089 4935 obscure:
2143 4883 2260 4935 cela
2309 4889 2429 4935 sent
2473 4897 2581 4949 peu
2629 4899 2729 4935 son
2836 4846 3267 4930 telhgssntlam
3302 4867 3438 4909 non
3470 4868 3702 4928 parum
3737 4848 4110 4913 adilSSOt·
4180 4846 4404 4927 Quum
4431 4845 4592 4911 (11015
4628 4866 4783 4911 eam

792 4968 923 5017 vray
960 4951 1283 5019 theologien‚
1322 4951 1388 5004 de
1426 4959 1545 5004 tant
1567 4952 1776 5004 vouloir
1811 4951 2107 5005 astreindre
2144 4949 2391 5004 l’homme
2427 4952 2461 5004 a
2494 4967 2729 5020 soymes-
2835 4953 2992 5011 6666,
3029 4954 3196 5015 quae
3230 4933 3407 4996 omni
3443 4941 3739 4998 anteacto
3776 4945 4082 5016 tempore,
4122 4941 4197 4996 ut
4227 4932 4560 5011 hodiernO,
4594 4932 4778 4996 omni

795 5034 904 5072 me:
952 5035 1053 5086 que
1094 5020 1396 5088 rependant
1441 5036 1507 5073 ne
1546 5021 1637 5089 luy
1673 5020 1912 5073 ordonne
1948 5026 2006 5073 et
2040 5020 2320 5087 enseigne,
2358 5034 2461 5099 que
2497 5015 2548 5072 Ie
2587 5036 2727 5073 com·
2833 5020 2904 5082 in
2925 5020 3191 5102 regione
3214 5029 3557 5096 terrarum,
3582 5019 3928 5084 inChristo
3952 5041 4081 5084 una
4105 5018 4616 5095 etoonsefitiens‚
4642 5038 4778 5082 uno

796 5096 1124 5140 mencement
1172 5089 1237 5141 de
1287 5088 1406 5141 bien
1443 5089 1643 5142 former
1677 5104 1738 5141 sa
1771 5089 1856 5142 vie
1894 5096 1978 5141 est
2012 5088 2216 5141 desirer
2251 5088 2540 5141 accroistre
2579 5096 2634 5140 6(
2669 5088 2727 5140 il-
2832 5103 3078 5168 Christi
3114 5105 3345 5186 Spiritu
3388 5105 3622 5186 ubique
3669 5117 3735 5169 et
3767 5127 4023 5188 semper
4050 5105 4303 5170 dimota
4336 5113 4460 5168 est:
4522 5103 4633 5167 ubi
4669 5103 4777 5168 hio

796 5155 993 5208 lustror
1039 5156 1091 5208 11
1137 5158 1307 5225 gloire
1354 5157 1424 5210 du
1471 5157 1744 5224 Seigneur.
1817 5155 1881 5209 Si
1912 5156 2046 5224 quid
2083 5155 2337 5221 videmus,
2378 5155 2727 5210 Cardinalem
3328 5191 3340 5203 .
3403 5190 3414 5203 .
3645 5192 3657 5205 .
4018 5192 4030 5204 .
4401 5190 4413 5203 .

795 5224 895 5276 hoc
927 5227 1141 5277 nomi-ne
1166 5228 1447 5305 'vituperat
1492 5226 1636 5294 quod
1682 5224 2168 5278 eudaemoniemum
2215 5224 2470 5279 docuerit.
2666 5224 2726 5288 2)
2832 5191 3102 5255 verbum
3147 5191 3437 5265 Domlm’
3486 5211 3769 5255 mafflme
3820 5212 4158 5273 Perflplssua
4201 5197 4354 5255 1¹0OE
4396 5188 4527 5265 11131
4578 5209 4780 5271 quam

799 5291 894 5345 διο
929 5292 1044 5345 sola
1073 5296 1334 5362 princeps
1368 5311 1486 5348 cum
1522 5297 1765 5348 versione
1793 5291 2196 5363 qallica51540
2231 5309 2398 5363 seqq„-
2442 5293 2725 5361 Siquidem.
2828 5278 2968 5360 ipse
2991 5276 3331 5356 DominuS‚
3353 5278 3424 5341 in
3445 5277 3715 5343 ecclesia
3737 5275 4155 5361 designanda,
4173 5277 4367 5341 toties
4390 5274 4578 5340 nobis
4600 5295 4779 5341 com-
