<?xml version="1.0" encoding="UTF-8"?>
<!DOCTYPE html PUBLIC "-//W3C//DTD XHTML 1.0 Transitional//EN"
    "http://www.w3.org/TR/xhtml1/DTD/xhtml1-transitional.dtd">
<html xmlns="http://www.w3.org/1999/xhtml" xml:lang="en" lang="en">
 <head>
  <title>
</title>
<meta http-equiv="Content-Type" content="text/html;charset=utf-8" />
  <meta name='ocr-system' content='tesseract 3.04.00' />
  <meta name='ocr-capabilities' content='ocr_page ocr_carea ocr_par ocr_line ocrx_word'/>
</head>
<body>
  <div class='ocr_page' id='page_1' title='image "./ioanniscalvinio15calvgoog_0188.png"; bbox 0 0 5100 6061; ppageno 0'>
   <div class='ocr_carea' id='block_1_1' title="bbox 639 450 761 512">
    <p class='ocr_par' dir='ltr' id='par_1_1' title="bbox 639 450 761 512">
     <span class='ocr_line' id='line_1_1' title="bbox 639 450 761 512; baseline -0.008 0"><span class='ocrx_word' id='word_1_1' title='bbox 639 450 761 512; x_wconf 84' lang='lat'><strong>251</strong></span> 
     </span>
    </p>
   </div>
   <div class='ocr_carea' id='block_1_2' title="bbox 634 621 2598 5437">
    <p class='ocr_par' dir='ltr' id='par_1_2' title="bbox 634 621 2598 5437">
     <span class='ocr_line' id='line_1_2' title="bbox 638 621 2590 721; baseline -0.009 -19"><span class='ocrx_word' id='word_1_2' title='bbox 638 635 995 721; x_wconf 83' lang='lat' dir='ltr'><strong>quidquam</strong></span> <span class='ocrx_word' id='word_1_3' title='bbox 1044 632 1382 717; x_wconf 83' lang='lat' dir='ltr'><strong>intelligit,</strong></span> <span class='ocrx_word' id='word_1_4' title='bbox 1437 629 1718 713; x_wconf 88' lang='lat' dir='ltr'><strong>qualiter</strong></span> <span class='ocrx_word' id='word_1_5' title='bbox 1759 645 1950 691; x_wconf 90' lang='lat' dir='ltr'><strong>nosse</strong></span> <span class='ocrx_word' id='word_1_6' title='bbox 1992 629 2266 706; x_wconf 81' lang='lat' dir='ltr'><strong>oportet.</strong></span> <span class='ocrx_word' id='word_1_7' title='bbox 2355 621 2457 687; x_wconf 83' lang='lat' dir='ltr'><strong>Ac</strong></span> <span class='ocrx_word' id='word_1_8' title='bbox 2501 622 2590 686; x_wconf 91' lang='lat' dir='ltr'><strong>si-</strong></span> 
     </span>
     <span class='ocr_line' id='line_1_3' title="bbox 637 706 2593 803; baseline -0.01 -15"><span class='ocrx_word' id='word_1_9' title='bbox 637 722 1006 788; x_wconf 73' lang='lat' dir='ltr'>mulacrum</span> <span class='ocrx_word' id='word_1_10' title='bbox 1056 719 1321 803; x_wconf 88' lang='lat' dir='ltr'><strong>quidem</strong></span> <span class='ocrx_word' id='word_1_11' title='bbox 1373 716 1541 781; x_wconf 91' lang='lat' dir='ltr'><strong>nihil</strong></span> <span class='ocrx_word' id='word_1_12' title='bbox 1598 732 1740 778; x_wconf 86' lang='lat' dir='ltr'><strong>esse</strong></span> <span class='ocrx_word' id='word_1_13' title='bbox 1797 708 2122 776; x_wconf 88' lang='lat' dir='ltr'><strong>concedit:</strong></span> <span class='ocrx_word' id='word_1_14' title='bbox 2187 706 2303 773; x_wconf 90' lang='lat' dir='ltr'><strong>sed</strong></span> <span class='ocrx_word' id='word_1_15' title='bbox 2359 715 2593 771; x_wconf 89' lang='lat' dir='ltr'><strong>contra</strong></span> 
     </span>
     <span class='ocr_line' id='line_1_4' title="bbox 637 793 2589 889; baseline -0.01 -12"><span class='ocrx_word' id='word_1_16' title='bbox 637 809 876 885; x_wconf 91' lang='lat' dir='ltr'><strong>obiicit,</strong></span> <span class='ocrx_word' id='word_1_17' title='bbox 922 805 1170 889; x_wconf 86' lang='lat' dir='ltr'><strong>aliquid</strong></span> <span class='ocrx_word' id='word_1_18' title='bbox 1212 823 1355 869; x_wconf 89' lang='grc'><strong>6886</strong></span> <span class='ocrx_word' id='word_1_19' title='bbox 1387 801 1889 868; x_wconf 79' lang='lat' dir='ltr'><strong>simulacrorum</strong></span> <span class='ocrx_word' id='word_1_20' title='bbox 1917 794 2196 861; x_wconf 87' lang='lat' dir='ltr'><strong>cultum:</strong></span> <span class='ocrx_word' id='word_1_21' title='bbox 2243 793 2431 859; x_wconf 90' lang='lat' dir='ltr'><strong>cuius</strong></span> <span class='ocrx_word' id='word_1_22' title='bbox 2474 793 2589 858; x_wconf 92' lang='lat' dir='ltr'><strong>ob-</strong></span> 
     </span>
     <span class='ocr_line' id='line_1_5' title="bbox 638 878 2587 973; baseline -0.011 -11"><span class='ocrx_word' id='word_1_23' title='bbox 638 893 837 962; x_wconf 89' lang='lat' dir='ltr'><strong>eundi</strong></span> <span class='ocrx_word' id='word_1_24' title='bbox 878 891 1159 959; x_wconf 87' lang='lat' dir='ltr'><strong>indoctis</strong></span> <span class='ocrx_word' id='word_1_25' title='bbox 1201 890 1327 973; x_wconf 90' lang='lat' dir='ltr'><strong>ipsi</strong></span> <span class='ocrx_word' id='word_1_26' title='bbox 1369 897 1629 953; x_wconf 77' lang='lat' dir='ltr'><strong>autores</strong></span> <span class='ocrx_word' id='word_1_27' title='bbox 1672 889 1911 949; x_wconf 88' lang='lat' dir='ltr'><strong>essent.</strong></span> <span class='ocrx_word' id='word_1_28' title='bbox 1999 881 2148 946; x_wconf 91' lang='lat' dir='ltr'><strong>Non</strong></span> <span class='ocrx_word' id='word_1_29' title='bbox 2192 886 2311 967; x_wconf 82' lang='lat' dir='ltr'><strong>est,</strong></span> <span class='ocrx_word' id='word_1_30' title='bbox 2354 878 2587 961; x_wconf 86' lang='lat' dir='ltr'><strong>inquit,</strong></span> 
     </span>
     <span class='ocr_line' id='line_1_6' title="bbox 638 964 2588 1053; baseline -0.011 -6"><span class='ocrx_word' id='word_1_31' title='bbox 638 983 711 1047; x_wconf 90' lang='grc'><strong>111</strong></span> <span class='ocrx_word' id='word_1_32' title='bbox 762 980 1068 1045; x_wconf 90' lang='lat' dir='ltr'><strong>omnibus</strong></span> <span class='ocrx_word' id='word_1_33' title='bbox 1121 975 1411 1043; x_wconf 90' lang='lat' dir='ltr'><strong>scientia.</strong></span> <span class='ocrx_word' id='word_1_34' title='bbox 1502 968 1790 1053; x_wconf 77' lang='lat' dir='ltr'><strong>Quidam</strong></span> <span class='ocrx_word' id='word_1_35' title='bbox 1832 989 1990 1033; x_wconf 92' lang='lat' dir='ltr'><strong>vero</strong></span> <span class='ocrx_word' id='word_1_36' title='bbox 2035 987 2187 1031; x_wconf 88' lang='lat' dir='ltr'><strong>cum</strong></span> <span class='ocrx_word' id='word_1_37' title='bbox 2208 964 2387 1029; x_wconf 80' lang='lat' dir='ltr'><strong>&#39;idoli</strong></span> <span class='ocrx_word' id='word_1_38' title='bbox 2433 985 2588 1029; x_wconf 89' lang='lat' dir='ltr'><strong>con-</strong></span> 
     </span>
     <span class='ocr_line' id='line_1_7' title="bbox 640 1050 2587 1147; baseline -0.01 -14"><span class='ocrx_word' id='word_1_39' title='bbox 640 1067 947 1144; x_wconf 88' lang='lat' dir='ltr'><strong>scientia,</strong></span> <span class='ocrx_word' id='word_1_40' title='bbox 1005 1065 1191 1147; x_wconf 82' lang='lat' dir='ltr'><strong>quasi</strong></span> <span class='ocrx_word' id='word_1_41' title='bbox 1243 1058 1611 1126; x_wconf 74' lang='lat' dir='ltr'><strong>simulacris</strong></span> <span class='ocrx_word' id='word_1_42' title='bbox 1668 1061 2121 1122; x_wconf 86' lang='lat' dir='ltr'><strong>consecratum</strong></span> <span class='ocrx_word' id='word_1_43' title='bbox 2165 1050 2587 1129; x_wconf 89' lang='lat' dir='ltr'><strong>manducant,</strong></span> 
     </span>
     <span class='ocr_line' id='line_1_8' title="bbox 637 1136 2584 1230; baseline -0.011 -11"><span class='ocrx_word' id='word_1_44' title='bbox 637 1160 709 1220; x_wconf 88' lang='lat' dir='ltr'><strong>et</strong></span> <span class='ocrx_word' id='word_1_45' title='bbox 745 1150 1139 1218; x_wconf 88' lang='lat' dir='ltr'><strong>conscientia</strong></span> <span class='ocrx_word' id='word_1_46' title='bbox 1181 1149 1472 1230; x_wconf 90' lang='lat' dir='ltr'><strong>ipsorum</strong></span> <span class='ocrx_word' id='word_1_47' title='bbox 1518 1164 1721 1226; x_wconf 91' lang='lat' dir='ltr'><strong>quum</strong></span> <span class='ocrx_word' id='word_1_48' title='bbox 1764 1141 1853 1206; x_wconf 89' lang='lat' dir='ltr'><strong>sit</strong></span> <span class='ocrx_word' id='word_1_49' title='bbox 1893 1141 2188 1215; x_wconf 85' lang='lat' dir='ltr'><strong>infirma,</strong></span> <span class='ocrx_word' id='word_1_50' title='bbox 2243 1136 2584 1220; x_wconf 79' lang='lat' dir='ltr'><strong>polluitur.</strong></span> 
     </span>
     <span class='ocr_line' id='line_1_9' title="bbox 640 1218 2585 1322; baseline -0.01 -17"><span class='ocrx_word' id='word_1_51' title='bbox 640 1238 721 1305; x_wconf 76' lang='lat' dir='ltr'><strong>Si</strong></span> <span class='ocrx_word' id='word_1_52' title='bbox 762 1239 908 1322; x_wconf 89' lang='lat' dir='ltr'><strong>quis</strong></span> <span class='ocrx_word' id='word_1_53' title='bbox 951 1257 1104 1300; x_wconf 89' lang='grc'><strong>611111</strong></span> <span class='ocrx_word' id='word_1_54' title='bbox 1147 1232 1403 1309; x_wconf 88' lang='lat' dir='ltr'><strong>viderit,</strong></span> <span class='ocrx_word' id='word_1_55' title='bbox 1451 1231 1562 1313; x_wconf 91' lang='lat' dir='ltr'><strong>qui</strong></span> <span class='ocrx_word' id='word_1_56' title='bbox 1605 1228 1946 1294; x_wconf 89' lang='lat' dir='ltr'><strong>scientiam</strong></span> <span class='ocrx_word' id='word_1_57' title='bbox 1989 1218 2218 1300; x_wconf 86' lang='lat' dir='ltr'><strong>habet&#39;,</strong></span> <span class='ocrx_word' id='word_1_58' title='bbox 2266 1223 2334 1286; x_wconf 91' lang='lat' dir='ltr'><strong>in</strong></span> <span class='ocrx_word' id='word_1_59' title='bbox 2380 1222 2585 1286; x_wconf 91' lang='lat' dir='ltr'><strong>simu-</strong></span> 
     </span>
     <span class='ocr_line' id='line_1_10' title="bbox 638 1309 2585 1404; baseline -0.011 -13"><span class='ocrx_word' id='word_1_60' title='bbox 638 1325 967 1390; x_wconf 89' lang='lat' dir='ltr'><strong>lacrorum</strong></span> <span class='ocrx_word' id='word_1_61' title='bbox 990 1320 1182 1404; x_wconf 90' lang='lat' dir='ltr'><strong>epulo</strong></span> <span class='ocrx_word' id='word_1_62' title='bbox 1205 1317 1717 1390; x_wconf 74' lang='lat' dir='ltr'><strong>recumbentem,</strong></span> <span class='ocrx_word' id='word_1_63' title='bbox 1754 1330 1980 1376; x_wconf 89' lang='lat' dir='ltr'><strong>nonne</strong></span> <span class='ocrx_word' id='word_1_64' title='bbox 2002 1309 2400 1375; x_wconf 86' lang='lat' dir='ltr'><strong>conscientia</strong></span> <span class='ocrx_word' id='word_1_65' title='bbox 2421 1309 2585 1383; x_wconf 90' lang='lat' dir='ltr'><strong>eius,</strong></span> 
     </span>
     <span class='ocr_line' id='line_1_11' title="bbox 638 1391 2582 1496; baseline -0.011 -20"><span class='ocrx_word' id='word_1_66' title='bbox 638 1431 846 1496; x_wconf 91' lang='lat' dir='ltr'><strong>quum</strong></span> <span class='ocrx_word' id='word_1_67' title='bbox 887 1409 977 1473; x_wconf 89' lang='lat' dir='ltr'><strong>sit</strong></span> <span class='ocrx_word' id='word_1_68' title='bbox 1015 1408 1305 1472; x_wconf 88' lang='lat' dir='ltr'><strong>incertus</strong></span> <span class='ocrx_word' id='word_1_69' title='bbox 1319 1455 1334 1480; x_wconf 90' lang='lat'><strong>,</strong></span> <span class='ocrx_word' id='word_1_70' title='bbox 1390 1398 1840 1467; x_wconf 88' lang='lat' dir='ltr'><strong>aedificabitur</strong></span> <span class='ocrx_word' id='word_1_71' title='bbox 1883 1396 1965 1461; x_wconf 91' lang='lat' dir='ltr'><strong>ad</strong></span> <span class='ocrx_word' id='word_1_72' title='bbox 2006 1391 2582 1459; x_wconf 79' lang='lat' dir='ltr'><strong>manducandum?</strong></span> 
     </span>
     <span class='ocr_line' id='line_1_12' title="bbox 640 1482 2588 1579; baseline -0.011 -18"><span class='ocrx_word' id='word_1_73' title='bbox 640 1504 711 1562; x_wconf 88' lang='lat' dir='ltr'><strong>et</strong></span> <span class='ocrx_word' id='word_1_74' title='bbox 749 1493 990 1579; x_wconf 83' lang='lat' dir='ltr'><strong>peribit</strong></span> <span class='ocrx_word' id='word_1_75' title='bbox 1030 1493 1332 1557; x_wconf 88' lang='lat' dir='ltr'><strong>infirmus</strong></span> <span class='ocrx_word' id='word_1_76' title='bbox 1374 1490 1444 1554; x_wconf 90' lang='lat' dir='ltr'><strong>in</strong></span> <span class='ocrx_word' id='word_1_77' title='bbox 1487 1494 1602 1551; x_wconf 86' lang='lat' dir='ltr'><strong>tua</strong></span> <span class='ocrx_word' id='word_1_78' title='bbox 1655 1482 2054 1551; x_wconf 88' lang='lat' dir='ltr'><strong>conscientia</strong></span> <span class='ocrx_word' id='word_1_79' title='bbox 2108 1482 2335 1559; x_wconf 84' lang='lat' dir='ltr'><strong>frater,</strong></span> <span class='ocrx_word' id='word_1_80' title='bbox 2387 1497 2588 1561; x_wconf 90' lang='lat' dir='ltr'><strong>prop-</strong></span> 
     </span>
     <span class='ocr_line' id='line_1_13' title="bbox 637 1566 2586 1663; baseline -0.01 -16"><span class='ocrx_word' id='word_1_81' title='bbox 637 1590 744 1648; x_wconf 89' lang='lat' dir='ltr'><strong>ter</strong></span> <span class='ocrx_word' id='word_1_82' title='bbox 796 1600 989 1663; x_wconf 90' lang='lat' dir='ltr'><strong>quem</strong></span> <span class='ocrx_word' id='word_1_83' title='bbox 1033 1577 1343 1643; x_wconf 86' lang='lat' dir='ltr'><strong>Christus</strong></span> <span class='ocrx_word' id='word_1_84' title='bbox 1395 1580 1697 1638; x_wconf 86' lang='lat' dir='ltr'><strong>mortuus</strong></span> <span class='ocrx_word' id='word_1_85' title='bbox 1754 1567 1897 1635; x_wconf 80' lang='lat' dir='ltr'><strong>est?</strong></span> <span class='ocrx_word' id='word_1_86' title='bbox 1988 1566 2103 1633; x_wconf 80' lang='lat' dir='ltr'><strong>Sic</strong></span> <span class='ocrx_word' id='word_1_87' title='bbox 2156 1571 2378 1630; x_wconf 90' lang='lat' dir='ltr'><strong>autem</strong></span> <span class='ocrx_word' id='word_1_88' title='bbox 2434 1583 2586 1647; x_wconf 89' lang='lat' dir='ltr'><strong>pec-</strong></span> 
     </span>
     <span class='ocr_line' id='line_1_14' title="bbox 638 1655 2586 1738; baseline -0.012 -3"><span class='ocrx_word' id='word_1_89' title='bbox 638 1675 859 1736; x_wconf 87' lang='lat' dir='ltr'><strong>cantes</strong></span> <span class='ocrx_word' id='word_1_90' title='bbox 893 1666 963 1729; x_wconf 91' lang='lat' dir='ltr'><strong>in</strong></span> <span class='ocrx_word' id='word_1_91' title='bbox 995 1665 1250 1738; x_wconf 86' lang='lat' dir='ltr'><strong>fratres,</strong></span> <span class='ocrx_word' id='word_1_92' title='bbox 1286 1670 1355 1725; x_wconf 93' lang='lat' dir='ltr'><strong>et</strong></span> <span class='ocrx_word' id='word_1_93' title='bbox 1382 1659 1810 1723; x_wconf 85' lang='lat' dir='ltr'><strong>vulnerantes</strong></span> <span class='ocrx_word' id='word_1_94' title='bbox 1839 1655 2136 1719; x_wconf 89' lang='lat' dir='ltr'><strong>infirmas</strong></span> <span class='ocrx_word' id='word_1_95' title='bbox 2172 1671 2402 1716; x_wconf 87' lang='lat' dir='ltr'><strong>eorum</strong></span> <span class='ocrx_word' id='word_1_96' title='bbox 2433 1670 2586 1714; x_wconf 90' lang='lat' dir='ltr'><strong>con-</strong></span> 
     </span>
     <span class='ocr_line' id='line_1_15' title="bbox 639 1735 2582 1829; baseline -0.011 -8"><span class='ocrx_word' id='word_1_97' title='bbox 639 1754 976 1829; x_wconf 80' lang='lat' dir='ltr'><strong>scientias,</strong></span> <span class='ocrx_word' id='word_1_98' title='bbox 1035 1751 1105 1814; x_wconf 89' lang='lat' dir='ltr'><strong>in</strong></span> <span class='ocrx_word' id='word_1_99' title='bbox 1149 1748 1494 1818; x_wconf 81' lang='lat' dir='ltr'><strong>Christum</strong></span> <span class='ocrx_word' id='word_1_100' title='bbox 1549 1741 1947 1824; x_wconf 86' lang='lat' dir='ltr'><strong>delinquitis.</strong></span> <span class='ocrx_word' id='word_1_101' title='bbox 2035 1739 2137 1803; x_wconf 89' lang='lat' dir='ltr'><strong>Ac</strong></span> <span class='ocrx_word' id='word_1_102' title='bbox 2191 1738 2248 1801; x_wconf 92' lang='lat' dir='ltr'><strong>si</strong></span> <span class='ocrx_word' id='word_1_103' title='bbox 2308 1735 2582 1801; x_wconf 90' lang='lat' dir='ltr'><strong>diceret:</strong></span> 
     </span>
     <span class='ocr_line' id='line_1_16' title="bbox 640 1824 2588 1921; baseline -0.011 -15"><span class='ocrx_word' id='word_1_104' title='bbox 640 1837 835 1921; x_wconf 79' lang='lat' dir='ltr'><strong>Quod</strong></span> <span class='ocrx_word' id='word_1_105' title='bbox 866 1857 1092 1903; x_wconf 89' lang='lat' dir='ltr'><strong>omnes</strong></span> <span class='ocrx_word' id='word_1_106' title='bbox 1126 1833 1424 1917; x_wconf 87' lang='lat' dir='ltr'><strong>gentium</strong></span> <span class='ocrx_word' id='word_1_107' title='bbox 1455 1829 1537 1894; x_wconf 89' lang='lat' dir='ltr'><strong>de</strong></span> <span class='ocrx_word' id='word_1_108' title='bbox 1571 1828 1696 1892; x_wconf 90' lang='lat' dir='ltr'><strong>diis</strong></span> <span class='ocrx_word' id='word_1_109' title='bbox 1728 1828 1867 1893; x_wconf 90' lang='lat' dir='ltr'><strong>suis</strong></span> <span class='ocrx_word' id='word_1_110' title='bbox 1898 1824 2374 1908; x_wconf 88' lang='lat' dir='ltr'><strong>persuasiones,</strong></span> <span class='ocrx_word' id='word_1_111' title='bbox 2411 1841 2588 1887; x_wconf 88' lang='lat' dir='ltr'><strong>vana</strong></span> 
     </span>
     <span class='ocr_line' id='line_1_17' title="bbox 638 1907 2585 1998; baseline -0.012 -5"><span class='ocrx_word' id='word_1_112' title='bbox 638 1947 782 1993; x_wconf 90' lang='grc'><strong>6886</strong></span> <span class='ocrx_word' id='word_1_113' title='bbox 822 1945 898 1989; x_wconf 90' lang='grc'><strong>66</strong></span> <span class='ocrx_word' id='word_1_114' title='bbox 940 1919 1176 1987; x_wconf 89' lang='lat' dir='ltr'><strong>frivola</strong></span> <span class='ocrx_word' id='word_1_115' title='bbox 1217 1923 1587 1983; x_wconf 89' lang='lat' dir='ltr'><strong>commenta</strong></span> <span class='ocrx_word' id='word_1_116' title='bbox 1629 1916 1736 1998; x_wconf 92' lang='lat' dir='ltr'><strong>(ut</strong></span> <span class='ocrx_word' id='word_1_117' title='bbox 1777 1934 1849 1977; x_wconf 92' lang='lat' dir='ltr'><strong>re</strong></span> <span class='ocrx_word' id='word_1_118' title='bbox 1889 1931 2048 1977; x_wconf 89' lang='lat' dir='ltr'><strong>vera</strong></span> <span class='ocrx_word' id='word_1_119' title='bbox 2088 1910 2275 1991; x_wconf 90' lang='lat' dir='ltr'><strong>sunt)</strong></span> <span class='ocrx_word' id='word_1_120' title='bbox 2326 1907 2585 1985; x_wconf 89' lang='lat' dir='ltr'><strong>ducitis,</strong></span> 
     </span>
     <span class='ocr_line' id='line_1_18' title="bbox 636 1993 2588 2087; baseline -0.011 -9"><span class='ocrx_word' id='word_1_121' title='bbox 636 2011 827 2080; x_wconf 88' lang='lat' dir='ltr'><strong>vobis</strong></span> <span class='ocrx_word' id='word_1_122' title='bbox 884 2006 952 2073; x_wconf 91' lang='lat' dir='ltr'><strong>id</strong></span> <span class='ocrx_word' id='word_1_123' title='bbox 1010 2006 1168 2071; x_wconf 89' lang='lat' dir='ltr'><strong>solis</strong></span> <span class='ocrx_word' id='word_1_124' title='bbox 1224 2021 1457 2087; x_wconf 82' lang='lat' dir='ltr'><strong>sapere</strong></span> <span class='ocrx_word' id='word_1_125' title='bbox 1501 2008 1633 2066; x_wconf 89' lang='lat' dir='ltr'><strong>est:</strong></span> <span class='ocrx_word' id='word_1_126' title='bbox 1692 1997 1865 2083; x_wconf 88' lang='lat' dir='ltr'><strong>quod</strong></span> <span class='ocrx_word' id='word_1_127' title='bbox 1921 2018 2078 2080; x_wconf 88' lang='lat' dir='ltr'><strong>prae</strong></span> <span class='ocrx_word' id='word_1_128' title='bbox 2121 1995 2308 2060; x_wconf 91' lang='lat' dir='ltr'><strong>vobis</strong></span> <span class='ocrx_word' id='word_1_129' title='bbox 2366 1993 2588 2077; x_wconf 85' lang='lat' dir='ltr'><strong>palam</strong></span> 
     </span>
     <span class='ocr_line' id='line_1_19' title="bbox 635 2080 2586 2173; baseline -0.011 -10"><span class='ocrx_word' id='word_1_130' title='bbox 635 2099 849 2173; x_wconf 85' lang='lat' dir='ltr'><strong>fertis,</strong></span> <span class='ocrx_word' id='word_1_131' title='bbox 907 2092 991 2158; x_wconf 90' lang='lat' dir='ltr'><strong>ad</strong></span> <span class='ocrx_word' id='word_1_132' title='bbox 1045 2090 1363 2156; x_wconf 81' lang='lat' dir='ltr'><strong>falsorum</strong></span> <span class='ocrx_word' id='word_1_133' title='bbox 1419 2086 1689 2152; x_wconf 92' lang='lat' dir='ltr'><strong>deorum</strong></span> <span class='ocrx_word' id='word_1_134' title='bbox 1741 2084 1992 2149; x_wconf 89' lang='lat' dir='ltr'><strong>cultum</strong></span> <span class='ocrx_word' id='word_1_135' title='bbox 2035 2080 2208 2165; x_wconf 92' lang='lat' dir='ltr'><strong>quod</strong></span> <span class='ocrx_word' id='word_1_136' title='bbox 2252 2080 2586 2162; x_wconf 89' lang='lat' dir='ltr'><strong>pertinere</strong></span> 
     </span>
     <span class='ocr_line' id='line_1_20' title="bbox 636 2164 2587 2262; baseline -0.011 -14"><span class='ocrx_word' id='word_1_137' title='bbox 636 2182 849 2250; x_wconf 89' lang='lat' dir='ltr'><strong>videri</strong></span> <span class='ocrx_word' id='word_1_138' title='bbox 883 2178 1109 2262; x_wconf 91' lang='lat' dir='ltr'><strong>possit,</strong></span> <span class='ocrx_word' id='word_1_139' title='bbox 1145 2174 1215 2239; x_wconf 91' lang='lat' dir='ltr'><strong>id</strong></span> <span class='ocrx_word' id='word_1_140' title='bbox 1239 2194 1392 2240; x_wconf 88' lang='lat' dir='ltr'><strong>vero</strong></span> <span class='ocrx_word' id='word_1_141' title='bbox 1413 2173 1624 2237; x_wconf 85' lang='lat' dir='ltr'><strong>facitis</strong></span> <span class='ocrx_word' id='word_1_142' title='bbox 1646 2170 2010 2235; x_wconf 90' lang='lat' dir='ltr'><strong>multorum</strong></span> <span class='ocrx_word' id='word_1_143' title='bbox 2041 2166 2351 2251; x_wconf 86' lang='lat' dir='ltr'><strong>perieu10.</strong></span> <span class='ocrx_word' id='word_1_144' title='bbox 2413 2164 2587 2228; x_wconf 92' lang='lat' dir='ltr'><strong>Nam</strong></span> 
     </span>
     <span class='ocr_line' id='line_1_21' title="bbox 637 2250 2584 2353; baseline -0.01 -21"><span class='ocrx_word' id='word_1_145' title='bbox 637 2270 749 2353; x_wconf 89' lang='lat' dir='ltr'><strong>qui</strong></span> <span class='ocrx_word' id='word_1_146' title='bbox 793 2262 1112 2331; x_wconf 89' lang='lat' dir='ltr'><strong>eiusmodi</strong></span> <span class='ocrx_word' id='word_1_147' title='bbox 1156 2259 1524 2345; x_wconf 87' lang='lat' dir='ltr'><strong>spectaculo</strong></span> <span class='ocrx_word' id='word_1_148' title='bbox 1567 2256 1764 2322; x_wconf 89' lang='lat' dir='ltr'><strong>rudes</strong></span> <span class='ocrx_word' id='word_1_149' title='bbox 1809 2256 2070 2332; x_wconf 88' lang='lat' dir='ltr'><strong>adsunt,</strong></span> <span class='ocrx_word' id='word_1_150' title='bbox 2126 2261 2193 2317; x_wconf 90' lang='lat' dir='ltr'><strong>et</strong></span> <span class='ocrx_word' id='word_1_151' title='bbox 2234 2250 2584 2335; x_wconf 87' lang='lat' dir='ltr'><strong>simplices,</strong></span> 
     </span>
     <span class='ocr_line' id='line_1_22' title="bbox 636 2339 2587 2439; baseline -0.01 -20"><span class='ocrx_word' id='word_1_152' title='bbox 636 2373 842 2439; x_wconf 91' lang='lat' dir='ltr'><strong>quum</strong></span> <span class='ocrx_word' id='word_1_153' title='bbox 882 2349 1179 2414; x_wconf 92' lang='lat' dir='ltr'><strong>nondum</strong></span> <span class='ocrx_word' id='word_1_154' title='bbox 1213 2354 1505 2413; x_wconf 90' lang='lat' dir='ltr'><strong>vestram</strong></span> <span class='ocrx_word' id='word_1_155' title='bbox 1545 2343 1731 2408; x_wconf 91' lang='lat' dir='ltr'><strong>illam</strong></span> <span class='ocrx_word' id='word_1_156' title='bbox 1772 2340 2190 2425; x_wconf 86' lang='lat' dir='ltr'><strong>prudentiam</strong></span> <span class='ocrx_word' id='word_1_157' title='bbox 2232 2339 2369 2402; x_wconf 89' lang='lat' dir='ltr'><strong>sint</strong></span> <span class='ocrx_word' id='word_1_158' title='bbox 2410 2354 2587 2401; x_wconf 84' lang='lat' dir='ltr'><strong>asse-</strong></span> 
     </span>
     <span class='ocr_line' id='line_1_23' title="bbox 637 2428 2587 2523; baseline -0.009 -20"><span class='ocrx_word' id='word_1_159' title='bbox 637 2438 826 2523; x_wconf 90' lang='lat' dir='ltr'><strong>quuti</strong></span> <span class='ocrx_word' id='word_1_160' title='bbox 842 2489 856 2514; x_wconf 89' lang='lat'><strong>,</strong></span> <span class='ocrx_word' id='word_1_161' title='bbox 909 2457 1041 2520; x_wconf 91' lang='lat' dir='ltr'><strong>qua</strong></span> <span class='ocrx_word' id='word_1_162' title='bbox 1095 2432 1470 2516; x_wconf 83' lang='lat' dir='ltr'><strong>intelligant</strong></span> <span class='ocrx_word' id='word_1_163' title='bbox 1524 2428 1698 2494; x_wconf 90' lang='lat' dir='ltr'><strong>idola</strong></span> <span class='ocrx_word' id='word_1_164' title='bbox 1752 2428 1922 2493; x_wconf 87' lang='lat' dir='ltr'><strong>nihil</strong></span> <span class='ocrx_word' id='word_1_165' title='bbox 1980 2446 2153 2504; x_wconf 91' lang='lat' dir='ltr'><strong>esse,</strong></span> <span class='ocrx_word' id='word_1_166' title='bbox 2200 2444 2321 2489; x_wconf 90' lang='lat' dir='ltr'><strong>vos</strong></span> <span class='ocrx_word' id='word_1_167' title='bbox 2364 2429 2587 2487; x_wconf 85' lang='lat' dir='ltr'><strong>autem</strong></span> 
     </span>
     <span class='ocr_line' id='line_1_24' title="bbox 636 2507 2588 2594; baseline -0.01 -4"><span class='ocrx_word' id='word_1_168' title='bbox 636 2524 967 2590; x_wconf 90' lang='lat' dir='ltr'><strong>idolorum</strong></span> <span class='ocrx_word' id='word_1_169' title='bbox 1021 2519 1225 2586; x_wconf 87' lang='lat' dir='ltr'><strong>sacris</strong></span> <span class='ocrx_word' id='word_1_170' title='bbox 1280 2517 1761 2583; x_wconf 89' lang='lat' dir='ltr'><strong>communicare</strong></span> <span class='ocrx_word' id='word_1_171' title='bbox 1805 2512 2100 2580; x_wconf 88' lang='lat' dir='ltr'><strong>videant:</strong></span> <span class='ocrx_word' id='word_1_172' title='bbox 2129 2512 2133 2517; x_wconf 82' lang='grc'><strong><em>’</em></strong></span> <span class='ocrx_word' id='word_1_173' title='bbox 2162 2509 2318 2594; x_wconf 89' lang='lat' dir='ltr'><strong>quid</strong></span> <span class='ocrx_word' id='word_1_174' title='bbox 2369 2507 2588 2572; x_wconf 89' lang='lat' dir='ltr'><strong>conci-</strong></span> 
     </span>
     <span class='ocr_line' id='line_1_25' title="bbox 638 2592 2587 2696; baseline -0.009 -21"><span class='ocrx_word' id='word_1_175' title='bbox 638 2631 796 2696; x_wconf 89' lang='lat' dir='ltr'><strong>pere</strong></span> <span class='ocrx_word' id='word_1_176' title='bbox 841 2606 1017 2672; x_wconf 77' lang='lat' dir='ltr'><strong>aliud</strong></span> <span class='ocrx_word' id='word_1_177' title='bbox 1060 2605 1276 2669; x_wconf 90' lang='lat' dir='ltr'><strong>animo</strong></span> <span class='ocrx_word' id='word_1_178' title='bbox 1318 2609 1622 2685; x_wconf 86' lang='lat' dir='ltr'><strong>possunt,</strong></span> <span class='ocrx_word' id='word_1_179' title='bbox 1682 2601 1811 2666; x_wconf 90' lang='lat' dir='ltr'><strong>nisi</strong></span> <span class='ocrx_word' id='word_1_180' title='bbox 1871 2604 2020 2680; x_wconf 78' lang='lat' dir='ltr'><strong>[pag.</strong></span> <span class='ocrx_word' id='word_1_181' title='bbox 2060 2602 2164 2676; x_wconf 88' lang='lat'><strong>16]</strong></span> <span class='ocrx_word' id='word_1_182' title='bbox 2211 2616 2328 2661; x_wconf 90' lang='lat' dir='ltr'><strong>vos</strong></span> <span class='ocrx_word' id='word_1_183' title='bbox 2381 2592 2587 2659; x_wconf 91' lang='lat' dir='ltr'><strong>idolo-</strong></span> 
     </span>
     <span class='ocr_line' id='line_1_26' title="bbox 635 2680 2587 2770; baseline -0.009 -9"><span class='ocrx_word' id='word_1_184' title='bbox 635 2717 789 2761; x_wconf 89' lang='lat' dir='ltr'><strong>rum</strong></span> <span class='ocrx_word' id='word_1_185' title='bbox 826 2714 968 2759; x_wconf 91' lang='lat' dir='ltr'><strong>esse</strong></span> <span class='ocrx_word' id='word_1_186' title='bbox 1010 2691 1294 2758; x_wconf 90' lang='lat' dir='ltr'><strong>cultores</strong></span> <span class='ocrx_word' id='word_1_187' title='bbox 1310 2740 1327 2768; x_wconf 92' lang='lat'><strong>,</strong></span> <span class='ocrx_word' id='word_1_188' title='bbox 1387 2709 1463 2753; x_wconf 87' lang='lat' dir='ltr'><strong>ao</strong></span> <span class='ocrx_word' id='word_1_189' title='bbox 1505 2687 1778 2770; x_wconf 85' lang='lat' dir='ltr'><strong>proinde</strong></span> <span class='ocrx_word' id='word_1_190' title='bbox 1824 2691 2049 2751; x_wconf 89' lang='lat' dir='ltr'><strong>vestro</strong></span> <span class='ocrx_word' id='word_1_191' title='bbox 2090 2680 2390 2767; x_wconf 82' lang='lat' dir='ltr'><strong>exemplo</strong></span> <span class='ocrx_word' id='word_1_192' title='bbox 2433 2701 2587 2745; x_wconf 89' lang='lat' dir='ltr'><strong>con-</strong></span> 
     </span>
     <span class='ocr_line' id='line_1_27' title="bbox 634 2766 2589 2859; baseline -0.01 -11"><span class='ocrx_word' id='word_1_193' title='bbox 634 2780 889 2848; x_wconf 83' lang='lat' dir='ltr'><strong>fimari</strong></span> <span class='ocrx_word' id='word_1_194' title='bbox 932 2777 1016 2842; x_wconf 89' lang='lat' dir='ltr'><strong>ad</strong></span> <span class='ocrx_word' id='word_1_195' title='bbox 1067 2774 1137 2841; x_wconf 92' lang='lat' dir='ltr'><strong>id</strong></span> <span class='ocrx_word' id='word_1_196' title='bbox 1179 2772 1721 2859; x_wconf 87' lang='lat' dir='ltr'><strong>perpetrandum,</strong></span> <span class='ocrx_word' id='word_1_197' title='bbox 1781 2768 1953 2854; x_wconf 88' lang='lat' dir='ltr'><strong>quod</strong></span> <span class='ocrx_word' id='word_1_198' title='bbox 2008 2766 2411 2835; x_wconf 87' lang='lat' dir='ltr'><strong>conscientia</strong></span> <span class='ocrx_word' id='word_1_199' title='bbox 2463 2785 2589 2830; x_wconf 90' lang='grc'><strong>8116</strong></span> 
     </span>
     <span class='ocr_line' id='line_1_28' title="bbox 636 2852 2588 2941; baseline -0.009 -8"><span class='ocrx_word' id='word_1_200' title='bbox 636 2865 855 2933; x_wconf 83' lang='grc'><strong>11111166</strong></span> <span class='ocrx_word' id='word_1_201' title='bbox 897 2864 1285 2929; x_wconf 82' lang='grc'><strong>(161116611161</strong></span> <span class='ocrx_word' id='word_1_202' title='bbox 1326 2859 1655 2926; x_wconf 79' lang='lat' dir='ltr'><strong>habeant?</strong></span> <span class='ocrx_word' id='word_1_203' title='bbox 1723 2857 1945 2941; x_wconf 74' lang='lat' dir='ltr'><strong>Quare</strong></span> <span class='ocrx_word' id='word_1_204' title='bbox 1986 2855 2188 2933; x_wconf 90' lang='lat' dir='ltr'><strong>illam,</strong></span> <span class='ocrx_word' id='word_1_205' title='bbox 2231 2874 2431 2936; x_wconf 91' lang='lat' dir='ltr'><strong>quam</strong></span> <span class='ocrx_word' id='word_1_206' title='bbox 2473 2852 2588 2917; x_wconf 92' lang='lat' dir='ltr'><strong>ob-</strong></span> 
     </span>
     <span class='ocr_line' id='line_1_29' title="bbox 636 2938 2588 3033; baseline -0.009 -15"><span class='ocrx_word' id='word_1_207' title='bbox 636 2950 938 3030; x_wconf 87' lang='lat' dir='ltr'><strong>tenditis,</strong></span> <span class='ocrx_word' id='word_1_208' title='bbox 982 2947 1403 3033; x_wconf 71' lang='lat' dir='ltr'><strong>prudentiam</strong></span> <span class='ocrx_word' id='word_1_209' title='bbox 1446 2945 1615 3009; x_wconf 92' lang='lat' dir='ltr'><strong>nihil</strong></span> <span class='ocrx_word' id='word_1_210' title='bbox 1657 2964 1906 3010; x_wconf 86' lang='lat' dir='ltr'><strong>moror:</strong></span> <span class='ocrx_word' id='word_1_211' title='bbox 1967 2961 2133 3025; x_wconf 88' lang='lat' dir='ltr'><strong>quae</strong></span> <span class='ocrx_word' id='word_1_212' title='bbox 2178 2947 2253 3005; x_wconf 92' lang='lat' dir='ltr'><strong>ut</strong></span> <span class='ocrx_word' id='word_1_213' title='bbox 2295 2938 2588 3021; x_wconf 89' lang='lat' dir='ltr'><strong>captiosa</strong></span> 
     </span>
     <span class='ocr_line' id='line_1_30' title="bbox 636 3023 2586 3115; baseline -0.009 -10"><span class='ocrx_word' id='word_1_214' title='bbox 636 3047 739 3106; x_wconf 87' lang='lat' dir='ltr'><strong>est</strong></span> <span class='ocrx_word' id='word_1_215' title='bbox 778 3036 1121 3113; x_wconf 87' lang='lat' dir='ltr'><strong>fratribus,</strong></span> <span class='ocrx_word' id='word_1_216' title='bbox 1166 3032 1563 3115; x_wconf 87' lang='lat' dir='ltr'><strong>errandique</strong></span> <span class='ocrx_word' id='word_1_217' title='bbox 1605 3030 1950 3097; x_wconf 88' lang='lat' dir='ltr'><strong>materiam</strong></span> <span class='ocrx_word' id='word_1_218' title='bbox 1993 3025 2290 3111; x_wconf 90' lang='lat' dir='ltr'><strong>praebet,</strong></span> <span class='ocrx_word' id='word_1_219' title='bbox 2347 3026 2442 3089; x_wconf 89' lang='lat' dir='ltr'><strong>ita</strong></span> <span class='ocrx_word' id='word_1_220' title='bbox 2482 3023 2586 3087; x_wconf 91' lang='grc'><strong>16-</strong></span> 
     </span>
     <span class='ocr_line' id='line_1_31' title="bbox 637 3109 2587 3209; baseline -0.008 -20"><span class='ocrx_word' id='word_1_221' title='bbox 637 3125 843 3209; x_wconf 79' lang='lat' dir='ltr'><strong>digna</strong></span> <span class='ocrx_word' id='word_1_222' title='bbox 883 3130 985 3188; x_wconf 92' lang='lat' dir='ltr'><strong>est</strong></span> <span class='ocrx_word' id='word_1_223' title='bbox 1027 3120 1403 3186; x_wconf 87' lang='lat' dir='ltr'><strong>hominibus</strong></span> <span class='ocrx_word' id='word_1_224' title='bbox 1447 3118 1842 3185; x_wconf 89' lang='lat' dir='ltr'><strong>christianis.</strong></span> <span class='ocrx_word' id='word_1_225' title='bbox 1922 3113 2106 3197; x_wconf 74' lang='lat' dir='ltr'><strong>Quin</strong></span> <span class='ocrx_word' id='word_1_226' title='bbox 2148 3111 2265 3177; x_wconf 90' lang='lat' dir='ltr'><strong>illa</strong></span> <span class='ocrx_word' id='word_1_227' title='bbox 2307 3132 2472 3196; x_wconf 89' lang='lat' dir='ltr'><strong>quae</strong></span> <span class='ocrx_word' id='word_1_228' title='bbox 2505 3109 2587 3174; x_wconf 90' lang='lat' dir='ltr'><strong>ab</strong></span> 
     </span>
     <span class='ocr_line' id='line_1_32' title="bbox 634 3197 2588 3276; baseline -0.008 0"><span class='ocrx_word' id='word_1_229' title='bbox 634 3210 915 3276; x_wconf 87' lang='lat' dir='ltr'><strong>indoctis</strong></span> <span class='ocrx_word' id='word_1_230' title='bbox 971 3207 1055 3272; x_wconf 88' lang='lat' dir='ltr'><strong>ad</strong></span> <span class='ocrx_word' id='word_1_231' title='bbox 1108 3206 1540 3271; x_wconf 90' lang='lat' dir='ltr'><strong>imitationem</strong></span> <span class='ocrx_word' id='word_1_232' title='bbox 1594 3210 1886 3269; x_wconf 88' lang='lat' dir='ltr'><strong>vestram</strong></span> <span class='ocrx_word' id='word_1_233' title='bbox 1945 3198 2410 3275; x_wconf 82' lang='lat' dir='ltr'><strong>committitur,</strong></span> <span class='ocrx_word' id='word_1_234' title='bbox 2460 3197 2588 3261; x_wconf 89' lang='lat' dir='ltr'><strong>im-</strong></span> 
     </span>
     <span class='ocr_line' id='line_1_33' title="bbox 635 3282 2588 3380; baseline -0.008 -18"><span class='ocrx_word' id='word_1_235' title='bbox 635 3299 867 3380; x_wconf 87' lang='lat' dir='ltr'><strong>pietas,</strong></span> <span class='ocrx_word' id='word_1_236' title='bbox 912 3292 1174 3377; x_wconf 90' lang='lat' dir='ltr'><strong>quando</strong></span> <span class='ocrx_word' id='word_1_237' title='bbox 1205 3300 1428 3357; x_wconf 88' lang='lat' dir='ltr'><strong>vestra</strong></span> <span class='ocrx_word' id='word_1_238' title='bbox 1467 3289 1663 3371; x_wconf 74' lang='grc'><strong>6111116</strong></span> <span class='ocrx_word' id='word_1_239' title='bbox 1707 3285 2138 3362; x_wconf 88' lang='lat' dir='ltr'><strong>contrahitur,</strong></span> <span class='ocrx_word' id='word_1_240' title='bbox 2177 3282 2361 3350; x_wconf 86' lang='lat' dir='ltr'><strong>vobis</strong></span> <span class='ocrx_word' id='word_1_241' title='bbox 2397 3303 2588 3366; x_wconf 88' lang='lat' dir='ltr'><strong>prae-</strong></span> 
     </span>
     <span class='ocr_line' id='line_1_34' title="bbox 636 3371 2591 3460; baseline -0.008 -12"><span class='ocrx_word' id='word_1_242' title='bbox 636 3381 875 3448; x_wconf 89' lang='lat' dir='ltr'><strong>standa</strong></span> <span class='ocrx_word' id='word_1_243' title='bbox 917 3387 1033 3444; x_wconf 91' lang='lat' dir='ltr'><strong>est.</strong></span> <span class='ocrx_word' id='word_1_244' title='bbox 1102 3378 1249 3442; x_wconf 87' lang='lat' dir='ltr'><strong>Iam</strong></span> <span class='ocrx_word' id='word_1_245' title='bbox 1292 3396 1451 3460; x_wconf 89' lang='lat' dir='ltr'><strong>ergo</strong></span> <span class='ocrx_word' id='word_1_246' title='bbox 1494 3376 1656 3441; x_wconf 88' lang='lat' dir='ltr'><strong>satis</strong></span> <span class='ocrx_word' id='word_1_247' title='bbox 1696 3374 2118 3456; x_wconf 89' lang='lat' dir='ltr'><strong>perspicuum</strong></span> <span class='ocrx_word' id='word_1_248' title='bbox 2160 3377 2279 3449; x_wconf 88' lang='lat' dir='ltr'><strong>est,</strong></span> <span class='ocrx_word' id='word_1_249' title='bbox 2325 3371 2591 3434; x_wconf 91' lang='lat' dir='ltr'><strong>tametsi</strong></span> 
     </span>
     <span class='ocr_line' id='line_1_35' title="bbox 636 3460 2588 3552; baseline -0.008 -19"><span class='ocrx_word' id='word_1_250' title='bbox 636 3467 898 3552; x_wconf 90' lang='lat' dir='ltr'><strong>publico</strong></span> <span class='ocrx_word' id='word_1_251' title='bbox 938 3460 1341 3548; x_wconf 87' lang='lat' dir='ltr'><strong>profitendae</strong></span> <span class='ocrx_word' id='word_1_252' title='bbox 1372 3461 1706 3544; x_wconf 87' lang='lat' dir='ltr'><strong>religionis</strong></span> <span class='ocrx_word' id='word_1_253' title='bbox 1739 3478 2011 3524; x_wconf 88' lang='lat' dir='ltr'><strong>munere</strong></span> <span class='ocrx_word' id='word_1_254' title='bbox 2043 3475 2178 3521; x_wconf 90' lang='lat' dir='ltr'><strong>non</strong></span> <span class='ocrx_word' id='word_1_255' title='bbox 2213 3476 2441 3521; x_wconf 86' lang='lat' dir='ltr'><strong>omnes</strong></span> <span class='ocrx_word' id='word_1_256' title='bbox 2474 3475 2588 3538; x_wconf 83' lang='lat' dir='ltr'><strong>pa-</strong></span> 
     </span>
     <span class='ocr_line' id='line_1_36' title="bbox 638 3544 2590 3631; baseline -0.006 -13"><span class='ocrx_word' id='word_1_257' title='bbox 638 3555 805 3618; x_wconf 89' lang='lat' dir='ltr'><strong>riter</strong></span> <span class='ocrx_word' id='word_1_258' title='bbox 841 3549 1208 3616; x_wconf 79' lang='lat' dir='ltr'><strong>Christiani</strong></span> <span class='ocrx_word' id='word_1_259' title='bbox 1241 3547 1512 3631; x_wconf 86' lang='lat' dir='ltr'><strong>defungi</strong></span> <span class='ocrx_word' id='word_1_260' title='bbox 1542 3566 1810 3611; x_wconf 86' lang='lat' dir='ltr'><strong>necesse</strong></span> <span class='ocrx_word' id='word_1_261' title='bbox 1842 3544 2142 3622; x_wconf 86' lang='lat' dir='ltr'><strong>habeant,</strong></span> <span class='ocrx_word' id='word_1_262' title='bbox 2187 3563 2329 3608; x_wconf 92' lang='lat' dir='ltr'><strong>esse</strong></span> <span class='ocrx_word' id='word_1_263' title='bbox 2365 3549 2590 3606; x_wconf 92' lang='lat' dir='ltr'><strong>tamen</strong></span> 
     </span>
     <span class='ocr_line' id='line_1_37' title="bbox 638 3627 2590 3724; baseline -0.006 -20"><span class='ocrx_word' id='word_1_264' title='bbox 638 3641 964 3724; x_wconf 84' lang='lat' dir='ltr'><strong>privatam</strong></span> <span class='ocrx_word' id='word_1_265' title='bbox 1008 3633 1338 3719; x_wconf 88' lang='lat' dir='ltr'><strong>quandam</strong></span> <span class='ocrx_word' id='word_1_266' title='bbox 1377 3633 1868 3710; x_wconf 87' lang='lat' dir='ltr'><strong>confessionem,</strong></span> <span class='ocrx_word' id='word_1_267' title='bbox 1913 3649 2082 3714; x_wconf 88' lang='lat' dir='ltr'><strong>quae</strong></span> <span class='ocrx_word' id='word_1_268' title='bbox 2114 3649 2155 3692; x_wconf 91' lang='lat' dir='ltr'><strong>a</strong></span> <span class='ocrx_word' id='word_1_269' title='bbox 2185 3627 2465 3712; x_wconf 87' lang='lat' dir='ltr'><strong>singulis</strong></span> <span class='ocrx_word' id='word_1_270' title='bbox 2497 3629 2590 3694; x_wconf 91' lang='lat' dir='ltr'><strong>ci-</strong></span> 
     </span>
     <span class='ocr_line' id='line_1_38' title="bbox 645 3715 2591 3805; baseline -0.005 -16"><span class='ocrx_word' id='word_1_271' title='bbox 645 3732 754 3789; x_wconf 88' lang='lat' dir='ltr'><strong>tra</strong></span> <span class='ocrx_word' id='word_1_272' title='bbox 811 3723 1264 3805; x_wconf 86' lang='lat' dir='ltr'><strong>exceptionem</strong></span> <span class='ocrx_word' id='word_1_273' title='bbox 1325 3718 1718 3801; x_wconf 87' lang='lat' dir='ltr'><strong>postuletur:</strong></span> <span class='ocrx_word' id='word_1_274' title='bbox 1777 3738 1943 3800; x_wconf 86' lang='lat' dir='ltr'><strong>quae</strong></span> <span class='ocrx_word' id='word_1_275' title='bbox 1995 3715 2173 3779; x_wconf 88' lang='lat' dir='ltr'><strong>intra</strong></span> <span class='ocrx_word' id='word_1_276' title='bbox 2226 3735 2390 3797; x_wconf 90' lang='lat' dir='ltr'><strong>quos</strong></span> <span class='ocrx_word' id='word_1_277' title='bbox 2436 3734 2591 3780; x_wconf 89' lang='lat' dir='ltr'><strong>con·</strong></span> 
     </span>
     <span class='ocr_line' id='line_1_39' title="bbox 638 3800 2591 3888; baseline -0.007 -11"><span class='ocrx_word' id='word_1_278' title='bbox 638 3813 871 3877; x_wconf 89' lang='lat' dir='ltr'><strong>sistere</strong></span> <span class='ocrx_word' id='word_1_279' title='bbox 914 3810 1081 3873; x_wconf 91' lang='lat' dir='ltr'><strong>fines</strong></span> <span class='ocrx_word' id='word_1_280' title='bbox 1104 3804 1355 3888; x_wconf 75' lang='lat' dir='ltr'><strong>debeat,</strong></span> <span class='ocrx_word' id='word_1_281' title='bbox 1402 3804 1587 3869; x_wconf 91' lang='lat' dir='ltr'><strong>nullo</strong></span> <span class='ocrx_word' id='word_1_282' title='bbox 1615 3802 1805 3868; x_wconf 91' lang='lat' dir='ltr'><strong>modo</strong></span> <span class='ocrx_word' id='word_1_283' title='bbox 1832 3802 2104 3868; x_wconf 89' lang='lat' dir='ltr'><strong>definire</strong></span> <span class='ocrx_word' id='word_1_284' title='bbox 2139 3801 2310 3865; x_wconf 89' lang='lat' dir='ltr'><strong>licet.</strong></span> <span class='ocrx_word' id='word_1_285' title='bbox 2378 3800 2591 3883; x_wconf 89' lang='lat' dir='ltr'><strong>Prop-</strong></span> 
     </span>
     <span class='ocr_line' id='line_1_40' title="bbox 639 3885 2591 3977; baseline -0.006 -16"><span class='ocrx_word' id='word_1_286' title='bbox 639 3907 820 3961; x_wconf 89' lang='lat' dir='ltr'><strong>terea</strong></span> <span class='ocrx_word' id='word_1_287' title='bbox 838 3893 1010 3977; x_wconf 90' lang='lat' dir='ltr'><strong>quod</strong></span> <span class='ocrx_word' id='word_1_288' title='bbox 1044 3912 1165 3957; x_wconf 89' lang='lat' dir='ltr'><strong>nee</strong></span> <span class='ocrx_word' id='word_1_289' title='bbox 1198 3890 1426 3956; x_wconf 89' lang='lat' dir='ltr'><strong>eadem</strong></span> <span class='ocrx_word' id='word_1_290' title='bbox 1458 3911 1685 3955; x_wconf 88' lang='lat' dir='ltr'><strong>omncs</strong></span> <span class='ocrx_word' id='word_1_291' title='bbox 1719 3888 1803 3954; x_wconf 93' lang='lat' dir='ltr'><strong>ad</strong></span> <span class='ocrx_word' id='word_1_292' title='bbox 1837 3891 2050 3973; x_wconf 86' lang='lat' dir='ltr'><strong>ipsam</strong></span> <span class='ocrx_word' id='word_1_293' title='bbox 2083 3885 2406 3952; x_wconf 83' lang='lat' dir='ltr'><strong>edendam</strong></span> <span class='ocrx_word' id='word_1_294' title='bbox 2440 3908 2591 3970; x_wconf 80' lang='lat' dir='ltr'><strong>gra-</strong></span> 
     </span>
     <span class='ocr_line' id='line_1_41' title="bbox 639 3971 2591 4064; baseline -0.005 -17"><span class='ocrx_word' id='word_1_295' title='bbox 639 3983 736 4047; x_wconf 89' lang='lat' dir='ltr'><strong>tia</strong></span> <span class='ocrx_word' id='word_1_296' title='bbox 779 3978 1058 4064; x_wconf 85' lang='lat' dir='ltr'><strong>praediti</strong></span> <span class='ocrx_word' id='word_1_297' title='bbox 1098 3984 1270 4055; x_wconf 91' lang='lat' dir='ltr'><strong>sunt,</strong></span> <span class='ocrx_word' id='word_1_298' title='bbox 1315 3983 1384 4041; x_wconf 89' lang='lat' dir='ltr'><strong>et</strong></span> <span class='ocrx_word' id='word_1_299' title='bbox 1426 3978 1567 4042; x_wconf 91' lang='lat' dir='ltr'><strong>eius</strong></span> <span class='ocrx_word' id='word_1_300' title='bbox 1609 3976 1777 4064; x_wconf 81' lang='lat' dir='ltr'><strong>ratio</strong></span> <span class='ocrx_word' id='word_1_301' title='bbox 1820 3975 1992 4040; x_wconf 91' lang='lat' dir='ltr'><strong>bona</strong></span> <span class='ocrx_word' id='word_1_302' title='bbox 2034 3995 2118 4038; x_wconf 80' lang='lat' dir='ltr'><strong>ex</strong></span> <span class='ocrx_word' id='word_1_303' title='bbox 2152 3979 2337 4056; x_wconf 87' lang='lat' dir='ltr'><strong>parte</strong></span> <span class='ocrx_word' id='word_1_304' title='bbox 2370 3971 2451 4037; x_wconf 91' lang='lat' dir='ltr'><strong>ab</strong></span> <span class='ocrx_word' id='word_1_305' title='bbox 2484 3994 2591 4038; x_wconf 90' lang='lat' dir='ltr'><strong>oo-</strong></span> 
     </span>
     <span class='ocr_line' id='line_1_42' title="bbox 642 4057 2591 4148; baseline -0.004 -16"><span class='ocrx_word' id='word_1_306' title='bbox 642 4067 1016 4133; x_wconf 90' lang='lat' dir='ltr'><strong>casionibus</strong></span> <span class='ocrx_word' id='word_1_307' title='bbox 1056 4063 1320 4148; x_wconf 87' lang='lat' dir='ltr'><strong>pendet,</strong></span> <span class='ocrx_word' id='word_1_308' title='bbox 1366 4083 1533 4145; x_wconf 92' lang='lat' dir='ltr'><strong>quae</strong></span> <span class='ocrx_word' id='word_1_309' title='bbox 1576 4082 1708 4126; x_wconf 92' lang='lat' dir='ltr'><strong>non</strong></span> <span class='ocrx_word' id='word_1_310' title='bbox 1752 4061 2059 4126; x_wconf 91' lang='lat' dir='ltr'><strong>omnibus</strong></span> <span class='ocrx_word' id='word_1_311' title='bbox 2103 4057 2350 4124; x_wconf 84' lang='lat' dir='ltr'><strong>similes</strong></span> <span class='ocrx_word' id='word_1_312' title='bbox 2392 4057 2591 4124; x_wconf 88' lang='lat' dir='ltr'><strong>obve-</strong></span> 
     </span>
     <span class='ocr_line' id='line_1_43' title="bbox 642 4144 2593 4232; baseline -0.005 -13"><span class='ocrx_word' id='word_1_313' title='bbox 642 4154 864 4219; x_wconf 89' lang='lat' dir='ltr'><strong>niunt:</strong></span> <span class='ocrx_word' id='word_1_314' title='bbox 920 4159 1191 4216; x_wconf 87' lang='lat' dir='ltr'><strong>eatenus</strong></span> <span class='ocrx_word' id='word_1_315' title='bbox 1248 4156 1425 4214; x_wconf 90' lang='lat' dir='ltr'><strong>certe</strong></span> <span class='ocrx_word' id='word_1_316' title='bbox 1477 4147 1784 4232; x_wconf 86' lang='lat' dir='ltr'><strong>progredi</strong></span> <span class='ocrx_word' id='word_1_317' title='bbox 1827 4147 2047 4225; x_wconf 84' lang='lat' dir='ltr'><strong>debet,</strong></span> <span class='ocrx_word' id='word_1_318' title='bbox 2107 4166 2195 4210; x_wconf 89' lang='grc'><strong>66</strong></span> <span class='ocrx_word' id='word_1_319' title='bbox 2237 4144 2397 4227; x_wconf 90' lang='lat' dir='ltr'><strong>quid</strong></span> <span class='ocrx_word' id='word_1_320' title='bbox 2438 4145 2593 4210; x_wconf 88' lang='lat' dir='ltr'><strong>fidei</strong></span> 
     </span>
     <span class='ocr_line' id='line_1_44' title="bbox 640 4233 2592 4320; baseline -0.005 -15"><span class='ocrx_word' id='word_1_321' title='bbox 640 4240 921 4306; x_wconf 87' lang='lat' dir='ltr'><strong>veritate</strong></span> <span class='ocrx_word' id='word_1_322' title='bbox 963 4234 1338 4320; x_wconf 88' lang='lat' dir='ltr'><strong>indignum,</strong></span> <span class='ocrx_word' id='word_1_323' title='bbox 1395 4256 1479 4299; x_wconf 89' lang='lat' dir='ltr'><strong>ne</strong></span> <span class='ocrx_word' id='word_1_324' title='bbox 1522 4233 1679 4316; x_wconf 89' lang='lat' dir='ltr'><strong>quid</strong></span> <span class='ocrx_word' id='word_1_325' title='bbox 1735 4233 2071 4318; x_wconf 89' lang='lat' dir='ltr'><strong>religionis</strong></span> <span class='ocrx_word' id='word_1_326' title='bbox 2115 4239 2379 4296; x_wconf 85' lang='lat' dir='ltr'><strong>nostrae</strong></span> <span class='ocrx_word' id='word_1_327' title='bbox 2420 4234 2592 4296; x_wconf 88' lang='lat' dir='ltr'><strong>inte-</strong></span> 
     </span>
     <span class='ocr_line' id='line_1_45' title="bbox 641 4317 2594 4410; baseline -0.003 -21"><span class='ocrx_word' id='word_1_328' title='bbox 641 4325 883 4410; x_wconf 88' lang='lat' dir='ltr'><strong>gritate</strong></span> <span class='ocrx_word' id='word_1_329' title='bbox 923 4322 1231 4399; x_wconf 89' lang='lat' dir='ltr'><strong>alienum,</strong></span> <span class='ocrx_word' id='word_1_330' title='bbox 1277 4342 1318 4385; x_wconf 93' lang='lat' dir='ltr'><strong>a</strong></span> <span class='ocrx_word' id='word_1_331' title='bbox 1361 4319 1549 4386; x_wconf 90' lang='lat' dir='ltr'><strong>nobis</strong></span> <span class='ocrx_word' id='word_1_332' title='bbox 1581 4320 1689 4385; x_wconf 89' lang='lat' dir='ltr'><strong>vel</strong></span> <span class='ocrx_word' id='word_1_333' title='bbox 1734 4319 2009 4396; x_wconf 91' lang='lat' dir='ltr'><strong>dicatur,</strong></span> <span class='ocrx_word' id='word_1_334' title='bbox 2055 4317 2165 4383; x_wconf 91' lang='lat' dir='ltr'><strong>vel</strong></span> <span class='ocrx_word' id='word_1_335' title='bbox 2205 4317 2337 4382; x_wconf 88' lang='lat' dir='ltr'><strong>fiat.</strong></span> <span class='ocrx_word' id='word_1_336' title='bbox 2423 4318 2594 4384; x_wconf 85' lang='lat' dir='ltr'><strong>Eius</strong></span> 
     </span>
     <span class='ocr_line' id='line_1_46' title="bbox 640 4404 2594 4490; baseline -0.004 -14"><span class='ocrx_word' id='word_1_337' title='bbox 640 4409 1063 4478; x_wconf 85' lang='lat' dir='ltr'><strong>confessionis</strong></span> <span class='ocrx_word' id='word_1_338' title='bbox 1107 4405 1440 4490; x_wconf 86' lang='lat' dir='ltr'><strong>exempla,</strong></span> <span class='ocrx_word' id='word_1_339' title='bbox 1496 4413 1818 4488; x_wconf 90' lang='lat' dir='ltr'><strong>quantum</strong></span> <span class='ocrx_word' id='word_1_340' title='bbox 1862 4405 2181 4470; x_wconf 89' lang='lat' dir='ltr'><strong>coniicere</strong></span> <span class='ocrx_word' id='word_1_341' title='bbox 2224 4404 2466 4487; x_wconf 85' lang='lat' dir='ltr'><strong>partim</strong></span> <span class='ocrx_word' id='word_1_342' title='bbox 2509 4426 2594 4469; x_wconf 84' lang='grc'><strong>611</strong></span> 
     </span>
     <span class='ocr_line' id='line_1_47' title="bbox 641 4489 2594 4580; baseline -0.003 -19"><span class='ocrx_word' id='word_1_343' title='bbox 641 4495 1085 4580; x_wconf 90' lang='lat' dir='ltr'><strong>apostolorum</strong></span> <span class='ocrx_word' id='word_1_344' title='bbox 1116 4492 1395 4574; x_wconf 85' lang='lat' dir='ltr'><strong>scriptis,</strong></span> <span class='ocrx_word' id='word_1_345' title='bbox 1430 4492 1671 4574; x_wconf 90' lang='lat' dir='ltr'><strong>partim</strong></span> <span class='ocrx_word' id='word_1_346' title='bbox 1704 4513 1788 4556; x_wconf 84' lang='lat' dir='ltr'><strong>ex</strong></span> <span class='ocrx_word' id='word_1_347' title='bbox 1807 4491 2087 4559; x_wconf 85' lang='lat' dir='ltr'><strong>vetustis</strong></span> <span class='ocrx_word' id='word_1_348' title='bbox 2120 4489 2410 4555; x_wconf 88' lang='lat' dir='ltr'><strong>historiis</strong></span> <span class='ocrx_word' id='word_1_349' title='bbox 2442 4511 2594 4573; x_wconf 87' lang='lat' dir='ltr'><strong>pos-</strong></span> 
     </span>
     <span class='ocr_line' id='line_1_48' title="bbox 643 4575 2595 4661; baseline -0.004 -13"><span class='ocrx_word' id='word_1_350' title='bbox 643 4604 890 4659; x_wconf 91' lang='lat' dir='ltr'><strong>sumus,</strong></span> <span class='ocrx_word' id='word_1_351' title='bbox 935 4580 1006 4644; x_wconf 91' lang='lat' dir='ltr'><strong>in</strong></span> <span class='ocrx_word' id='word_1_352' title='bbox 1046 4579 1276 4661; x_wconf 90' lang='lat' dir='ltr'><strong>primis</strong></span> <span class='ocrx_word' id='word_1_353' title='bbox 1317 4577 1447 4642; x_wconf 91' lang='lat' dir='ltr'><strong>illis</strong></span> <span class='ocrx_word' id='word_1_354' title='bbox 1485 4577 1652 4643; x_wconf 92' lang='lat' dir='ltr'><strong>bene</strong></span> <span class='ocrx_word' id='word_1_355' title='bbox 1694 4578 2017 4643; x_wconf 88' lang='lat' dir='ltr'><strong>institutis</strong></span> <span class='ocrx_word' id='word_1_356' title='bbox 2057 4595 2135 4642; x_wconf 88' lang='lat' dir='ltr'><strong>ac</strong></span> <span class='ocrx_word' id='word_1_357' title='bbox 2174 4575 2447 4641; x_wconf 90' lang='lat' dir='ltr'><strong>moratis</strong></span> <span class='ocrx_word' id='word_1_358' title='bbox 2491 4598 2595 4641; x_wconf 90' lang='lat' dir='ltr'><strong>ec—</strong></span> 
     </span>
     <span class='ocr_line' id='line_1_49' title="bbox 641 4661 2597 4749; baseline -0.004 -14"><span class='ocrx_word' id='word_1_359' title='bbox 641 4668 858 4736; x_wconf 86' lang='lat' dir='ltr'><strong>clesiis</strong></span> <span class='ocrx_word' id='word_1_360' title='bbox 901 4664 1234 4749; x_wconf 85' lang='lat' dir='ltr'><strong>praeclare</strong></span> <span class='ocrx_word' id='word_1_361' title='bbox 1276 4663 1638 4729; x_wconf 87' lang='lat' dir='ltr'><strong>elucebant.</strong></span> <span class='ocrx_word' id='word_1_362' title='bbox 1728 4665 1903 4729; x_wconf 89' lang='lat' dir='ltr'><strong>Nam</strong></span> <span class='ocrx_word' id='word_1_363' title='bbox 1957 4670 2034 4728; x_wconf 86' lang='lat' dir='ltr'><strong>ut</strong></span> <span class='ocrx_word' id='word_1_364' title='bbox 2092 4682 2229 4726; x_wconf 91' lang='lat' dir='ltr'><strong>non</strong></span> <span class='ocrx_word' id='word_1_365' title='bbox 2282 4661 2345 4726; x_wconf 95' lang='lat' dir='ltr'><strong>le</strong></span> <span class='ocrx_word' id='word_1_366' title='bbox 2485 4669 2597 4728; x_wconf 90' lang='lat' dir='ltr'><strong>tur</strong></span> 
     </span>
     <span class='ocr_line' id='line_1_50' title="bbox 641 4748 2598 4833; baseline -0.003 -13"><span class='ocrx_word' id='word_1_367' title='bbox 641 4756 784 4821; x_wconf 90' lang='lat' dir='ltr'><strong>eius</strong></span> <span class='ocrx_word' id='word_1_368' title='bbox 839 4751 1083 4818; x_wconf 89' lang='lat' dir='ltr'><strong>saeculi</strong></span> <span class='ocrx_word' id='word_1_369' title='bbox 1134 4748 1363 4814; x_wconf 87' lang='lat' dir='ltr'><strong>fideles</strong></span> <span class='ocrx_word' id='word_1_370' title='bbox 1416 4751 1484 4812; x_wconf 92' lang='lat' dir='ltr'><strong>in</strong></span> <span class='ocrx_word' id='word_1_371' title='bbox 1527 4750 1653 4816; x_wconf 89' lang='lat' dir='ltr'><strong>viis</strong></span> <span class='ocrx_word' id='word_1_372' title='bbox 1710 4771 1786 4816; x_wconf 91' lang='lat' dir='ltr'><strong>ac</strong></span> <span class='ocrx_word' id='word_1_373' title='bbox 1827 4749 1987 4815; x_wconf 90' lang='lat' dir='ltr'><strong>locis</strong></span> <span class='ocrx_word' id='word_1_374' title='bbox 2029 4748 2308 4833; x_wconf 90' lang='lat' dir='ltr'><strong>publicis</strong></span> <span class='ocrx_word' id='word_1_375' title='bbox 2394 4770 2430 4814; x_wconf 93' lang='lat' dir='ltr'><strong>e</strong></span> <span class='ocrx_word' id='word_1_376' title='bbox 2473 4771 2598 4814; x_wconf 89' lang='lat' dir='ltr'><strong>sua</strong></span> 
     </span>
     <span class='ocr_line' id='line_1_51' title="bbox 643 4834 2597 4924; baseline -0.003 -18"><span class='ocrx_word' id='word_1_377' title='bbox 643 4840 961 4924; x_wconf 86' lang='lat' dir='ltr'><strong>religione</strong></span> <span class='ocrx_word' id='word_1_378' title='bbox 1005 4834 1485 4902; x_wconf 88' lang='lat' dir='ltr'><strong>declamitasse:</strong></span> <span class='ocrx_word' id='word_1_379' title='bbox 1533 4843 1610 4901; x_wconf 93' lang='lat' dir='ltr'><strong>ut</strong></span> <span class='ocrx_word' id='word_1_380' title='bbox 1651 4840 1849 4902; x_wconf 86' lang='lat' dir='ltr'><strong>etiam</strong></span> <span class='ocrx_word' id='word_1_381' title='bbox 1882 4835 2296 4901; x_wconf 87' lang='lat' dir='ltr'><strong>Christianos</strong></span> <span class='ocrx_word' id='word_1_382' title='bbox 2339 4856 2409 4900; x_wconf 93' lang='lat' dir='ltr'><strong>se</strong></span> <span class='ocrx_word' id='word_1_383' title='bbox 2452 4856 2597 4900; x_wconf 88' lang='lat' dir='ltr'><strong>esse</strong></span> 
     </span>
     <span class='ocr_line' id='line_1_52' title="bbox 644 4920 2597 5007; baseline -0.003 -16"><span class='ocrx_word' id='word_1_384' title='bbox 644 4924 1089 4992; x_wconf 81' lang='lat' dir='ltr'><strong>dissimulasse</strong></span> <span class='ocrx_word' id='word_1_385' title='bbox 1132 4942 1350 4988; x_wconf 90' lang='lat' dir='ltr'><strong>coram</strong></span> <span class='ocrx_word' id='word_1_386' title='bbox 1392 4922 1492 5001; x_wconf 90' lang='lat' dir='ltr'><strong>iis,</strong></span> <span class='ocrx_word' id='word_1_387' title='bbox 1538 4924 1772 5005; x_wconf 88' lang='lat' dir='ltr'><strong>quibus</strong></span> <span class='ocrx_word' id='word_1_388' title='bbox 1815 4922 2113 5007; x_wconf 87' lang='lat' dir='ltr'><strong>evulgari</strong></span> <span class='ocrx_word' id='word_1_389' title='bbox 2154 4920 2597 5004; x_wconf 88' lang='lat' dir='ltr'><strong>periculosum</strong></span> 
     </span>
     <span class='ocr_line' id='line_1_53' title="bbox 644 5006 2595 5094; baseline -0.003 -18"><span class='ocrx_word' id='word_1_390' title='bbox 644 5021 834 5090; x_wconf 88' lang='lat' dir='ltr'><strong>esset,</strong></span> <span class='ocrx_word' id='word_1_391' title='bbox 880 5010 1218 5094; x_wconf 84' lang='lat' dir='ltr'><strong>leguntur:</strong></span> <span class='ocrx_word' id='word_1_392' title='bbox 1279 5008 1374 5072; x_wconf 89' lang='lat' dir='ltr'><strong>ita</strong></span> <span class='ocrx_word' id='word_1_393' title='bbox 1428 5028 1562 5072; x_wconf 91' lang='lat' dir='ltr'><strong>non</strong></span> <span class='ocrx_word' id='word_1_394' title='bbox 1608 5010 1862 5072; x_wconf 90' lang='lat' dir='ltr'><strong>minore</strong></span> <span class='ocrx_word' id='word_1_395' title='bbox 1907 5007 2123 5073; x_wconf 88' lang='lat' dir='ltr'><strong>studio</strong></span> <span class='ocrx_word' id='word_1_396' title='bbox 2171 5028 2437 5072; x_wconf 91' lang='lat' dir='ltr'><strong>rursum</strong></span> <span class='ocrx_word' id='word_1_397' title='bbox 2480 5006 2595 5072; x_wconf 94' lang='lat' dir='ltr'><strong>ob-</strong></span> 
     </span>
     <span class='ocr_line' id='line_1_54' title="bbox 645 5092 2594 5178; baseline -0.002 -16"><span class='ocrx_word' id='word_1_398' title='bbox 645 5097 1025 5174; x_wconf 83' lang='lat' dir='ltr'><strong>servabant,</strong></span> <span class='ocrx_word' id='word_1_399' title='bbox 1083 5116 1167 5160; x_wconf 91' lang='lat' dir='ltr'><strong>ne</strong></span> <span class='ocrx_word' id='word_1_400' title='bbox 1209 5093 1317 5159; x_wconf 91' lang='lat' dir='ltr'><strong>vel</strong></span> <span class='ocrx_word' id='word_1_401' title='bbox 1371 5092 1687 5159; x_wconf 88' lang='lat' dir='ltr'><strong>adversus</strong></span> <span class='ocrx_word' id='word_1_402' title='bbox 1744 5115 1933 5158; x_wconf 91' lang='lat' dir='ltr'><strong>suam</strong></span> <span class='ocrx_word' id='word_1_403' title='bbox 1972 5093 2362 5178; x_wconf 87' lang='lat' dir='ltr'><strong>religionem</strong></span> <span class='ocrx_word' id='word_1_404' title='bbox 2407 5092 2594 5176; x_wconf 90' lang='lat' dir='ltr'><strong>quid-</strong></span> 
     </span>
     <span class='ocr_line' id='line_1_55' title="bbox 645 5179 2596 5265; baseline -0.002 -18"><span class='ocrx_word' id='word_1_405' title='bbox 645 5203 843 5265; x_wconf 90' lang='lat' dir='ltr'><strong>quam</strong></span> <span class='ocrx_word' id='word_1_406' title='bbox 875 5182 1316 5265; x_wconf 86' lang='lat' dir='ltr'><strong>designarent,</strong></span> <span class='ocrx_word' id='word_1_407' title='bbox 1350 5179 1456 5244; x_wconf 91' lang='lat' dir='ltr'><strong>vel</strong></span> <span class='ocrx_word' id='word_1_408' title='bbox 1494 5179 1654 5245; x_wconf 85' lang='lat' dir='ltr'><strong>alios</strong></span> <span class='ocrx_word' id='word_1_409' title='bbox 1697 5179 2085 5245; x_wconf 88' lang='lat' dir='ltr'><strong>simularent</strong></span> <span class='ocrx_word' id='word_1_410' title='bbox 2110 5201 2181 5245; x_wconf 93' lang='lat' dir='ltr'><strong>se</strong></span> <span class='ocrx_word' id='word_1_411' title='bbox 2219 5201 2361 5245; x_wconf 90' lang='lat' dir='ltr'><strong>esse</strong></span> <span class='ocrx_word' id='word_1_412' title='bbox 2396 5200 2596 5262; x_wconf 87' lang='lat' dir='ltr'><strong>quam</strong></span> 
     </span>
     <span class='ocr_line' id='line_1_56' title="bbox 644 5265 2596 5348; baseline -0.002 -14"><span class='ocrx_word' id='word_1_413' title='bbox 644 5267 1076 5334; x_wconf 86' lang='lat' dir='ltr'><strong>Christianos.</strong></span> <span class='ocrx_word' id='word_1_414' title='bbox 1166 5267 1256 5331; x_wconf 85' lang='lat' dir='ltr'><strong>Et</strong></span> <span class='ocrx_word' id='word_1_415' title='bbox 1299 5286 1457 5331; x_wconf 90' lang='grc'><strong>8666</strong></span> <span class='ocrx_word' id='word_1_416' title='bbox 1501 5285 1627 5348; x_wconf 90' lang='lat' dir='ltr'><strong>quo</strong></span> <span class='ocrx_word' id='word_1_417' title='bbox 1672 5286 1945 5333; x_wconf 92' lang='lat' dir='ltr'><strong>numero</strong></span> <span class='ocrx_word' id='word_1_418' title='bbox 1987 5266 2231 5331; x_wconf 90' lang='lat' dir='ltr'><strong>habeat</strong></span> <span class='ocrx_word' id='word_1_419' title='bbox 2267 5265 2596 5331; x_wconf 90' lang='lat' dir='ltr'><strong>Dominus</strong></span> 
     </span>
     <span class='ocr_line' id='line_1_57' title="bbox 644 5351 2596 5437; baseline -0.001 -17"><span class='ocrx_word' id='word_1_420' title='bbox 644 5376 784 5434; x_wconf 91' lang='grc'><strong>668,</strong></span> <span class='ocrx_word' id='word_1_421' title='bbox 838 5354 951 5437; x_wconf 90' lang='lat' dir='ltr'><strong>qui</strong></span> <span class='ocrx_word' id='word_1_422' title='bbox 991 5352 1191 5418; x_wconf 88' lang='lat' dir='ltr'><strong>fidem</strong></span> <span class='ocrx_word' id='word_1_423' title='bbox 1232 5351 1412 5418; x_wconf 91' lang='lat' dir='ltr'><strong>omni</strong></span> <span class='ocrx_word' id='word_1_424' title='bbox 1455 5352 1858 5418; x_wconf 85' lang='lat' dir='ltr'><strong>confessione</strong></span> <span class='ocrx_word' id='word_1_425' title='bbox 1900 5371 2177 5418; x_wconf 85' lang='lat' dir='ltr'><strong>vacuam</strong></span> <span class='ocrx_word' id='word_1_426' title='bbox 2218 5352 2401 5419; x_wconf 90' lang='lat' dir='ltr'><strong>intus</strong></span> <span class='ocrx_word' id='word_1_427' title='bbox 2439 5373 2596 5419; x_wconf 91' lang='lat' dir='ltr'><strong>con-</strong></span> 
     </span>
    </p>
   </div>
   <div class='ocr_carea' id='block_1_3' title="bbox 2356 431 2921 501">
    <p class='ocr_par' dir='ltr' id='par_1_3' title="bbox 2356 431 2921 501">
     <span class='ocr_line' id='line_1_58' title="bbox 2356 431 2921 501; baseline 0 -2"><span class='ocrx_word' id='word_1_428' title='bbox 2356 431 2825 501; x_wconf 78' lang='lat' dir='ltr'><strong>EPIS&#39;roLA</strong></span> <span class='ocrx_word' id='word_1_429' title='bbox 2867 436 2921 500; x_wconf 90' lang='grc' dir='ltr'><strong>Ι.</strong></span> 
     </span>
    </p>
   </div>
   <div class='ocr_carea' id='block_1_4' title="bbox 4524 436 4652 499">
    <p class='ocr_par' dir='ltr' id='par_1_4' title="bbox 4524 436 4652 499">
     <span class='ocr_line' id='line_1_59' title="bbox 4524 436 4652 499; baseline 0.008 -1"><span class='ocrx_word' id='word_1_430' title='bbox 4524 436 4652 499; x_wconf 79' lang='lat'><strong>252</strong></span> 
     </span>
    </p>
   </div>
   <div class='ocr_carea' id='block_1_5' title="bbox 2688 621 4698 5437">
    <p class='ocr_par' dir='ltr' id='par_1_5' title="bbox 2688 621 4698 5437">
     <span class='ocr_line' id='line_1_60' title="bbox 2693 621 4651 707; baseline 0 -18"><span class='ocrx_word' id='word_1_431' title='bbox 2693 625 2926 703; x_wconf 89' lang='lat' dir='ltr'><strong>tinent,</strong></span> <span class='ocrx_word' id='word_1_432' title='bbox 2972 623 3500 690; x_wconf 88' lang='lat' dir='ltr'><strong>animadvertere</strong></span> <span class='ocrx_word' id='word_1_433' title='bbox 3543 643 3629 687; x_wconf 82' lang='lat' dir='ltr'><strong>ex</strong></span> <span class='ocrx_word' id='word_1_434' title='bbox 3671 623 3883 707; x_wconf 86' lang='lat' dir='ltr'><strong>elogio</strong></span> <span class='ocrx_word' id='word_1_435' title='bbox 3924 621 4099 701; x_wconf 87' lang='lat' dir='ltr'><strong>licet,</strong></span> <span class='ocrx_word' id='word_1_436' title='bbox 4143 643 4271 706; x_wconf 89' lang='lat' dir='ltr'><strong>quo</strong></span> <span class='ocrx_word' id='word_1_437' title='bbox 4315 623 4397 689; x_wconf 88' lang='lat' dir='ltr'><strong>ab</strong></span> <span class='ocrx_word' id='word_1_438' title='bbox 4444 642 4651 689; x_wconf 85' lang='lat' dir='ltr'><strong>evan-</strong></span> 
     </span>
     <span class='ocr_line' id='line_1_61' title="bbox 2693 707 4649 794; baseline 0 -19"><span class='ocrx_word' id='word_1_439' title='bbox 2693 711 2926 794; x_wconf 88' lang='lat' dir='ltr'><strong>gelista</strong></span> <span class='ocrx_word' id='word_1_440' title='bbox 2957 708 3446 775; x_wconf 88' lang='lat' dir='ltr'><strong>describuntur:</strong></span> <span class='ocrx_word' id='word_1_441' title='bbox 3493 707 3709 787; x_wconf 83' lang='lat' dir='ltr'><strong>Multi,</strong></span> <span class='ocrx_word' id='word_1_442' title='bbox 3743 708 3962 790; x_wconf 88' lang='lat' dir='ltr'><strong>inquit</strong></span> <span class='ocrx_word' id='word_1_443' title='bbox 3995 708 4250 791; x_wconf 87' lang='lat' dir='ltr'><strong>(Ioann.</strong></span> <span class='ocrx_word' id='word_1_444' title='bbox 4284 712 4382 788; x_wconf 87' lang='lat'><strong>12,</strong></span> <span class='ocrx_word' id='word_1_445' title='bbox 4405 709 4539 792; x_wconf 84' lang='lat'><strong>42),</strong></span> <span class='ocrx_word' id='word_1_446' title='bbox 4562 732 4649 775; x_wconf 85' lang='lat' dir='ltr'><strong>ex</strong></span> 
     </span>
     <span class='ocr_line' id='line_1_62' title="bbox 2694 792 4649 880; baseline -0.001 -19"><span class='ocrx_word' id='word_1_447' title='bbox 2694 797 3094 880; x_wconf 89' lang='lat' dir='ltr'><strong>principibus</strong></span> <span class='ocrx_word' id='word_1_448' title='bbox 3138 792 3557 860; x_wconf 85' lang='lat' dir='ltr'><strong>crediderunt</strong></span> <span class='ocrx_word' id='word_1_449' title='bbox 3597 795 3671 858; x_wconf 92' lang='lat' dir='ltr'><strong>in</strong></span> <span class='ocrx_word' id='word_1_450' title='bbox 3716 815 3885 871; x_wconf 91' lang='lat' dir='ltr'><strong>eum,</strong></span> <span class='ocrx_word' id='word_1_451' title='bbox 3931 793 4048 858; x_wconf 91' lang='lat' dir='ltr'><strong>sed</strong></span> <span class='ocrx_word' id='word_1_452' title='bbox 4092 803 4361 878; x_wconf 89' lang='lat' dir='ltr'><strong>propter</strong></span> <span class='ocrx_word' id='word_1_453' title='bbox 4403 794 4649 860; x_wconf 88' lang='lat' dir='ltr'><strong>Phari-</strong></span> 
     </span>
     <span class='ocr_line' id='line_1_63' title="bbox 2692 880 4535 966; baseline -0.001 -18"><span class='ocrx_word' id='word_1_454' title='bbox 2692 903 2877 948; x_wconf 90' lang='lat' dir='ltr'><strong>saeos</strong></span> <span class='ocrx_word' id='word_1_455' title='bbox 2919 903 3053 947; x_wconf 94' lang='lat' dir='ltr'><strong>non</strong></span> <span class='ocrx_word' id='word_1_456' title='bbox 3099 880 3592 958; x_wconf 87' lang='lat' dir='ltr'><strong>confitebantur,</strong></span> <span class='ocrx_word' id='word_1_457' title='bbox 3638 901 3723 943; x_wconf 89' lang='lat' dir='ltr'><strong>ne</strong></span> <span class='ocrx_word' id='word_1_458' title='bbox 3769 880 4164 944; x_wconf 86' lang='lat' dir='ltr'><strong>eiicerentur</strong></span> <span class='ocrx_word' id='word_1_459' title='bbox 4205 901 4243 945; x_wconf 90' lang='grc'><strong>6</strong></span> <span class='ocrx_word' id='word_1_460' title='bbox 4286 901 4535 966; x_wconf 81' lang='lat' dir='ltr'><strong>synago</strong></span> 
     </span>
     <span class='ocr_line' id='line_1_64' title="bbox 2691 965 4644 1051; baseline -0.001 -17"><span class='ocrx_word' id='word_1_461' title='bbox 2691 969 3090 1033; x_wconf 82' lang='lat' dir='ltr'><strong>Dilexerunt</strong></span> <span class='ocrx_word' id='word_1_462' title='bbox 3120 966 3298 1032; x_wconf 91' lang='lat' dir='ltr'><strong>enim</strong></span> <span class='ocrx_word' id='word_1_463' title='bbox 3329 966 3541 1049; x_wconf 89' lang='lat' dir='ltr'><strong>magis</strong></span> <span class='ocrx_word' id='word_1_464' title='bbox 3572 965 3854 1049; x_wconf 87' lang='lat' dir='ltr'><strong>gloriam</strong></span> <span class='ocrx_word' id='word_1_465' title='bbox 3885 965 4246 1045; x_wconf 88' lang='lat' dir='ltr'><strong>hominum,</strong></span> <span class='ocrx_word' id='word_1_466' title='bbox 4282 987 4481 1049; x_wconf 90' lang='lat' dir='ltr'><strong>quam</strong></span> <span class='ocrx_word' id='word_1_467' title='bbox 4503 989 4548 1051; x_wconf 88' lang='lat' dir='ltr'><strong>g</strong></span> <span class='ocrx_word' id='word_1_468' title='bbox 4572 988 4644 1032; x_wconf 88' lang='lat' dir='ltr'><strong>o-</strong></span> 
     </span>
     <span class='ocr_line' id='line_1_65' title="bbox 2690 1050 4646 1135; baseline 0.001 -17"><span class='ocrx_word' id='word_1_469' title='bbox 2690 1055 2859 1119; x_wconf 90' lang='lat' dir='ltr'><strong>riam</strong></span> <span class='ocrx_word' id='word_1_470' title='bbox 2897 1055 3042 1119; x_wconf 92' lang='lat' dir='ltr'><strong>Dei.</strong></span> <span class='ocrx_word' id='word_1_471' title='bbox 3134 1051 3195 1119; x_wconf 90' lang='lat' dir='ltr'>O</span> <span class='ocrx_word' id='word_1_472' title='bbox 3242 1050 3868 1135; x_wconf 84' lang='lat' dir='ltr'><strong>exitialem&#39;gloriae</strong></span> <span class='ocrx_word' id='word_1_473' title='bbox 3911 1053 4389 1134; x_wconf 80' lang='lat' dir='ltr'><strong>appetentiam!</strong></span> <span class='ocrx_word' id='word_1_474' title='bbox 4468 1053 4646 1119; x_wconf 88' lang='lat' dir='ltr'><strong>Nam</strong></span> 
     </span>
     <span class='ocr_line' id='line_1_66' title="bbox 2691 1136 4698 1222; baseline -0.001 -16"><span class='ocrx_word' id='word_1_475' title='bbox 2691 1141 2750 1206; x_wconf 92' lang='lat' dir='ltr'><strong>si</strong></span> <span class='ocrx_word' id='word_1_476' title='bbox 2795 1139 2878 1205; x_wconf 89' lang='lat' dir='ltr'><strong>ab</strong></span> <span class='ocrx_word' id='word_1_477' title='bbox 2922 1140 3268 1205; x_wconf 90' lang='lat' dir='ltr'><strong>hominum</strong></span> <span class='ocrx_word' id='word_1_478' title='bbox 3310 1137 3566 1220; x_wconf 87' lang='lat' dir='ltr'><strong>probris</strong></span> <span class='ocrx_word' id='word_1_479' title='bbox 3610 1136 4012 1219; x_wconf 87' lang='lat' dir='ltr'><strong>auspicanda</strong></span> <span class='ocrx_word' id='word_1_480' title='bbox 4043 1145 4144 1202; x_wconf 88' lang='lat' dir='ltr'><strong>est</strong></span> <span class='ocrx_word' id='word_1_481' title='bbox 4175 1138 4402 1222; x_wconf 88' lang='lat' dir='ltr'><strong>gloria,</strong></span> <span class='ocrx_word' id='word_1_482' title='bbox 4446 1159 4645 1222; x_wconf 90' lang='lat' dir='ltr'><strong>quam</strong></span> <span class='ocrx_word' id='word_1_483' title='bbox 4693 1182 4698 1185; x_wconf 22' lang='grc' dir='ltr'><strong>Δ</strong></span> 
     </span>
     <span class='ocr_line' id='line_1_67' title="bbox 2691 1222 4645 1309; baseline -0.001 -18"><span class='ocrx_word' id='word_1_484' title='bbox 2691 1225 2866 1309; x_wconf 87' lang='lat' dir='ltr'><strong>apud</strong></span> <span class='ocrx_word' id='word_1_485' title='bbox 2908 1227 3126 1291; x_wconf 87' lang='lat' dir='ltr'><strong>Deum</strong></span> <span class='ocrx_word' id='word_1_486' title='bbox 3170 1233 3656 1306; x_wconf 80' lang='lat' dir='ltr'><strong>exspectamus,</strong></span> <span class='ocrx_word' id='word_1_487' title='bbox 3704 1222 3862 1305; x_wconf 88' lang='lat' dir='ltr'><strong>quid</strong></span> <span class='ocrx_word' id='word_1_488' title='bbox 3904 1223 3986 1288; x_wconf 89' lang='lat' dir='ltr'><strong>iis</strong></span> <span class='ocrx_word' id='word_1_489' title='bbox 4028 1224 4325 1289; x_wconf 87' lang='lat' dir='ltr'><strong>futurum</strong></span> <span class='ocrx_word' id='word_1_490' title='bbox 4367 1232 4487 1302; x_wconf 89' lang='lat' dir='ltr'><strong>est,</strong></span> <span class='ocrx_word' id='word_1_491' title='bbox 4527 1226 4645 1308; x_wconf 90' lang='lat' dir='ltr'><strong>qui</strong></span> 
     </span>
     <span class='ocr_line' id='line_1_68' title="bbox 2691 1308 4643 1394; baseline -0.001 -17"><span class='ocrx_word' id='word_1_492' title='bbox 2691 1313 3036 1377; x_wconf 92' lang='lat' dir='ltr'><strong>hominum</strong></span> <span class='ocrx_word' id='word_1_493' title='bbox 3093 1333 3163 1377; x_wconf 88' lang='lat' dir='ltr'><strong>se</strong></span> <span class='ocrx_word' id='word_1_494' title='bbox 3216 1331 3414 1394; x_wconf 90' lang='lat' dir='ltr'><strong>quam</strong></span> <span class='ocrx_word' id='word_1_495' title='bbox 3457 1308 3589 1372; x_wconf 91' lang='lat' dir='ltr'><strong>Dei</strong></span> <span class='ocrx_word' id='word_1_496' title='bbox 3644 1308 3885 1374; x_wconf 90' lang='lat' dir='ltr'><strong>iudicio</strong></span> <span class='ocrx_word' id='word_1_497' title='bbox 3941 1310 4301 1392; x_wconf 88' lang='lat' dir='ltr'><strong>approbare</strong></span> <span class='ocrx_word' id='word_1_498' title='bbox 4341 1310 4643 1375; x_wconf 78' lang='lat' dir='ltr'><strong>malunt?</strong></span> 
     </span>
     <span class='ocr_line' id='line_1_69' title="bbox 2691 1395 4647 1477; baseline -0.002 -13"><span class='ocrx_word' id='word_1_499' title='bbox 2691 1399 2784 1464; x_wconf 89' lang='lat' dir='ltr'><strong>Et</strong></span> <span class='ocrx_word' id='word_1_500' title='bbox 2827 1399 2883 1464; x_wconf 91' lang='lat' dir='ltr'><strong>si</strong></span> <span class='ocrx_word' id='word_1_501' title='bbox 2915 1397 3187 1462; x_wconf 90' lang='lat' dir='ltr'><strong>Domini</strong></span> <span class='ocrx_word' id='word_1_502' title='bbox 3230 1396 3559 1462; x_wconf 89' lang='lat' dir='ltr'><strong>sententia</strong></span> <span class='ocrx_word' id='word_1_503' title='bbox 3591 1395 4097 1477; x_wconf 88' lang='lat' dir='ltr'><strong>pronunciatum</strong></span> <span class='ocrx_word' id='word_1_504' title='bbox 4131 1406 4249 1475; x_wconf 89' lang='lat' dir='ltr'><strong>est,</strong></span> <span class='ocrx_word' id='word_1_505' title='bbox 4296 1417 4408 1462; x_wconf 90' lang='lat' dir='ltr'><strong>eos</strong></span> <span class='ocrx_word' id='word_1_506' title='bbox 4440 1397 4512 1462; x_wconf 90' lang='lat' dir='ltr'><strong>in</strong></span> <span class='ocrx_word' id='word_1_507' title='bbox 4539 1398 4647 1461; x_wconf 82' lang='lat' dir='ltr'><strong>fu-</strong></span> 
     </span>
     <span class='ocr_line' id='line_1_70' title="bbox 2691 1479 4646 1565; baseline -0.001 -17"><span class='ocrx_word' id='word_1_508' title='bbox 2691 1492 2916 1549; x_wconf 87' lang='lat' dir='ltr'><strong>turum</strong></span> <span class='ocrx_word' id='word_1_509' title='bbox 2959 1482 3288 1549; x_wconf 90' lang='lat' dir='ltr'><strong>saeculum</strong></span> <span class='ocrx_word' id='word_1_510' title='bbox 3337 1481 3628 1545; x_wconf 87' lang='lat' dir='ltr'><strong>animam</strong></span> <span class='ocrx_word' id='word_1_511' title='bbox 3675 1501 3862 1544; x_wconf 91' lang='lat' dir='ltr'><strong>suam</strong></span> <span class='ocrx_word' id='word_1_512' title='bbox 3898 1479 4202 1563; x_wconf 82' lang='lat' dir='ltr'><strong>perdere,</strong></span> <span class='ocrx_word' id='word_1_513' title='bbox 4250 1484 4366 1565; x_wconf 89' lang='lat' dir='ltr'><strong>qui</strong></span> <span class='ocrx_word' id='word_1_514' title='bbox 4407 1484 4478 1547; x_wconf 90' lang='lat' dir='ltr'><strong>in</strong></span> <span class='ocrx_word' id='word_1_515' title='bbox 4519 1481 4646 1547; x_wconf 89' lang='lat' dir='ltr'><strong>hoo</strong></span> 
     </span>
     <span class='ocr_line' id='line_1_71' title="bbox 2692 1566 4643 1651; baseline -0.001 -16"><span class='ocrx_word' id='word_1_516' title='bbox 2692 1571 2943 1636; x_wconf 90' lang='lat' dir='ltr'><strong>salvam</strong></span> <span class='ocrx_word' id='word_1_517' title='bbox 3006 1570 3248 1635; x_wconf 88' lang='lat' dir='ltr'><strong>habere</strong></span> <span class='ocrx_word' id='word_1_518' title='bbox 3290 1567 3498 1633; x_wconf 92' lang='lat' dir='ltr'><strong>velint</strong></span> <span class='ocrx_word' id='word_1_519' title='bbox 3550 1566 3823 1650; x_wconf 87' lang='lat' dir='ltr'><strong>(Matth.</strong></span> <span class='ocrx_word' id='word_1_520' title='bbox 3880 1572 3975 1645; x_wconf 81' lang='lat'><strong>10,</strong></span> <span class='ocrx_word' id='word_1_521' title='bbox 4022 1570 4131 1646; x_wconf 86' lang='lat'><strong>39;</strong></span> <span class='ocrx_word' id='word_1_522' title='bbox 4177 1568 4340 1635; x_wconf 89' lang='lat' dir='ltr'><strong>Luc.</strong></span> <span class='ocrx_word' id='word_1_523' title='bbox 4391 1573 4449 1648; x_wconf 91' lang='grc'><strong>9,</strong></span> <span class='ocrx_word' id='word_1_524' title='bbox 4496 1570 4643 1651; x_wconf 83' lang='lat'>24):</span> 
     </span>
     <span class='ocr_line' id='line_1_72' title="bbox 2691 1651 4645 1740; baseline -0.002 -19"><span class='ocrx_word' id='word_1_525' title='bbox 2691 1663 2936 1740; x_wconf 91' lang='lat' dir='ltr'><strong>quanto</strong></span> <span class='ocrx_word' id='word_1_526' title='bbox 2975 1655 3045 1719; x_wconf 90' lang='lat' dir='ltr'><strong>id</strong></span> <span class='ocrx_word' id='word_1_527' title='bbox 3089 1656 3159 1718; x_wconf 86' lang='lat' dir='ltr'><strong>in</strong></span> <span class='ocrx_word' id='word_1_528' title='bbox 3204 1653 3482 1738; x_wconf 87' lang='lat' dir='ltr'><strong>gloriam</strong></span> <span class='ocrx_word' id='word_1_529' title='bbox 3525 1651 3702 1717; x_wconf 90' lang='grc'><strong>661111</strong></span> <span class='ocrx_word' id='word_1_530' title='bbox 3756 1653 3999 1735; x_wconf 90' lang='lat' dir='ltr'><strong>aptius,</strong></span> <span class='ocrx_word' id='word_1_531' title='bbox 4059 1654 4245 1719; x_wconf 86' lang='lat' dir='ltr'><strong>cuius</strong></span> <span class='ocrx_word' id='word_1_532' title='bbox 4301 1655 4495 1738; x_wconf 91' lang='lat' dir='ltr'><strong>longe</strong></span> <span class='ocrx_word' id='word_1_533' title='bbox 4553 1655 4645 1719; x_wconf 87' lang='lat' dir='ltr'><strong>sit</strong></span> 
     </span>
     <span class='ocr_line' id='line_1_73' title="bbox 2688 1736 4645 1824; baseline -0.001 -17"><span class='ocrx_word' id='word_1_534' title='bbox 2688 1742 2942 1808; x_wconf 88' lang='lat' dir='ltr'><strong>facilior</strong></span> <span class='ocrx_word' id='word_1_535' title='bbox 2972 1762 3169 1824; x_wconf 87' lang='lat' dir='ltr'><strong>quam</strong></span> <span class='ocrx_word' id='word_1_536' title='bbox 3190 1740 3366 1804; x_wconf 85' lang='lat' dir='ltr'><strong>vitae</strong></span> <span class='ocrx_word' id='word_1_537' title='bbox 3409 1736 3705 1802; x_wconf 80' lang='lat' dir='ltr'><strong>iactura?</strong></span> <span class='ocrx_word' id='word_1_538' title='bbox 3774 1739 3984 1803; x_wconf 90' lang='lat' dir='ltr'><strong>Porro</strong></span> <span class='ocrx_word' id='word_1_539' title='bbox 4029 1740 4086 1803; x_wconf 91' lang='lat' dir='ltr'><strong>si</strong></span> <span class='ocrx_word' id='word_1_540' title='bbox 4130 1740 4213 1804; x_wconf 91' lang='lat' dir='ltr'><strong>ab</strong></span> <span class='ocrx_word' id='word_1_541' title='bbox 4254 1740 4336 1806; x_wconf 88' lang='lat' dir='ltr'><strong>iis</strong></span> <span class='ocrx_word' id='word_1_542' title='bbox 4380 1762 4450 1806; x_wconf 88' lang='lat' dir='ltr'><strong>se</strong></span> <span class='ocrx_word' id='word_1_543' title='bbox 4471 1739 4645 1805; x_wconf 89' lang='lat' dir='ltr'><strong>velle</strong></span> 
     </span>
     <span class='ocr_line' id='line_1_74' title="bbox 2691 1824 4644 1908; baseline -0.001 -15"><span class='ocrx_word' id='word_1_544' title='bbox 2691 1828 3086 1893; x_wconf 85' lang='lat' dir='ltr'><strong>sanctificari</strong></span> <span class='ocrx_word' id='word_1_545' title='bbox 3118 1825 3486 1891; x_wconf 68' lang='lat' dir='ltr'><strong>declaravit·</strong></span> <span class='ocrx_word' id='word_1_546' title='bbox 3510 1824 3665 1907; x_wconf 93' lang='lat' dir='ltr'><strong>(Ies.</strong></span> <span class='ocrx_word' id='word_1_547' title='bbox 3704 1828 3762 1902; x_wconf 89' lang='grc'><strong>8,</strong></span> <span class='ocrx_word' id='word_1_548' title='bbox 3811 1827 3934 1908; x_wconf 82' lang='lat'><strong>13),</strong></span> <span class='ocrx_word' id='word_1_549' title='bbox 3968 1825 4206 1906; x_wconf 88' lang='lat' dir='ltr'><strong>quibus</strong></span> <span class='ocrx_word' id='word_1_550' title='bbox 4244 1846 4316 1890; x_wconf 93' lang='lat' dir='ltr'><strong>se</strong></span> <span class='ocrx_word' id='word_1_551' title='bbox 4350 1826 4420 1891; x_wconf 90' lang='lat' dir='ltr'><strong>in</strong></span> <span class='ocrx_word' id='word_1_552' title='bbox 4456 1846 4644 1892; x_wconf 89' lang='lat' dir='ltr'><strong>sane-</strong></span> 
     </span>
     <span class='ocr_line' id='line_1_75' title="bbox 2691 1909 4643 1995; baseline -0.001 -17"><span class='ocrx_word' id='word_1_553' title='bbox 2691 1914 3117 1979; x_wconf 87' lang='lat' dir='ltr'><strong>tificationem</strong></span> <span class='ocrx_word' id='word_1_554' title='bbox 3169 1911 3516 1994; x_wconf 85' lang='lat' dir='ltr'><strong>pollicetur</strong></span> <span class='ocrx_word' id='word_1_555' title='bbox 3559 1910 3885 1974; x_wconf 82' lang='lat' dir='ltr'><strong>futurum:</strong></span> <span class='ocrx_word' id='word_1_556' title='bbox 3940 1909 4098 1992; x_wconf 92' lang='lat' dir='ltr'><strong>quid</strong></span> <span class='ocrx_word' id='word_1_557' title='bbox 4143 1911 4223 1975; x_wconf 90' lang='lat' dir='ltr'><strong>de</strong></span> <span class='ocrx_word' id='word_1_558' title='bbox 4264 1932 4334 1975; x_wconf 90' lang='grc'><strong>86</strong></span> <span class='ocrx_word' id='word_1_559' title='bbox 4378 1932 4643 1995; x_wconf 88' lang='lat' dir='ltr'><strong>sperare</strong></span> 
     </span>
     <span class='ocr_line' id='line_1_76' title="bbox 2690 1995 4640 2082; baseline -0.002 -17"><span class='ocrx_word' id='word_1_560' title='bbox 2690 2002 2928 2078; x_wconf 89' lang='lat' dir='ltr'><strong>ausint,</strong></span> <span class='ocrx_word' id='word_1_561' title='bbox 2966 2000 3077 2082; x_wconf 90' lang='grc'><strong>11111</strong></span> <span class='ocrx_word' id='word_1_562' title='bbox 3113 1998 3253 2063; x_wconf 90' lang='grc'><strong>61118</strong></span> <span class='ocrx_word' id='word_1_563' title='bbox 3284 2017 3423 2060; x_wconf 90' lang='grc'><strong>11611</strong></span> <span class='ocrx_word' id='word_1_564' title='bbox 3458 1996 3626 2060; x_wconf 87' lang='grc'><strong>16611</strong></span> <span class='ocrx_word' id='word_1_565' title='bbox 3654 1995 4013 2078; x_wconf 88' lang='lat' dir='ltr'><strong>dignantur</strong></span> <span class='ocrx_word' id='word_1_566' title='bbox 4034 1998 4640 2076; x_wconf 80' lang='lat' dir='ltr'><strong>sanctificationem,</strong></span> 
     </span>
     <span class='ocr_line' id='line_1_77' title="bbox 2690 2081 4643 2169; baseline -0.002 -18"><span class='ocrx_word' id='word_1_567' title='bbox 2690 2107 2891 2169; x_wconf 89' lang='lat' dir='ltr'><strong>quam</strong></span> <span class='ocrx_word' id='word_1_568' title='bbox 2925 2085 3025 2150; x_wconf 89' lang='lat' dir='ltr'><strong>vel</strong></span> <span class='ocrx_word' id='word_1_569' title='bbox 3073 2088 3222 2163; x_wconf 78' lang='lat' dir='ltr'><strong>[pag.</strong></span> <span class='ocrx_word' id='word_1_570' title='bbox 3266 2086 3369 2160; x_wconf 86' lang='grc'><strong>17]</strong></span> <span class='ocrx_word' id='word_1_571' title='bbox 3414 2081 3725 2147; x_wconf 89' lang='lat' dir='ltr'><strong>mediocri</strong></span> <span class='ocrx_word' id='word_1_572' title='bbox 3769 2081 4093 2164; x_wconf 91' lang='lat' dir='ltr'><strong>opinionis</strong></span> <span class='ocrx_word' id='word_1_573' title='bbox 4138 2104 4292 2148; x_wconf 89' lang='lat' dir='ltr'><strong>suae</strong></span> <span class='ocrx_word' id='word_1_574' title='bbox 4333 2084 4643 2148; x_wconf 91' lang='lat' dir='ltr'><strong>imminu·</strong></span> 
     </span>
     <span class='ocr_line' id='line_1_78' title="bbox 2691 2166 4646 2248; baseline -0.002 -11"><span class='ocrx_word' id='word_1_575' title='bbox 2691 2172 2868 2237; x_wconf 87' lang='lat' dir='ltr'><strong>tione</strong></span> <span class='ocrx_word' id='word_1_576' title='bbox 2910 2168 3284 2235; x_wconf 80' lang='lat' dir='ltr'><strong>redimant?</strong></span> <span class='ocrx_word' id='word_1_577' title='bbox 3376 2166 3572 2248; x_wconf 79' lang='lat' dir='ltr'><strong>Quod</strong></span> <span class='ocrx_word' id='word_1_578' title='bbox 3617 2187 3773 2233; x_wconf 90' lang='lat' dir='ltr'><strong>vero</strong></span> <span class='ocrx_word' id='word_1_579' title='bbox 3817 2167 3898 2232; x_wconf 91' lang='lat' dir='ltr'><strong>de</strong></span> <span class='ocrx_word' id='word_1_580' title='bbox 3941 2167 4065 2234; x_wconf 86' lang='grc'><strong>1166</strong></span> <span class='ocrx_word' id='word_1_581' title='bbox 4105 2169 4512 2235; x_wconf 85' lang='lat' dir='ltr'><strong>confessione</strong></span> <span class='ocrx_word' id='word_1_582' title='bbox 4557 2168 4646 2234; x_wconf 87' lang='lat' dir='ltr'><strong>ad</strong></span> 
     </span>
     <span class='ocr_line' id='line_1_79' title="bbox 2690 2253 4646 2341; baseline -0.002 -19"><span class='ocrx_word' id='word_1_583' title='bbox 2690 2265 3102 2341; x_wconf 86' lang='lat' dir='ltr'><strong>praesentem</strong></span> <span class='ocrx_word' id='word_1_584' title='bbox 3144 2255 3356 2320; x_wconf 88' lang='lat' dir='ltr'><strong>locum</strong></span> <span class='ocrx_word' id='word_1_585' title='bbox 3406 2253 3670 2336; x_wconf 89' lang='lat' dir='ltr'><strong>proprie</strong></span> <span class='ocrx_word' id='word_1_586' title='bbox 3713 2254 3981 2331; x_wconf 88' lang='lat' dir='ltr'><strong>attinet,</strong></span> <span class='ocrx_word' id='word_1_587' title='bbox 4029 2255 4114 2319; x_wconf 91' lang='lat' dir='ltr'><strong>sit</strong></span> <span class='ocrx_word' id='word_1_588' title='bbox 4156 2262 4345 2320; x_wconf 80' lang='lat' dir='ltr'><strong>extra</strong></span> <span class='ocrx_word' id='word_1_589' title='bbox 4387 2263 4646 2320; x_wconf 90' lang='lat' dir='ltr'><strong>contro-</strong></span> 
     </span>
     <span class='ocr_line' id='line_1_80' title="bbox 2690 2338 4648 2423; baseline -0.003 -14"><span class='ocrx_word' id='word_1_590' title='bbox 2690 2344 2980 2410; x_wconf 88' lang='lat' dir='ltr'><strong>versiam</strong></span> <span class='ocrx_word' id='word_1_591' title='bbox 3032 2341 3212 2407; x_wconf 89' lang='lat' dir='ltr'><strong>istud</strong></span> <span class='ocrx_word' id='word_1_592' title='bbox 3272 2339 3557 2423; x_wconf 88' lang='lat' dir='ltr'><strong>positum</strong></span> <span class='ocrx_word' id='word_1_593' title='bbox 3576 2389 3591 2414; x_wconf 90' lang='lat'><strong>,</strong></span> <span class='ocrx_word' id='word_1_594' title='bbox 3648 2338 3821 2420; x_wconf 89' lang='lat' dir='ltr'><strong>quod</strong></span> <span class='ocrx_word' id='word_1_595' title='bbox 3874 2340 4146 2405; x_wconf 89' lang='lat' dir='ltr'><strong>minime</strong></span> <span class='ocrx_word' id='word_1_596' title='bbox 4200 2339 4414 2406; x_wconf 89' lang='lat' dir='ltr'><strong>dubiis</strong></span> <span class='ocrx_word' id='word_1_597' title='bbox 4456 2339 4648 2405; x_wconf 88' lang='lat' dir='ltr'><strong>verbi</strong></span> 
     </span>
     <span class='ocr_line' id='line_1_81' title="bbox 2690 2425 4646 2495; baseline -0.002 0"><span class='ocrx_word' id='word_1_598' title='bbox 2690 2431 2819 2495; x_wconf 91' lang='lat' dir='ltr'><strong>Dei</strong></span> <span class='ocrx_word' id='word_1_599' title='bbox 2841 2427 3234 2493; x_wconf 86' lang='lat' dir='ltr'><strong>testimoniis</strong></span> <span class='ocrx_word' id='word_1_600' title='bbox 3255 2425 3623 2490; x_wconf 87' lang='lat' dir='ltr'><strong>luculenter</strong></span> <span class='ocrx_word' id='word_1_601' title='bbox 3643 2425 3934 2491; x_wconf 85' lang='lat' dir='ltr'><strong>evictum</strong></span> <span class='ocrx_word' id='word_1_602' title='bbox 3954 2434 4083 2491; x_wconf 85' lang='lat' dir='ltr'><strong>est:</strong></span> <span class='ocrx_word' id='word_1_603' title='bbox 4120 2446 4253 2491; x_wconf 89' lang='lat' dir='ltr'><strong>non</strong></span> <span class='ocrx_word' id='word_1_604' title='bbox 4289 2429 4419 2491; x_wconf 90' lang='lat' dir='ltr'><strong>oris</strong></span> <span class='ocrx_word' id='word_1_605' title='bbox 4454 2426 4646 2491; x_wconf 91' lang='lat' dir='ltr'><strong>modo</strong></span> 
     </span>
     <span class='ocr_line' id='line_1_82' title="bbox 2691 2510 4649 2593; baseline -0.002 -12"><span class='ocrx_word' id='word_1_606' title='bbox 2691 2515 3094 2581; x_wconf 89' lang='lat' dir='ltr'><strong>abiuratione</strong></span> <span class='ocrx_word' id='word_1_607' title='bbox 3129 2512 3363 2578; x_wconf 86' lang='lat' dir='ltr'><strong>violari</strong></span> <span class='ocrx_word' id='word_1_608' title='bbox 3403 2512 3615 2593; x_wconf 89' lang='lat' dir='ltr'><strong>ipsam</strong></span> <span class='ocrx_word' id='word_1_609' title='bbox 3661 2532 3736 2576; x_wconf 90' lang='lat' dir='ltr'><strong>ac</strong></span> <span class='ocrx_word' id='word_1_610' title='bbox 3778 2510 4176 2589; x_wconf 84' lang='lat' dir='ltr'><strong>labefactari,</strong></span> <span class='ocrx_word' id='word_1_611' title='bbox 4219 2512 4335 2579; x_wconf 87' lang='lat' dir='ltr'><strong>sed</strong></span> <span class='ocrx_word' id='word_1_612' title='bbox 4375 2519 4649 2578; x_wconf 82' lang='lat' dir='ltr'><strong>externa</strong></span> 
     </span>
     <span class='ocr_line' id='line_1_83' title="bbox 2691 2598 4644 2686; baseline -0.002 -20"><span class='ocrx_word' id='word_1_613' title='bbox 2691 2621 2949 2686; x_wconf 89' lang='lat' dir='ltr'><strong>quoque</strong></span> <span class='ocrx_word' id='word_1_614' title='bbox 2991 2598 3173 2664; x_wconf 90' lang='lat' dir='ltr'><strong>omni</strong></span> <span class='ocrx_word' id='word_1_615' title='bbox 3214 2598 3567 2681; x_wconf 88' lang='lat' dir='ltr'><strong>impiarum</strong></span> <span class='ocrx_word' id='word_1_616' title='bbox 3612 2598 4150 2679; x_wconf 88' lang='lat' dir='ltr'><strong>superstitionum</strong></span> <span class='ocrx_word' id='word_1_617' title='bbox 4196 2599 4644 2664; x_wconf 83' lang='lat' dir='ltr'><strong>simulatione:</strong></span> 
     </span>
     <span class='ocr_line' id='line_1_84' title="bbox 2691 2682 4650 2771; baseline -0.003 -18"><span class='ocrx_word' id='word_1_618' title='bbox 2691 2708 2767 2753; x_wconf 90' lang='lat' dir='ltr'><strong>ac</strong></span> <span class='ocrx_word' id='word_1_619' title='bbox 2802 2687 3032 2771; x_wconf 88' lang='lat' dir='ltr'><strong>quavis</strong></span> <span class='ocrx_word' id='word_1_620' title='bbox 3053 2704 3249 2751; x_wconf 91' lang='lat' dir='ltr'><strong>verae</strong></span> <span class='ocrx_word' id='word_1_621' title='bbox 3284 2683 3620 2767; x_wconf 89' lang='lat' dir='ltr'><strong>religionis</strong></span> <span class='ocrx_word' id='word_1_622' title='bbox 3656 2682 4127 2766; x_wconf 87' lang='lat' dir='ltr'><strong>profanatione.</strong></span> <span class='ocrx_word' id='word_1_623' title='bbox 4199 2683 4650 2767; x_wconf 75' lang='lat' dir='ltr'><strong>Quamobrem</strong></span> 
     </span>
     <span class='ocr_line' id='line_1_85' title="bbox 2692 2767 4649 2855; baseline -0.003 -15"><span class='ocrx_word' id='word_1_624' title='bbox 2692 2796 2844 2840; x_wconf 90' lang='lat' dir='ltr'><strong>eum</strong></span> <span class='ocrx_word' id='word_1_625' title='bbox 2889 2772 3005 2855; x_wconf 90' lang='lat' dir='ltr'><strong>qui</strong></span> <span class='ocrx_word' id='word_1_626' title='bbox 3045 2772 3301 2837; x_wconf 91' lang='lat' dir='ltr'><strong>sincero</strong></span> <span class='ocrx_word' id='word_1_627' title='bbox 3352 2767 3883 2852; x_wconf 63' lang='lat' dir='ltr'><strong>pietatisstudio</strong></span> <span class='ocrx_word' id='word_1_628' title='bbox 3928 2770 4284 2848; x_wconf 87' lang='lat' dir='ltr'><strong>afficiatur,</strong></span> <span class='ocrx_word' id='word_1_629' title='bbox 4339 2791 4474 2836; x_wconf 91' lang='lat' dir='ltr'><strong>non</strong></span> <span class='ocrx_word' id='word_1_630' title='bbox 4517 2770 4649 2834; x_wconf 91' lang='lat' dir='ltr'><strong>lin-</strong></span> 
     </span>
     <span class='ocr_line' id='line_1_86' title="bbox 2692 2854 4650 2944; baseline -0.002 -20"><span class='ocrx_word' id='word_1_631' title='bbox 2692 2880 2894 2944; x_wconf 87' lang='lat' dir='ltr'><strong>guam</strong></span> <span class='ocrx_word' id='word_1_632' title='bbox 2927 2856 3122 2923; x_wconf 91' lang='lat' dir='ltr'><strong>modo</strong></span> <span class='ocrx_word' id='word_1_633' title='bbox 3161 2856 3242 2922; x_wconf 90' lang='lat' dir='ltr'><strong>ab</strong></span> <span class='ocrx_word' id='word_1_634' title='bbox 3278 2856 3498 2938; x_wconf 89' lang='lat' dir='ltr'><strong>impiis</strong></span> <span class='ocrx_word' id='word_1_635' title='bbox 3520 2855 3806 2932; x_wconf 89' lang='lat' dir='ltr'><strong>vocibus,</strong></span> <span class='ocrx_word' id='word_1_636' title='bbox 3846 2854 3963 2919; x_wconf 92' lang='lat' dir='ltr'><strong>sed</strong></span> <span class='ocrx_word' id='word_1_637' title='bbox 3997 2863 4220 2938; x_wconf 86' lang='lat' dir='ltr'><strong>partes</strong></span> <span class='ocrx_word' id='word_1_638' title='bbox 4254 2877 4483 2922; x_wconf 88' lang='lat' dir='ltr'><strong>omnes</strong></span> <span class='ocrx_word' id='word_1_639' title='bbox 4505 2877 4650 2921; x_wconf 92' lang='lat' dir='ltr'><strong>cor-</strong></span> 
     </span>
     <span class='ocr_line' id='line_1_87' title="bbox 2690 2940 4645 3029; baseline -0.002 -18"><span class='ocrx_word' id='word_1_640' title='bbox 2690 2945 2887 3029; x_wconf 66' lang='grc'><strong>66118,</strong></span> <span class='ocrx_word' id='word_1_641' title='bbox 2914 2966 2954 3009; x_wconf 90' lang='grc'><strong>6</strong></span> <span class='ocrx_word' id='word_1_642' title='bbox 2973 2942 3290 3026; x_wconf 89' lang='lat' dir='ltr'><strong>sacrilego</strong></span> <span class='ocrx_word' id='word_1_643' title='bbox 3313 2941 3492 3006; x_wconf 91' lang='lat' dir='ltr'><strong>omni</strong></span> <span class='ocrx_word' id='word_1_644' title='bbox 3516 2941 3649 3006; x_wconf 89' lang='lat' dir='ltr'><strong>ritu</strong></span> <span class='ocrx_word' id='word_1_645' title='bbox 3671 2940 4081 3007; x_wconf 90' lang='lat' dir='ltr'><strong>continentes</strong></span> <span class='ocrx_word' id='word_1_646' title='bbox 4105 2942 4348 3008; x_wconf 87' lang='lat' dir='ltr'><strong>habere</strong></span> <span class='ocrx_word' id='word_1_647' title='bbox 4371 2950 4645 3025; x_wconf 69' lang='lat' dir='ltr'><strong>oportet.</strong></span> 
     </span>
     <span class='ocr_line' id='line_1_88' title="bbox 2863 3026 4649 3113; baseline -0.002 -16"><span class='ocrx_word' id='word_1_648' title='bbox 2863 3032 3119 3096; x_wconf 88' lang='lat' dir='ltr'><strong>Verum</strong></span> <span class='ocrx_word' id='word_1_649' title='bbox 3158 3028 3471 3113; x_wconf 90' lang='lat' dir='ltr'><strong>quoniam</strong></span> <span class='ocrx_word' id='word_1_650' title='bbox 3513 3026 3824 3111; x_wconf 88' lang='lat' dir='ltr'><strong>permulti</strong></span> <span class='ocrx_word' id='word_1_651' title='bbox 3868 3027 3973 3112; x_wconf 90' lang='lat' dir='ltr'><strong>(ut</strong></span> <span class='ocrx_word' id='word_1_652' title='bbox 4015 3049 4217 3113; x_wconf 89' lang='lat' dir='ltr'><strong>supra</strong></span> <span class='ocrx_word' id='word_1_653' title='bbox 4259 3049 4649 3094; x_wconf 90' lang='lat' dir='ltr'><strong>commemo-</strong></span> 
     </span>
     <span class='ocr_line' id='line_1_89' title="bbox 2691 3113 4650 3200; baseline -0.003 -16"><span class='ocrx_word' id='word_1_654' title='bbox 2691 3119 3017 3200; x_wconf 78' lang='lat' dir='ltr'><strong>ravimus)</strong></span> <span class='ocrx_word' id='word_1_655' title='bbox 3075 3116 3190 3199; x_wconf 88' lang='lat' dir='ltr'><strong>qui</strong></span> <span class='ocrx_word' id='word_1_656' title='bbox 3244 3114 3673 3179; x_wconf 71' lang='lat' dir='ltr'><strong>christianam</strong></span> <span class='ocrx_word' id='word_1_657' title='bbox 3726 3113 4068 3197; x_wconf 86' lang='lat' dir='ltr'><strong>pietatem,</strong></span> <span class='ocrx_word' id='word_1_658' title='bbox 4127 3114 4184 3181; x_wconf 93' lang='lat' dir='ltr'><strong>si</strong></span> <span class='ocrx_word' id='word_1_659' title='bbox 4238 3115 4391 3181; x_wconf 88' lang='lat' dir='ltr'><strong>ullis</strong></span> <span class='ocrx_word' id='word_1_660' title='bbox 4445 3115 4650 3180; x_wconf 93' lang='lat' dir='ltr'><strong>idolo-</strong></span> 
     </span>
     <span class='ocr_line' id='line_1_90' title="bbox 2692 3199 4652 3284; baseline -0.002 -15"><span class='ocrx_word' id='word_1_661' title='bbox 2692 3226 2840 3269; x_wconf 88' lang='lat' dir='ltr'><strong>rum</strong></span> <span class='ocrx_word' id='word_1_662' title='bbox 2886 3201 3480 3268; x_wconf 84' lang='lat' dir='ltr'><strong>abominationibus</strong></span> <span class='ocrx_word' id='word_1_663' title='bbox 3521 3201 4049 3280; x_wconf 77' lang='lat' dir='ltr'><strong>commisceatur,</strong></span> <span class='ocrx_word' id='word_1_664' title='bbox 4108 3199 4414 3284; x_wconf 85' lang='lat' dir='ltr'><strong>dissipari</strong></span> <span class='ocrx_word' id='word_1_665' title='bbox 4456 3209 4652 3283; x_wconf 85' lang='lat' dir='ltr'><strong>atque</strong></span> 
     </span>
     <span class='ocr_line' id='line_1_91' title="bbox 2693 3286 4653 3370; baseline -0.002 -14"><span class='ocrx_word' id='word_1_666' title='bbox 2693 3291 2903 3356; x_wconf 89' lang='lat' dir='ltr'><strong>everti</strong></span> <span class='ocrx_word' id='word_1_667' title='bbox 2948 3287 3158 3353; x_wconf 89' lang='lat' dir='ltr'><strong>nihilo</strong></span> <span class='ocrx_word' id='word_1_668' title='bbox 3198 3287 3420 3350; x_wconf 88' lang='lat' dir='ltr'><strong>minus</strong></span> <span class='ocrx_word' id='word_1_669' title='bbox 3463 3306 3662 3368; x_wconf 88' lang='lat' dir='ltr'><strong>quam</strong></span> <span class='ocrx_word' id='word_1_670' title='bbox 3706 3307 3824 3350; x_wconf 92' lang='grc'><strong>668</strong></span> <span class='ocrx_word' id='word_1_671' title='bbox 3866 3286 4178 3365; x_wconf 88' lang='lat' dir='ltr'><strong>fatentur,</strong></span> <span class='ocrx_word' id='word_1_672' title='bbox 4226 3307 4268 3350; x_wconf 90' lang='lat' dir='ltr'><strong>a</strong></span> <span class='ocrx_word' id='word_1_673' title='bbox 4307 3287 4653 3370; x_wconf 88' lang='lat' dir='ltr'><strong>papisticis</strong></span> 
     </span>
     <span class='ocr_line' id='line_1_92' title="bbox 2695 3371 4652 3457; baseline -0.002 -16"><span class='ocrx_word' id='word_1_674' title='bbox 2695 3384 2919 3442; x_wconf 90' lang='lat' dir='ltr'><strong>tamen</strong></span> <span class='ocrx_word' id='word_1_675' title='bbox 2965 3374 3170 3440; x_wconf 91' lang='lat' dir='ltr'><strong>sacris</strong></span> <span class='ocrx_word' id='word_1_676' title='bbox 3213 3372 3581 3457; x_wconf 79' lang='lat' dir='ltr'><strong>(sacrilegis</strong></span> <span class='ocrx_word' id='word_1_677' title='bbox 3619 3371 3886 3455; x_wconf 88' lang='lat' dir='ltr'><strong>quidem</strong></span> <span class='ocrx_word' id='word_1_678' title='bbox 3919 3372 4052 3438; x_wconf 87' lang='lat' dir='ltr'><strong>illis</strong></span> <span class='ocrx_word' id='word_1_679' title='bbox 4087 3381 4155 3438; x_wconf 87' lang='lat' dir='ltr'><strong>et</strong></span> <span class='ocrx_word' id='word_1_680' title='bbox 4187 3373 4496 3455; x_wconf 86' lang='lat' dir='ltr'><strong>profanis,</strong></span> <span class='ocrx_word' id='word_1_681' title='bbox 4533 3372 4652 3438; x_wconf 89' lang='lat' dir='ltr'><strong>sed</strong></span> 
     </span>
     <span class='ocr_line' id='line_1_93' title="bbox 2695 3456 4653 3545; baseline -0.002 -17"><span class='ocrx_word' id='word_1_682' title='bbox 2695 3483 2891 3545; x_wconf 90' lang='lat' dir='ltr'><strong>quae,</strong></span> <span class='ocrx_word' id='word_1_683' title='bbox 2936 3469 3012 3525; x_wconf 94' lang='lat' dir='ltr'><strong>ut</strong></span> <span class='ocrx_word' id='word_1_684' title='bbox 3054 3460 3266 3536; x_wconf 89' lang='lat' dir='ltr'><strong>aiunt,</strong></span> <span class='ocrx_word' id='word_1_685' title='bbox 3312 3458 3471 3537; x_wconf 91' lang='lat' dir='ltr'><strong>Dei,</strong></span> <span class='ocrx_word' id='word_1_686' title='bbox 3518 3478 3655 3521; x_wconf 90' lang='lat' dir='ltr'><strong>non</strong></span> <span class='ocrx_word' id='word_1_687' title='bbox 3698 3456 4026 3522; x_wconf 87' lang='lat' dir='ltr'><strong>idolorum</strong></span> <span class='ocrx_word' id='word_1_688' title='bbox 4068 3459 4335 3524; x_wconf 87' lang='lat' dir='ltr'><strong>titulum</strong></span> <span class='ocrx_word' id='word_1_689' title='bbox 4380 3480 4535 3542; x_wconf 85' lang='lat' dir='ltr'><strong>prae</strong></span> <span class='ocrx_word' id='word_1_690' title='bbox 4578 3479 4653 3525; x_wconf 89' lang='grc'><strong>86</strong></span> 
     </span>
     <span class='ocr_line' id='line_1_94' title="bbox 2695 3543 4650 3628; baseline -0.002 -15"><span class='ocrx_word' id='word_1_691' title='bbox 2695 3547 2945 3628; x_wconf 88' lang='lat' dir='ltr'><strong>ferunt)</strong></span> <span class='ocrx_word' id='word_1_692' title='bbox 2990 3567 3128 3611; x_wconf 91' lang='lat' dir='ltr'><strong>non</strong></span> <span class='ocrx_word' id='word_1_693' title='bbox 3171 3544 3444 3628; x_wconf 90' lang='lat' dir='ltr'><strong>perinde</strong></span> <span class='ocrx_word' id='word_1_694' title='bbox 3495 3543 3690 3609; x_wconf 90' lang='lat' dir='ltr'><strong>hodie</strong></span> <span class='ocrx_word' id='word_1_695' title='bbox 3733 3544 3919 3608; x_wconf 90' lang='lat' dir='ltr'><strong>nobis</strong></span> <span class='ocrx_word' id='word_1_696' title='bbox 3962 3544 4451 3611; x_wconf 87' lang='lat' dir='ltr'><strong>abhorrendum</strong></span> <span class='ocrx_word' id='word_1_697' title='bbox 4496 3564 4650 3609; x_wconf 86' lang='lat' dir='ltr'><strong>cen·</strong></span> 
     </span>
     <span class='ocr_line' id='line_1_95' title="bbox 2696 3629 4654 3709; baseline -0.002 -10"><span class='ocrx_word' id='word_1_698' title='bbox 2696 3642 2868 3700; x_wconf 85' lang='lat' dir='ltr'><strong>sent:</strong></span> <span class='ocrx_word' id='word_1_699' title='bbox 2916 3630 3314 3698; x_wconf 88' lang='lat' dir='ltr'><strong>refellendus</strong></span> <span class='ocrx_word' id='word_1_700' title='bbox 3359 3637 3462 3695; x_wconf 92' lang='lat' dir='ltr'><strong>est</strong></span> <span class='ocrx_word' id='word_1_701' title='bbox 3503 3630 3628 3695; x_wconf 91' lang='lat' dir='ltr'><strong>hoc</strong></span> <span class='ocrx_word' id='word_1_702' title='bbox 3671 3630 3812 3694; x_wconf 89' lang='lat' dir='ltr'><strong>loco</strong></span> <span class='ocrx_word' id='word_1_703' title='bbox 3847 3629 4037 3695; x_wconf 91' lang='lat' dir='ltr'><strong>nobis</strong></span> <span class='ocrx_word' id='word_1_704' title='bbox 4072 3651 4301 3696; x_wconf 90' lang='lat' dir='ltr'><strong>eorum</strong></span> <span class='ocrx_word' id='word_1_705' title='bbox 4336 3651 4537 3709; x_wconf 88' lang='lat' dir='ltr'><strong>error,</strong></span> <span class='ocrx_word' id='word_1_706' title='bbox 4582 3638 4654 3695; x_wconf 89' lang='lat' dir='ltr'><strong>et</strong></span> 
     </span>
     <span class='ocr_line' id='line_1_96' title="bbox 2695 3716 4654 3804; baseline -0.002 -20"><span class='ocrx_word' id='word_1_707' title='bbox 2695 3719 2869 3803; x_wconf 91' lang='lat' dir='ltr'><strong>quod</strong></span> <span class='ocrx_word' id='word_1_708' title='bbox 2910 3717 3187 3804; x_wconf 89' lang='lat' dir='ltr'><strong>polliciti</strong></span> <span class='ocrx_word' id='word_1_709' title='bbox 3231 3737 3461 3781; x_wconf 91' lang='lat' dir='ltr'><strong>sumus</strong></span> <span class='ocrx_word' id='word_1_710' title='bbox 3475 3767 3492 3794; x_wconf 91' lang='lat'><strong>,</strong></span> <span class='ocrx_word' id='word_1_711' title='bbox 3550 3736 3634 3780; x_wconf 83' lang='lat' dir='ltr'><strong>ex</strong></span> <span class='ocrx_word' id='word_1_712' title='bbox 3692 3737 3916 3780; x_wconf 89' lang='lat' dir='ltr'><strong>rerum</strong></span> <span class='ocrx_word' id='word_1_713' title='bbox 3961 3717 4410 3799; x_wconf 84' lang='lat' dir='ltr'><strong>praesentium</strong></span> <span class='ocrx_word' id='word_1_714' title='bbox 4455 3716 4654 3782; x_wconf 86' lang='lat' dir='ltr'><strong>colla-</strong></span> 
     </span>
     <span class='ocr_line' id='line_1_97' title="bbox 2695 3802 4654 3886; baseline -0.002 -15"><span class='ocrx_word' id='word_1_715' title='bbox 2695 3808 2907 3884; x_wconf 89' lang='lat' dir='ltr'><strong>tione,</strong></span> <span class='ocrx_word' id='word_1_716' title='bbox 2944 3824 3097 3870; x_wconf 92' lang='lat' dir='ltr'><strong>cum</strong></span> <span class='ocrx_word' id='word_1_717' title='bbox 3132 3823 3360 3868; x_wconf 89' lang='lat' dir='ltr'><strong>eorum</strong></span> <span class='ocrx_word' id='word_1_718' title='bbox 3395 3809 3765 3885; x_wconf 91' lang='lat' dir='ltr'><strong>temporum</strong></span> <span class='ocrx_word' id='word_1_719' title='bbox 3800 3810 4012 3881; x_wconf 90' lang='lat' dir='ltr'><strong>statu,</strong></span> <span class='ocrx_word' id='word_1_720' title='bbox 4056 3803 4292 3885; x_wconf 87' lang='lat' dir='ltr'><strong>quibus</strong></span> <span class='ocrx_word' id='word_1_721' title='bbox 4334 3802 4452 3868; x_wconf 89' lang='lat' dir='ltr'><strong>illa</strong></span> <span class='ocrx_word' id='word_1_722' title='bbox 4484 3822 4654 3886; x_wconf 88' lang='lat' dir='ltr'><strong>quae</strong></span> 
     </span>
     <span class='ocr_line' id='line_1_98' title="bbox 2696 3888 4653 3973; baseline -0.003 -15"><span class='ocrx_word' id='word_1_723' title='bbox 2696 3915 2780 3958; x_wconf 88' lang='lat' dir='ltr'><strong>ox</strong></span> <span class='ocrx_word' id='word_1_724' title='bbox 2825 3890 3065 3958; x_wconf 88' lang='lat' dir='ltr'><strong>divinis</strong></span> <span class='ocrx_word' id='word_1_725' title='bbox 3106 3888 3317 3955; x_wconf 86' lang='lat' dir='ltr'><strong>literis</strong></span> <span class='ocrx_word' id='word_1_726' title='bbox 3359 3888 3753 3973; x_wconf 82' lang='lat' dir='ltr'><strong>protulimus</strong></span> <span class='ocrx_word' id='word_1_727' title='bbox 3787 3889 4256 3966; x_wconf 88' lang='lat' dir='ltr'><strong>scribebantur,</strong></span> <span class='ocrx_word' id='word_1_728' title='bbox 4302 3888 4653 3954; x_wconf 87' lang='lat' dir='ltr'><strong>ostenden-</strong></span> 
     </span>
     <span class='ocr_line' id='line_1_99' title="bbox 2697 3974 4654 4059; baseline -0.002 -17"><span class='ocrx_word' id='word_1_729' title='bbox 2697 3978 2873 4055; x_wconf 89' lang='lat' dir='ltr'><strong>dum,</strong></span> <span class='ocrx_word' id='word_1_730' title='bbox 2921 3998 3057 4042; x_wconf 92' lang='lat' dir='ltr'><strong>non</strong></span> <span class='ocrx_word' id='word_1_731' title='bbox 3089 3977 3309 4040; x_wconf 89' lang='lat' dir='ltr'><strong>minus</strong></span> <span class='ocrx_word' id='word_1_732' title='bbox 3349 3993 3493 4041; x_wconf 89' lang='grc'><strong>6886</strong></span> <span class='ocrx_word' id='word_1_733' title='bbox 3535 3975 3605 4039; x_wconf 90' lang='grc'><strong>16</strong></span> <span class='ocrx_word' id='word_1_734' title='bbox 3650 3975 4076 4058; x_wconf 85' lang='lat' dir='ltr'><strong>caeremoniis</strong></span> <span class='ocrx_word' id='word_1_735' title='bbox 4111 3974 4502 4059; x_wconf 89' lang='lat' dir='ltr'><strong>quibusdam</strong></span> <span class='ocrx_word' id='word_1_736' title='bbox 4533 3995 4654 4058; x_wconf 85' lang='lat' dir='ltr'><strong>pa-</strong></span> 
     </span>
     <span class='ocr_line' id='line_1_100' title="bbox 2696 4060 4650 4148; baseline -0.002 -20"><span class='ocrx_word' id='word_1_737' title='bbox 2696 4063 2948 4148; x_wconf 90' lang='lat' dir='ltr'><strong>pisticis</strong></span> <span class='ocrx_word' id='word_1_738' title='bbox 2993 4062 3460 4139; x_wconf 88' lang='lat' dir='ltr'><strong>anathematis,</strong></span> <span class='ocrx_word' id='word_1_739' title='bbox 3517 4081 3716 4144; x_wconf 90' lang='lat' dir='ltr'><strong>quam</strong></span> <span class='ocrx_word' id='word_1_740' title='bbox 3770 4061 3843 4123; x_wconf 91' lang='lat' dir='ltr'><strong>in</strong></span> <span class='ocrx_word' id='word_1_741' title='bbox 3895 4060 4050 4125; x_wconf 91' lang='lat' dir='ltr'><strong>ullis</strong></span> <span class='ocrx_word' id='word_1_742' title='bbox 4095 4081 4393 4143; x_wconf 89' lang='lat' dir='ltr'><strong>unquam</strong></span> <span class='ocrx_word' id='word_1_743' title='bbox 4441 4060 4650 4125; x_wconf 93' lang='lat' dir='ltr'><strong>idolo-</strong></span> 
     </span>
     <span class='ocr_line' id='line_1_101' title="bbox 2698 4146 4650 4230; baseline -0.001 -15"><span class='ocrx_word' id='word_1_744' title='bbox 2698 4172 2848 4215; x_wconf 92' lang='lat' dir='ltr'><strong>rum</strong></span> <span class='ocrx_word' id='word_1_745' title='bbox 2892 4147 3500 4215; x_wconf 89' lang='lat' dir='ltr'><strong>abominationibus.</strong></span> <span class='ocrx_word' id='word_1_746' title='bbox 3569 4148 3669 4212; x_wconf 88' lang='lat' dir='ltr'><strong>Ao</strong></span> <span class='ocrx_word' id='word_1_747' title='bbox 3705 4146 3786 4211; x_wconf 93' lang='lat' dir='ltr'><strong>de</strong></span> <span class='ocrx_word' id='word_1_748' title='bbox 3823 4167 3902 4211; x_wconf 87' lang='grc'><strong>66</strong></span> <span class='ocrx_word' id='word_1_749' title='bbox 3935 4147 4217 4229; x_wconf 90' lang='lat' dir='ltr'><strong>quidem,</strong></span> <span class='ocrx_word' id='word_1_750' title='bbox 4261 4168 4463 4230; x_wconf 90' lang='lat' dir='ltr'><strong>quam</strong></span> <span class='ocrx_word' id='word_1_751' title='bbox 4496 4167 4650 4213; x_wconf 86' lang='lat' dir='ltr'><strong>cau·</strong></span> 
     </span>
     <span class='ocr_line' id='line_1_102' title="bbox 2699 4232 4656 4315; baseline -0.002 -14"><span class='ocrx_word' id='word_1_752' title='bbox 2699 4244 2960 4312; x_wconf 90' lang='lat' dir='ltr'><strong>santur,</strong></span> <span class='ocrx_word' id='word_1_753' title='bbox 3019 4233 3412 4300; x_wconf 89' lang='lat' dir='ltr'><strong>discriminis</strong></span> <span class='ocrx_word' id='word_1_754' title='bbox 3462 4233 3749 4311; x_wconf 87' lang='lat' dir='ltr'><strong>ratione,</strong></span> <span class='ocrx_word' id='word_1_755' title='bbox 3806 4240 4034 4315; x_wconf 89' lang='lat' dir='ltr'><strong>postea</strong></span> <span class='ocrx_word' id='word_1_756' title='bbox 4078 4232 4466 4299; x_wconf 87' lang='lat' dir='ltr'><strong>viderimus:</strong></span> <span class='ocrx_word' id='word_1_757' title='bbox 4525 4232 4656 4298; x_wconf 87' lang='lat' dir='ltr'><strong>hoo</strong></span> 
     </span>
     <span class='ocr_line' id='line_1_103' title="bbox 2698 4317 4655 4402; baseline -0.002 -16"><span class='ocrx_word' id='word_1_758' title='bbox 2698 4321 2891 4386; x_wconf 93' lang='lat' dir='ltr'><strong>modo</strong></span> <span class='ocrx_word' id='word_1_759' title='bbox 2933 4321 3109 4385; x_wconf 90' lang='lat' dir='ltr'><strong>inter</strong></span> <span class='ocrx_word' id='word_1_760' title='bbox 3141 4340 3279 4397; x_wconf 92' lang='lat' dir='ltr'><strong>nos,</strong></span> <span class='ocrx_word' id='word_1_761' title='bbox 3327 4317 3498 4402; x_wconf 91' lang='lat' dir='ltr'><strong>quod</strong></span> <span class='ocrx_word' id='word_1_762' title='bbox 3539 4317 3698 4398; x_wconf 88' lang='lat' dir='ltr'><strong>dieo,</strong></span> <span class='ocrx_word' id='word_1_763' title='bbox 3745 4319 3927 4401; x_wconf 88' lang='lat' dir='ltr'><strong>prius</strong></span> <span class='ocrx_word' id='word_1_764' title='bbox 3961 4319 4346 4396; x_wconf 83' lang='lat' dir='ltr'><strong>constiterit,</strong></span> <span class='ocrx_word' id='word_1_765' title='bbox 4392 4318 4655 4383; x_wconf 87' lang='lat' dir='ltr'><strong>nullum</strong></span> 
     </span>
     <span class='ocr_line' id='line_1_104' title="bbox 2698 4405 4655 4490; baseline -0.002 -18"><span class='ocrx_word' id='word_1_766' title='bbox 2698 4427 2987 4490; x_wconf 89' lang='lat' dir='ltr'><strong>unquam</strong></span> <span class='ocrx_word' id='word_1_767' title='bbox 3031 4408 3102 4470; x_wconf 92' lang='lat' dir='ltr'><strong>in</strong></span> <span class='ocrx_word' id='word_1_768' title='bbox 3147 4406 3446 4489; x_wconf 89' lang='lat' dir='ltr'><strong>gentium</strong></span> <span class='ocrx_word' id='word_1_769' title='bbox 3490 4405 4060 4487; x_wconf 86' lang='lat' dir='ltr'><strong>superstitionibus</strong></span> <span class='ocrx_word' id='word_1_770' title='bbox 4102 4405 4316 4490; x_wconf 90' lang='lat' dir='ltr'><strong>magis</strong></span> <span class='ocrx_word' id='word_1_771' title='bbox 4352 4424 4655 4469; x_wconf 82' lang='lat' dir='ltr'><strong>exsecra-</strong></span> 
     </span>
     <span class='ocr_line' id='line_1_105' title="bbox 2698 4490 4654 4574; baseline -0.002 -15"><span class='ocrx_word' id='word_1_772' title='bbox 2698 4492 2829 4559; x_wconf 91' lang='lat' dir='ltr'><strong>bile</strong></span> <span class='ocrx_word' id='word_1_773' title='bbox 2873 4493 3204 4557; x_wconf 81' lang='lat' dir='ltr'><strong>exstitisse</strong></span> <span class='ocrx_word' id='word_1_774' title='bbox 3244 4490 3689 4574; x_wconf 87' lang='lat' dir='ltr'><strong>sacrilegium,</strong></span> <span class='ocrx_word' id='word_1_775' title='bbox 3746 4499 3814 4555; x_wconf 89' lang='lat' dir='ltr'><strong>et</strong></span> <span class='ocrx_word' id='word_1_776' title='bbox 3854 4490 4031 4573; x_wconf 93' lang='lat' dir='ltr'><strong>quod</strong></span> <span class='ocrx_word' id='word_1_777' title='bbox 4071 4512 4298 4557; x_wconf 84' lang='lat' dir='ltr'><strong>veram</strong></span> <span class='ocrx_word' id='word_1_778' title='bbox 4340 4491 4654 4574; x_wconf 89' lang='lat' dir='ltr'><strong>pietatem</strong></span> 
     </span>
     <span class='ocr_line' id='line_1_106' title="bbox 2701 4576 4653 4661; baseline -0.001 -18"><span class='ocrx_word' id='word_1_779' title='bbox 2701 4577 2806 4644; x_wconf 88' lang='lat' dir='ltr'><strong>vol</strong></span> <span class='ocrx_word' id='word_1_780' title='bbox 2842 4578 3242 4661; x_wconf 88' lang='lat' dir='ltr'><strong>opprimeret</strong></span> <span class='ocrx_word' id='word_1_781' title='bbox 3284 4577 3571 4661; x_wconf 90' lang='lat' dir='ltr'><strong>gravius,</strong></span> <span class='ocrx_word' id='word_1_782' title='bbox 3608 4576 3718 4643; x_wconf 91' lang='lat' dir='ltr'><strong>vel</strong></span> <span class='ocrx_word' id='word_1_783' title='bbox 3765 4577 4301 4642; x_wconf 80' lang='lat' dir='ltr'><strong>contumeliosius</strong></span> <span class='ocrx_word' id='word_1_784' title='bbox 4344 4577 4653 4654; x_wconf 85' lang='lat' dir='ltr'><strong>afficeret,</strong></span> 
     </span>
     <span class='ocr_line' id='line_1_107' title="bbox 2699 4662 4653 4748; baseline -0.001 -20"><span class='ocrx_word' id='word_1_785' title='bbox 2699 4684 2898 4748; x_wconf 89' lang='lat' dir='ltr'><strong>quam</strong></span> <span class='ocrx_word' id='word_1_786' title='bbox 2956 4670 3113 4729; x_wconf 91' lang='lat' dir='ltr'><strong>sunt</strong></span> <span class='ocrx_word' id='word_1_787' title='bbox 3170 4663 3363 4727; x_wconf 92' lang='lat' dir='ltr'><strong>hodie</strong></span> <span class='ocrx_word' id='word_1_788' title='bbox 3416 4663 3736 4728; x_wconf 87' lang='lat' dir='ltr'><strong>nonnulla</strong></span> <span class='ocrx_word' id='word_1_789' title='bbox 3794 4683 3963 4746; x_wconf 87' lang='lat' dir='ltr'><strong>quae</strong></span> <span class='ocrx_word' id='word_1_790' title='bbox 4018 4663 4264 4746; x_wconf 90' lang='lat' dir='ltr'><strong>passim</strong></span> <span class='ocrx_word' id='word_1_791' title='bbox 4317 4662 4393 4726; x_wconf 88' lang='lat' dir='ltr'><strong>in</strong></span> <span class='ocrx_word' id='word_1_792' title='bbox 4445 4683 4653 4746; x_wconf 88' lang='lat' dir='ltr'><strong>regno</strong></span> 
     </span>
     <span class='ocr_line' id='line_1_108' title="bbox 2698 4747 4653 4834; baseline 0 -21"><span class='ocrx_word' id='word_1_793' title='bbox 2698 4770 2908 4834; x_wconf 90' lang='lat' dir='ltr'><strong>papae</strong></span> <span class='ocrx_word' id='word_1_794' title='bbox 2944 4751 3266 4828; x_wconf 80' lang='lat' dir='ltr'><strong>visuntur.</strong></span> <span class='ocrx_word' id='word_1_795' title='bbox 3336 4747 3730 4831; x_wconf 79' lang='lat' dir='ltr'><strong>Quanquam</strong></span> <span class='ocrx_word' id='word_1_796' title='bbox 3766 4756 4007 4828; x_wconf 87' lang='lat' dir='ltr'><strong>autem,</strong></span> <span class='ocrx_word' id='word_1_797' title='bbox 4054 4749 4111 4814; x_wconf 89' lang='lat' dir='ltr'><strong>si</strong></span> <span class='ocrx_word' id='word_1_798' title='bbox 4145 4748 4495 4833; x_wconf 88' lang='lat' dir='ltr'><strong>aliquando</strong></span> <span class='ocrx_word' id='word_1_799' title='bbox 4539 4747 4653 4813; x_wconf 92' lang='lat' dir='ltr'><strong>de-</strong></span> 
     </span>
     <span class='ocr_line' id='line_1_109' title="bbox 2701 4834 4652 4920; baseline -0.001 -19"><span class='ocrx_word' id='word_1_800' title='bbox 2701 4836 2872 4901; x_wconf 88' lang='lat' dir='ltr'><strong>derit</strong></span> <span class='ocrx_word' id='word_1_801' title='bbox 2913 4835 3240 4900; x_wconf 89' lang='lat' dir='ltr'><strong>Dominus</strong></span> <span class='ocrx_word' id='word_1_802' title='bbox 3284 4843 3362 4900; x_wconf 84' lang='lat' dir='ltr'><strong>ut</strong></span> <span class='ocrx_word' id='word_1_803' title='bbox 3396 4835 3480 4900; x_wconf 91' lang='lat' dir='ltr'><strong>ad</strong></span> <span class='ocrx_word' id='word_1_804' title='bbox 3521 4835 3794 4918; x_wconf 87' lang='lat' dir='ltr'><strong>plenum</strong></span> <span class='ocrx_word' id='word_1_805' title='bbox 3836 4844 4283 4920; x_wconf 87' lang='lat' dir='ltr'><strong>repurgentur</strong></span> <span class='ocrx_word' id='word_1_806' title='bbox 4323 4834 4652 4914; x_wconf 86' lang='lat' dir='ltr'><strong>eeclesiae,</strong></span> 
     </span>
     <span class='ocr_line' id='line_1_110' title="bbox 2701 4919 4654 5005; baseline -0.001 -17"><span class='ocrx_word' id='word_1_807' title='bbox 2701 4942 2862 5005; x_wconf 89' lang='lat' dir='ltr'><strong>quas</strong></span> <span class='ocrx_word' id='word_1_808' title='bbox 2904 4921 3405 5005; x_wconf 87' lang='lat' dir='ltr'><strong>praestigiarum</strong></span> <span class='ocrx_word' id='word_1_809' title='bbox 3448 4919 3560 4985; x_wconf 93' lang='lat' dir='ltr'><strong>ille</strong></span> <span class='ocrx_word' id='word_1_810' title='bbox 3606 4923 3879 4986; x_wconf 88' lang='lat' dir='ltr'><strong>antistes</strong></span> <span class='ocrx_word' id='word_1_811' title='bbox 3924 4921 4060 4987; x_wconf 91' lang='lat' dir='ltr'><strong>suis</strong></span> <span class='ocrx_word' id='word_1_812' title='bbox 4094 4922 4473 5004; x_wconf 81' lang='lat' dir='ltr'><strong>impostmis</strong></span> <span class='ocrx_word' id='word_1_813' title='bbox 4508 4941 4654 4986; x_wconf 90' lang='lat' dir='ltr'><strong>cor·</strong></span> 
     </span>
     <span class='ocr_line' id='line_1_111' title="bbox 2699 5006 4654 5091; baseline 0 -20"><span class='ocrx_word' id='word_1_814' title='bbox 2699 5010 2895 5091; x_wconf 88' lang='lat' dir='ltr'><strong>rupit,</strong></span> <span class='ocrx_word' id='word_1_815' title='bbox 2939 5029 3076 5073; x_wconf 90' lang='lat' dir='ltr'><strong>non</strong></span> <span class='ocrx_word' id='word_1_816' title='bbox 3118 5007 3248 5072; x_wconf 89' lang='lat' dir='ltr'><strong>alia</strong></span> <span class='ocrx_word' id='word_1_817' title='bbox 3288 5006 3519 5072; x_wconf 91' lang='lat' dir='ltr'><strong>melior</strong></span> <span class='ocrx_word' id='word_1_818' title='bbox 3552 5009 3779 5072; x_wconf 86' lang='lat' dir='ltr'><strong>futura</strong></span> <span class='ocrx_word' id='word_1_819' title='bbox 3820 5008 3910 5073; x_wconf 91' lang='lat' dir='ltr'><strong>sit</strong></span> <span class='ocrx_word' id='word_1_820' title='bbox 3950 5007 4417 5072; x_wconf 88' lang='lat' dir='ltr'><strong>moderationis</strong></span> <span class='ocrx_word' id='word_1_821' title='bbox 4459 5006 4654 5087; x_wconf 90' lang='lat' dir='ltr'><strong>ratio,</strong></span> 
     </span>
     <span class='ocr_line' id='line_1_112' title="bbox 2699 5092 4657 5176; baseline 0 -18"><span class='ocrx_word' id='word_1_822' title='bbox 2699 5114 2895 5176; x_wconf 86' lang='lat' dir='ltr'><strong>quam</strong></span> <span class='ocrx_word' id='word_1_823' title='bbox 2925 5100 3026 5176; x_wconf 13' lang='lat' dir='ltr'><strong>,ut</strong></span> <span class='ocrx_word' id='word_1_824' title='bbox 3079 5113 3119 5156; x_wconf 90' lang='lat' dir='ltr'><strong>a</strong></span> <span class='ocrx_word' id='word_1_825' title='bbox 3161 5092 3380 5158; x_wconf 87' lang='lat' dir='ltr'><strong>radice</strong></span> <span class='ocrx_word' id='word_1_826' title='bbox 3432 5093 3802 5159; x_wconf 86' lang='lat' dir='ltr'><strong>evellantur</strong></span> <span class='ocrx_word' id='word_1_827' title='bbox 3843 5094 4183 5173; x_wconf 84' lang='lat' dir='ltr'><strong>universa,</strong></span> <span class='ocrx_word' id='word_1_828' title='bbox 4239 5099 4308 5158; x_wconf 92' lang='lat' dir='ltr'><strong>et</strong></span> <span class='ocrx_word' id='word_1_829' title='bbox 4360 5113 4500 5158; x_wconf 89' lang='lat' dir='ltr'><strong>una</strong></span> <span class='ocrx_word' id='word_1_830' title='bbox 4547 5099 4657 5171; x_wconf 85' lang='lat' dir='ltr'><strong>(ut</strong></span> 
     </span>
     <span class='ocr_line' id='line_1_113' title="bbox 2699 5177 4658 5264; baseline 0.001 -20"><span class='ocrx_word' id='word_1_831' title='bbox 2699 5179 2965 5264; x_wconf 88' lang='lat' dir='ltr'><strong>dicitur)</strong></span> <span class='ocrx_word' id='word_1_832' title='bbox 3020 5178 3226 5244; x_wconf 88' lang='lat' dir='ltr'><strong>litura</strong></span> <span class='ocrx_word' id='word_1_833' title='bbox 3282 5181 3729 5264; x_wconf 87' lang='lat' dir='ltr'><strong>corrigantur,</strong></span> <span class='ocrx_word' id='word_1_834' title='bbox 3787 5200 3956 5263; x_wconf 82' lang='lat' dir='ltr'><strong>quae</strong></span> <span class='ocrx_word' id='word_1_835' title='bbox 3997 5201 4083 5244; x_wconf 83' lang='grc'><strong>611</strong></span> <span class='ocrx_word' id='word_1_836' title='bbox 4122 5180 4262 5245; x_wconf 88' lang='grc'><strong>61118</strong></span> <span class='ocrx_word' id='word_1_837' title='bbox 4304 5177 4658 5262; x_wconf 82' lang='lat' dir='ltr'><strong>disciplina</strong></span> 
     </span>
     <span class='ocr_line' id='line_1_114' title="bbox 2697 5265 4655 5350; baseline 0 -18"><span class='ocrx_word' id='word_1_838' title='bbox 2697 5265 3098 5350; x_wconf 88' lang='lat' dir='ltr'><strong>prodierunt.</strong></span> <span class='ocrx_word' id='word_1_839' title='bbox 3185 5266 3251 5330; x_wconf 92' lang='lat' dir='ltr'>N</span> <span class='ocrx_word' id='word_1_840' title='bbox 3253 5287 3337 5331; x_wconf 91' lang='lat' dir='ltr'><strong>on</strong></span> <span class='ocrx_word' id='word_1_841' title='bbox 3379 5273 3604 5331; x_wconf 87' lang='lat' dir='ltr'><strong>tamen</strong></span> <span class='ocrx_word' id='word_1_842' title='bbox 3649 5274 3807 5333; x_wconf 91' lang='lat' dir='ltr'><strong>sunt</strong></span> <span class='ocrx_word' id='word_1_843' title='bbox 3845 5265 4163 5331; x_wconf 87' lang='lat' dir='ltr'><strong>eiusmodi</strong></span> <span class='ocrx_word' id='word_1_844' title='bbox 4207 5286 4293 5331; x_wconf 82' lang='lat' dir='ltr'><strong>ex</strong></span> <span class='ocrx_word' id='word_1_845' title='bbox 4333 5265 4415 5331; x_wconf 91' lang='lat' dir='ltr'><strong>iis</strong></span> <span class='ocrx_word' id='word_1_846' title='bbox 4450 5284 4655 5348; x_wconf 85' lang='lat' dir='ltr'><strong>quae—</strong></span> 
     </span>
     <span class='ocr_line' id='line_1_115' title="bbox 2699 5351 4656 5437; baseline 0 -19"><span class='ocrx_word' id='word_1_847' title='bbox 2699 5351 2870 5431; x_wconf 88' lang='lat' dir='ltr'><strong>dam,</strong></span> <span class='ocrx_word' id='word_1_848' title='bbox 2916 5352 3075 5437; x_wconf 88' lang='lat' dir='ltr'><strong>quin</strong></span> <span class='ocrx_word' id='word_1_849' title='bbox 3116 5356 3194 5417; x_wconf 84' lang='lat' dir='ltr'><strong>tu</strong></span> <span class='ocrx_word' id='word_1_850' title='bbox 3228 5374 3308 5418; x_wconf 91' lang='lat' dir='ltr'><strong>ea</strong></span> <span class='ocrx_word' id='word_1_851' title='bbox 3340 5353 3427 5418; x_wconf 91' lang='lat' dir='ltr'><strong>ad</strong></span> <span class='ocrx_word' id='word_1_852' title='bbox 3460 5359 3720 5436; x_wconf 86' lang='lat' dir='ltr'><strong>tempus</strong></span> <span class='ocrx_word' id='word_1_853' title='bbox 3753 5351 4053 5432; x_wconf 87' lang='lat' dir='ltr'><strong>tolerare,</strong></span> <span class='ocrx_word' id='word_1_854' title='bbox 4098 5359 4297 5436; x_wconf 85' lang='lat' dir='ltr'><strong>atque</strong></span> <span class='ocrx_word' id='word_1_855' title='bbox 4329 5370 4468 5416; x_wconf 84' lang='lat' dir='ltr'><strong>una</strong></span> <span class='ocrx_word' id='word_1_856' title='bbox 4499 5373 4656 5418; x_wconf 89' lang='grc'><strong>611111</strong></span> 
     </span>
    </p>
   </div>
  </div>
 </body>
</html>
