5100 6061
358 400 480 463 197

349 588 540 654 Haec
572 610 705 653 non
741 586 952 652 solum
973 608 1263 653 errorem
1295 588 1573 652 istorum
1607 589 1909 671 produnt,
1948 588 2062 653 sed
2098 589 2296 653 etiam

349 674 833 757 malignitatem
869 680 1091 738 eontra
1125 674 1252 738 Dei
1288 695 1483 755 opera
1516 681 1584 738 et
1617 676 1910 754 virtutes,
1951 694 2110 758 quas
2146 695 2295 738 eum

352 760 427 824 in
478 759 722 825 sanctis
768 760 901 824 suis
945 761 1197 841 operari
1242 760 1606 842 scripturae
1662 761 2057 843 praedicant.
2158 760 2222 824 N
2224 780 2296 824 os

351 846 771 929 agnoscimus
827 846 1043 910 Deum
1097 845 1279 912 velut
1332 854 1708 911 nascentem
1759 849 1829 911 in
1875 846 2095 911 electis
2139 847 2293 925 suis,

355 939 425 995 et
484 932 563 996 de
619 929 724 995 die
774 933 846 995 in
899 931 1069 995 diem
1116 938 1541 996 crescentem:
1591 933 1764 1014 quod
1805 953 1923 998 nos
1965 931 2151 997 docet
2192 954 2296 997 sa-

353 1016 545 1099 piens
590 1017 815 1101 (Prov.
862 1022 921 1093 4,
976 1019 1111 1100 18):
1150 1018 1501 1097 Iustorum,
1548 1018 1777 1101 inquit,
1822 1019 2071 1097 semita,
2111 1018 2295 1100 quasi

352 1101 472 1167 lux
518 1124 816 1169 crescens
859 1104 927 1167 in
971 1105 1332 1186 perfectum
1357 1103 1547 1168 diem.
1616 1105 1708 1168 Et
1733 1105 2019 1169 affirmat
2041 1111 2295 1186 aposto·

356 1188 462 1253 lus
486 1189 690 1270 (Phil.
725 1194 776 1267 1,
806 1188 902 1271 6):
963 1188 1139 1268 Quia
1159 1191 1267 1271 qni
1295 1190 1504 1272 coepit
1525 1190 1593 1253 in
1628 1188 1806 1255 vobis
1850 1211 2012 1272 opus
2034 1188 2295 1267 bonum,

352 1276 650 1357 perficiet
690 1297 894 1356 usque
938 1276 1010 1338 in
1055 1274 1227 1339 diem
1252 1276 1521 1339 Domini
1547 1275 1716 1340 Iesu.
1777 1275 1902 1340 Isti
1927 1296 2055 1339 non
2087 1275 2296 1340 solum

349 1381 516 1442 opus
551 1361 679 1425 Dei
726 1361 809 1425 ad
856 1368 1111 1445 tempus
1143 1361 1609 1439 intermittunt,
1649 1361 1763 1425 sed
1805 1361 2002 1426 etiam
2046 1362 2296 1425 exstin-

349 1457 583 1529 guunt.
674 1451 792 1525 [fol.
837 1453 938 1526 19]
997 1446 1129 1528 Qui
1185 1447 1368 1529 prius
1422 1447 1604 1511 ibant
1660 1447 1740 1511 de
1794 1447 1924 1512 fide
1967 1447 2037 1510 in
2080 1445 2295 1523 fidem,

354 1531 436 1596 de
481 1533 726 1597 virtute
781 1534 851 1597 in
896 1534 1238 1612 virtutem,
1294 1540 1360 1596 et
1412 1533 1831 1598 beatitudinis
1871 1540 2071 1616 gustu
2122 1534 2299 1597 frue-

350 1615 615 1695 bantur,
663 1639 862 1701 quum
908 1640 977 1683 00
1021 1620 1092 1682 111
1137 1620 1261 1683 Dei
1307 1641 1379 1684 00
1432 1618 1696 1684 ‘tatione
1740 1626 2145 1694 exercerent,
2192 1639 2299 1682 eos

350 1710 421 1766 et
461 1703 610 1784 fide,
658 1713 724 1769 et
764 1706 1027 1784 virtute,
1074 1712 1141 1769 et
1181 1705 1359 1768 omni
1472 1706 1528 1767 ei
1582 1706 1972 1788 cogitatione
2018 1711 2297 1768 exuunt:

349 1788 611 1855 desides
666 1799 924 1855 tantum
980 1800 1046 1855 et
1098 1798 1478 1855 veternosos
1543 1791 1611 1854 in
1678 1791 1902 1856 stratis
1967 1790 2297 1855 collocant.

350 1872 701 1955 Quomodo
737 1877 912 1941 enim
946 1879 1307 1959 profectum
1344 1876 1533 1940 illum
1566 1876 2120 1959 interpretantur?
2189 1877 2300 1940 An

349 1962 737 2025 existimant
746 1963 1000 2027 animas
1012 1963 1254 2045 perfici,
1268 1983 1470 2044 quum
1484 1960 1864 2026 dormiendo
1886 1963 2297 2045 saginantur:

349 2054 427 2111 ut
461 2047 738 2131 pingues
782 2058 849 2111 et
890 2048 1132 2112 nitidae
1176 2049 1534 2113 offerantur
1576 2049 1646 2111 in
1689 2057 2107 2131 conspectum
2151 2046 2299 2125 Dei,

348 2154 555 2215 quum
598 2133 677 2197 ad
715 2132 1025 2198 iudicium
1062 2134 1342 2199 sederit?
1403 2132 1478 2199 Si
1517 2134 1754 2199 micam
1789 2133 1943 2198 salis
1968 2131 2299 2211 haberent,

352 2239 486 2282 non
542 2220 635 2283 ita
688 2240 901 2284 crasse
944 2219 1343 2284 balbutirent
1398 2219 1477 2283 de
1523 2220 1768 2283 anima:
1817 2219 1931 2286 sed
1976 2226 2301 2301 quantum

352 2302 605 2369 distant
639 2305 800 2370 coeli
837 2305 1413 2383 terra,-ooelestem
1449 2305 1739 2369 animam
1775 2328 1814 2370 a
1857 2313 2115 2370 terreno
2159 2324 2301 2368 cor-

348 2411 506 2471 pore
553 2390 1016 2456 discernerent.
1105 2392 1203 2456 Er
1249 2413 1303 2468 o,
1350 2412 1554 2474 quum
1592 2390 1920 2456 desiderat
1974 2390 2302 2473 apostolus

343 2476 645 2554 dissolvi,
693 2484 759 2541 et
800 2498 942 2542 esse
984 2498 1135 2542 cum
1248 2477 1456 2542 hristo
1512 2476 1713 2560 (Phil.
1767 2482 1819 2554 l,
1857 2477 1997 2559 23),
2044 2498 2128 2539 an
2172 2476 2301 2540 illis

343 2562 616 2628 videtur
657 2563 826 2627 velle
862 2563 1160 2639 dormire,
1206 2572 1280 2626 ut
1321 2562 1502 2626 nullo
1543 2563 1822 2644 amplius
1844 2561 2091 2628 Christi
2136 2561 2302 2626 desi-

349 2648 529 2713 derio
575 2648 916 2713 teneatur?
1007 2648 1286 2732 Nempe,
1339 2648 1463 2713 hoc
1520 2649 1643 2712 fuit
1697 2650 1839 2712 eius
1886 2647 2297 2725 desiderium,

395 2736 462 2798 ui
510 2733 756 2799 sciebat
801 2755 869 2799 se
914 2734 1107 2799 aliam
1155 2733 1667 2799 aedificationem
1712 2734 1953 2799 habere
2008 2755 2092 2797 ex
2135 2731 2297 2811 Dee,

396 2840 622 2884 omum
678 2842 811 2884 non
866 2841 1067 2885 manu
1122 2821 1387 2897 factam,
1448 2821 1502 2884 si
1547 2821 1876 2884 terrestris
1922 2819 2153 2883 domus
2198 2820 2297 2884 sui

348 2905 702 2972 habitaculi
759 2906 1237 2971 dissolveretur.
1340 2905 1628 2971 Pulchre
1697 2927 1853 2971 vero
1907 2914 2078 2971 esset
2147 2926 2299 2970 cum

349 2990 634 3071 Christe,
679 2991 789 3076 qui
835 2992 1161 3058 desineret
1201 2992 1424 3059 vivere
1468 2993 1676 3057 vitam
1720 3013 1921 3057 suam.

1876 398 2115 466 PSYC
2123 397 2826 471 HOPANNYCHIA.

4241 414 4358 477 198

2401 586 2561 654 Sive
2597 591 2896 669 vivimus,
2935 592 3222 659 Domino
3267 595 3578 661 vivimus:
3637 597 3776 661 sive
3829 599 4166 679 morimur,
4215 602 4358 666 Do-

2401 676 2579 740 mino
2616 676 2961 741 morimur:
3002 678 3142 743 sive
3185 680 3490 760 vivimus,
3532 681 3671 748 sive
3703 684 4043 763 morimur,
4083 686 4354 751 Domini

2402 772 2644 825 sumus.
2716 761 2799 824 In
2834 762 2955 827 hoc
2991 765 3167 828 enim
3206 765 3516 832 Christus
3565 775 3860 834 mortuus
3902 776 4002 834 est
4037 778 4104 834 et
4136 792 4354 836 resur-

2402 847 2602 924 rexit,
2650 853 2727 909 ut
2759 847 2931 912 vivis
2972 848 3344 915 dominetur
3388 859 3453 915 et
3493 854 3787 919 mortuis.
3881 853 4057 935 Quid
4100 864 4357 940 poterat
4401 870 4408 876 '

2401 931 2671 1015 solidius
2726 932 2891 1016 erigi
2947 934 3029 998 ad
3072 936 3467 1002 fulciendam
3525 938 3724 1003 fidem
3771 948 4096 1021 nostram,
4155 964 4354 1025 quam

2389 1016 2636 1096 ’(110010,
2675 1017 3016 1083 Christum
3049 1024 3322 1088 mortuis
3369 1023 3733 1089 dominari?
3827 1025 3974 1090 Non
4019 1028 4196 1092 enim
4242 1029 4354 1094 do-

2402 1102 2638 1167 minari
2682 1110 2899 1185 potest
2933 1105 3063 1170 nisi
3108 1106 3210 1172 his
3247 1108 3360 1190 qui
3406 1118 3586 1174 sunt:
3635 1132 3838 1192 quum
3868 1112 4191 1179 subiectos
4214 1136 4355 1180 esse

2407 1196 2718 1272 oporteat,
2757 1188 2868 1253 ubi
2914 1190 3001 1254 sit
3045 1193 3407 1275 imperium.

2575 1361 2748 1426 Ecce
2805 1362 3004 1425 etiam
3063 1364 3520 1428 testimonium·
3570 1375 3796 1432 contra
3848 1387 3958 1432 eos
4012 1370 4230 1432 ferunt
4282 1370 4352 1433 in

2404 1446 2602 1524 coelo,
2641 1466 2861 1510 coram
2896 1448 3039 1511 Deo
3080 1454 3147 1511 et
3183 1449 3432 1532 angelis
3469 1452 3626 1529 eius,
3666 1453 3922 1517 animae
3959 1462 4350 1537 martyrum,

2403 1553 2569 1615 quae
2613 1532 2899 1597 clament
2933 1553 3092 1598 voce
3127 1554 3370 1618 magna
3404 1535 3524 1600 sub
3561 1537 3781 1601 altari:
3821 1538 4174 1621 Usquequo
4218 1541 4354 1605 Do-

2404 1618 2610 1694 mine,
2659 1639 2788 1682 non
2845 1618 3142 1684 vindicas
3197 1621 3586 1703 sanguinem
3629 1630 3926 1687 nostrum
3970 1624 4048 1688 de
4093 1624 4198 1691 his
4243 1627 4355 1710 qui

2406 1703 2708 1768 habitant
2743 1704 2809 1767 in
2854 1712 3033 1769 terra
3069 1706 3301 1789 (Apoc.
3347 1710 3404 1784 6,
3451 1706 3601 1789 10)?
3667 1708 3760 1771 Et
3796 1709 3983 1773 datae
4022 1720 4177 1773 sunt
4221 1712 4356 1776 illis

2406 1790 2609 1855 stolae
2645 1788 2845 1868 albae,
2893 1798 2959 1853 et
2998 1790 3246 1855 dictum
3292 1799 3391 1855 est
3433 1790 3565 1856 illis
3609 1803 3685 1856 ut
3729 1797 4208 1875 requiescerent
4242 1796 4355 1860 ad-

2407 1875 2535 1940 huc
2591 1882 2847 1957 tempus
2904 1879 3019 1953 [fol.
3070 1881 3177 1955 20]
3234 1876 3587 1956 modicum,
3648 1878 3849 1945 donec
3909 1882 4355 1963 compleantur

2406 1960 2703 2026 conservi
2738 1982 2962 2025 eorum
2997 1969 3063 2025 et
3099 1963 3331 2028 fratres
3354 1984 3577 2027 eorum
3602 1965 3710 2046 qui
3735 1965 4165 2032 interficiendi
4202 1975 4358 2032 sunt

2407 2048 2576 2112 sicut
2629 2054 2695 2111 et
2746 2046 2860 2110 illi.
2952 2047 3255 2112 Clamant
3309 2058 3717 2114 mortuorum
3773 2051 4059 2128 animae,
4118 2052 4356 2117 dantur

2405 2132 2537 2198 illis
2592 2132 2794 2197 stolae
2854 2133 3054 2198 albae.
3146 2132 3322 2214 Quid
3364 2155 3401 2197 o
3443 2135 3714 2216 spiritus
3770 2135 4128 2201 dormitorii
4167 2139 4349 2204 vobis

2406 2223 2561 2283 sunt
2603 2218 2802 2283 stolae
2846 2219 3071 2283 albae?
3127 2220 3502 2301 pulvinaria
3556 2221 3827 2298 scilicet,
3886 2224 3952 2286 in
3996 2224 4225 2304 quibus
4270 2225 4349 2288 ad

2406 2325 2707 2368 somnum
2754 2303 3089 2369 decubent.
3158 2305 3416 2370 Videtis
3472 2306 3602 2369 iam
3660 2308 3856 2371 stolas
3902 2307 4080 2372 albas
4123 2331 4350 2373 somno

2405 2411 2538 2454 non
2582 2391 2950 2455 convenire.
3017 2390 3321 2474 Vigilent
3363 2399 3648 2475 oportet,
3705 2413 3867 2475 quac
3920 2394 4012 2459 sic
4065 2394 4352 2459 induun-

2406 2483 2533 2539 tur.
2626 2473 2820 2555 Quod
2877 2477 2935 2540 si
2979 2498 3208 2542 verum
3266 2486 3393 2556 est,
3447 2477 3622 2541 haud
3667 2476 3861 2542 dubie
3905 2480 4112 2544 stolae
4170 2481 4354 2546 albae

2406 2561 2802 2643 principium
2838 2563 3083 2645 gloriae
3120 2563 3484 2645 designant,
3530 2561 3703 2645 quod
3740 2563 3963 2629 divina
3997 2565 4353 2631 liberalitas

2404 2647 2805 2731 martyribus
2849 2648 3159 2731 impertit,
3208 2647 3409 2714 donec
3454 2657 3873 2731 exspectatur
3919 2649 4054 2714 dies
4113 2651 4350 2718 iudicii.

2404 2731 2557 2796 Non
2611 2732 2787 2796 enim
2844 2754 3088 2797 novum
3148 2742 3246 2799 est
3300 2735 3372 2798 in
3428 2736 3766 2815 scripturis
3822 2734 4052 2798 stolam
4120 2738 4353 2815 albam,

2406 2816 2684 2901 gloriam
2728 2825 2793 2882 et
2833 2819 3255 2883 festivitatem
3297 2822 3582 2903 figurare
3638 2830 3703 2883 et
3763 2818 4091 2903 gaudium.
4182 2823 4352 2886 Nam

2404 2905 2474 2967 in
2521 2911 2700 2969 veste
2741 2904 3015 2969 candida
3058 2904 3382 2969 Dominus
3426 2905 3497 2968 iu
3542 2906 3790 2971 visione
3834 2917 4220 2989 conspectus
4257 2920 4355 2972 est

2403 2989 2668 3056 Danieli
2710 2990 2910 3074 (Dan.
2952 2995 3007 3068 7,
3047 2991 3135 3075 9).
3223 2991 3553 3073 Apparuit
3594 2990 3715 3057 hoc
3763 2991 3988 3057 habitu
4025 2991 4352 3058 Dominus

2350 3059 2353 3142 !
2398 3077 2469 3141 in
2514 3083 2736 3140 monte
2786 3077 3048 3142 Thabor
3098 3077 3363 3159 (Matth.
3410 3082 3503 3152 17,
3543 3079 3628 3156 2).
3724 3079 4017 3160 Apparet
4078 3079 4352 3162 angelus

521 3163 748 3244 Quid?
810 3186 896 3228 an
954 3185 1086 3229 non
1135 3166 1408 3229 horrent
1452 3165 1534 3229 ad
1579 3185 1804 3230 vocem
1850 3163 2138 3243 Domini,
2184 3164 2298 3246 qui
2404 3163 2671 3227 Domini
2707 3162 2789 3228 ad
2813 3163 3186 3245 sepulcrum
3208 3163 3591 3228 mulieribus
3613 3164 3685 3226 in
3708 3172 3890 3228 veste
3913 3164 4058 3227 alba
4081 3164 4349 3246 (Matth.

350 3270 595 3315 vocans
654 3271 723 3315 se
781 3250 999 3314 Deum
1057 3251 1426 3328 Abraham,
1481 3251 1670 3314 Isaac
1726 3257 1793 3314 et
1831 3249 2055 3327 Iacob,
2103 3250 2296 3313 simul
2406 3252 2506 3326 28,
2548 3250 2634 3328 3).
2725 3251 3066 3332 Apparent
3119 3247 3343 3313 eadem
3389 3249 3602 3331 speeie
3647 3249 3862 3332 angeli
3908 3248 4239 3332 discipulis
4283 3252 4354 3314 in

348 3335 718 3419 respondet,
757 3356 826 3401 se
865 3337 1082 3401 Deum
1121 3357 1261 3401 esse
1304 3337 1669 3401 viventium
1713 3357 1848 3400 non
1891 3342 2298 3399 mortuorum
2405 3334 2660 3399 coelum
2682 3335 3195 3417 respicientibus,
3230 3342 3378 3418 post
3399 3336 3671 3399 Domini
3707 3336 4148 3400 ascensionem
4176 3337 4351 3416 (Act.

350 3421 585 3503 (Marc.
630 3427 725 3501 12,
755 3422 909 3504 27)‘.>
998 3423 1227 3505 Neque
1267 3423 1470 3504 igitur
1510 3422 1620 3486 ille
1666 3429 1767 3485 est
1811 3421 1903 3486 eis
1946 3422 2015 3485 in
2058 3422 2295 3501 Deum,
2410 3424 2463 3499 1,
2509 3420 2636 3505 10).
2724 3420 2978 3485 Eadem
3032 3421 3157 3485 fuit
3211 3422 3457 3504 species
3510 3420 3729 3503 angeli
3778 3423 4151 3503 apparentis
4193 3420 4349 3486 Cor·

350 3527 567 3590 neque
608 3507 707 3571 illi
753 3509 1012 3573 suntin
1046 3508 1376 3591 populum.
1435 3505 1568 3571 Sed
1595 3507 1781 3571 aiunt
1811 3507 1972 3572 haec
2000 3514 2143 3570 tum
2185 3505 2296 3571 de·
2348 3503 2351 3518 '
2401 3507 2575 3571 nelio
2609 3507 2783 3589 (Act.
2828 3511 2924 3585 10,
2965 3508 3094 3591 30).
3164 3508 3257 3572 Et
3288 3526 3489 3590 quum
3521 3507 3676 3586 filio,
3711 3507 3821 3589 qui
3858 3507 4169 3589 dissipata
4204 3508 4356 3573 sub-

349 3612 533 3657 mum
571 3615 733 3658 vera
771 3595 925 3672 fore,
961 3616 1163 3676 quum
1196 3594 1436 3657 mortui
1461 3592 1945 3657 suscitabuntur
1967 3592 2049 3656 ad
2071 3592 2294 3670 vitam,
2401 3592 2644 3657 stantia
2686 3591 2770 3655 ad
2823 3598 3079 3674 patrem
3123 3614 3425 3658 reversus
3470 3600 3638 3670 erat,
3685 3591 3941 3657 reddita
3985 3602 4086 3657 est
4144 3594 4357 3676 prima

350 3698 555 3760 quum
604 3679 804 3744 etiam
858 3678 1057 3744 verba
1109 3681 1201 3745 010
1259 3679 1569 3743 habeant:
1647 3679 1750 3743 De
1822 3679 2296 3743 resurrectione
2348 3719 2352 3742 .
2403 3677 2596 3754 stola,
2645 3678 3014 3762 symbolum
3057 3678 3183 3742 fuit
3221 3678 3443 3761 gaudii
3488 3687 3554 3741 et
3596 3679 3971 3744 festivitatis
4017 3680 4208 3759 (Luc.
4257 3685 4352 3758 15,

351 3771 761 3829 mortuorum
800 3786 933 3829 non
978 3765 1228 3850 legistis
1274 3764 1444 3847 quod
1481 3764 1729 3830 dictum
1773 3762 1912 3828 est?
2003 3764 2152 3828 Non
2196 3773 2296 3828 ta·
2405 3765 2535 3844 22).
2626 3763 2901 3840 Deinde,
2946 3763 3001 3828 si
3047 3763 3414 3827 clamabant
3457 3773 3864 3828 mortuorum
3908 3765 4182 3840 animae,
4220 3786 4350 3827 non

349 3870 503 3915 men
540 3851 635 3916 sic
675 3873 743 3916 se
780 3851 1125 3935 explicant.
1196 3851 1422 3930 Quum
1447 3850 1625 3914 enim
1662 3848 1928 3915 Christo
1963 3851 2297 3933 negotium
2404 3847 2826 3914 dormiebant.
2884 3846 3163 3928 Quando
3198 3850 3405 3932 igitur
3440 3850 3564 3912 isto
3602 3870 3830 3930 sopore
3866 3848 4167 3931 perfundi
4205 3870 4347 3913 coe-

352 3945 524 4000 esset
559 3957 711 4001 cum
748 3935 1164 4016 Sadducaeis‚
1202 3939 1312 4019 qui
1352 3958 1482 4001 non
1525 3936 2064 4001 resurrectionem
2107 3933 2298 4000 modo
2402 3934 2686 4018 perunt‘?
2775 3935 3003 4017 Neque
3047 3935 3213 3998 mihi
3257 3934 3565 3999 obtrudat
3606 3935 3945 4017 quispiam,
3991 3933 4164 4016 quod
4199 3955 4348 3999 san-

352 4023 702 4105 negabant,
731 4021 844 4088 sed
871 4025 1244 4087 animarum
1272 4043 1524 4105 quoque
1547 4021 2130 4086 immortalitatem:
2172 4021 2299 4085 1100
2402 4022 2550 4105 guis
2597 4020 2762 4086 Abel
2810 4018 3133 4085 clamabat
3174 4021 3257 4084 ad
3293 4019 3530 4085 Deum.
3601 4020 3915 4104 Vulgaris
3960 4030 4185 4103 tropus
4231 4029 4347 4098 est,

350 4128 479 4171 uno
527 4108 724 4173 verbo
770 4108 929 4173 duos
973 4129 1226 4186 errores
1269 4109 1564 4174 convicit.
1653 4107 1828 4172 Nam
1871 4108 1925 4173 si
1970 4107 2155 4172 Deus
2197 4108 2298 4173 vi-
2401 4107 2629 4186 fateor,
2675 4127 2813 4171 rem
2853 4108 3064 4189 ipsam
3104 4106 3312 4189 loqui:
3361 4106 3704 4188 sanguinis
3750 4105 4154 4183 effusionem,
4201 4106 4347 4171 vin-

350 4196 647 4258 ventium
684 4204 784 4258 est
818 4195 1017 4272 Deus,
1058 4217 1190 4258 non
1216 4202 1647 4259 mortuorum:
1688 4194 2025 4259 Abraham
2059 4200 2296 4272 autem,
2349 4201 2353 4336 1
2404 4194 2644 4258 dictam
2687 4192 3034 4276 postulare.
3124 4193 3270 4257 Hoc
3305 4213 3459 4257 vero
3503 4193 3573 4254 in
3618 4192 3775 4269 1000,
3822 4191 4130 4256 affectum
4174 4213 4385 4264 mar-,

352 4277 539 4346 Isaac
576 4288 646 4344 et
687 4280 910 4358 Iacob,
950 4280 1240 4347 defuncti
1278 4287 1463 4345 erant
1499 4280 1623 4343 hac
1668 4281 1836 4359 vita,
1883 4300 2087 4362 quum
2127 4279 2298 4343 Mosi
2402 4287 2632 4363 tyrum
2663 4300 2783 4362 per
2817 4279 3166 4343 clamorem
3206 4279 3395 4343 nobis
3431 4278 3903 4358 repraesentari
3939 4284 4194 4342 certum
4230 4286 4348 4355 est,

349 4363 533 4430 Deus
577 4365 970 4448 loqueretur,
1009 4367 1232 4432 dicens
1274 4385 1604 4431 0000111111
1650 4388 1790 4430 0000
1834 4364 2072 4444 1)011111,
2119 4364 2295 4429 colli·
2348 4343 2353 4390 ¹
2402 4366 2572 4448 quod
2618 4386 2842 4431 eorum
2891 4365 3283 4429 desiderium
3330 4364 3471 4427 sine
3522 4362 3659 4426 ulla
3701 4364 3914 4446 figura
3957 4365 4350 4446 exprimitur

355 4450 535 4531 gitur
578 4472 735 4535 ergo
778 4473 887 4517 cos
932 4453 1127 4516 aliam
1180 4454 1385 4518 vitam
1429 4452 1670 4516 vivere.
1758 4452 1926 4516 Esse
1971 4452 2145 4516 enim
2191 4472 2298 4515 eos
2368 4485 2371 4490 ·
2404 4459 2471 4515 et
2515 4453 2745 4535 petit-io
2791 4450 3195 4516 describitur.
3285 4449 3637 4531 Usquequo
3695 4448 3981 4514 Domine
4025 4471 4157 4514 non
4203 4451 4349 4514 vin-

351 4544 623 4618 oportet,
662 4559 938 4620 quorum
979 4537 1160 4603 Deus
1203 4561 1273 4608 se
1317 4538 1532 4602 Deum
1569 4537 1739 4602 facit.

352 4641 460 4687 cas
506 4623 718 4688 addit:
765 4623 1010 4688 Omnia
1067 4625 1242 4688 enim
1298 4624 1393 4689 illi
1439 4625 1698 4689 vivunt:
1746 4644 1880 4688 non
1923 4623 2299 4708 intelligens

351 4708 574 4772 omnia
596 4710 817 4774 vivere
844 4710 969 4775 Dei
993 4713 1417 4792 praesentiae,
1447 4712 1492 4791 ¹)
1521 4708 1635 4774 sed
1664 4710 1804 4774 eius
1834 4710 2095 4776 virtute.
2150 4709 2298 4774 Hoc

353 4814 509 4878 crgo
553 4795 975 4877 relinquitur,
1022 4796 1388 4876 Abraham,
1434 4796 1641 4875 Isaac,
1688 4805 1755 4861 et
1796 4794 2008 4874 Iacob,
2055 4796 2297 4861 vivere.

354 4878 479 4944 Cui
536 4884 899 4947 sententiae
945 4882 1192 4947 accedit
1234 4882 1398 4946 illud
1444 4882 1718 4964 apostoli
1766 4882 1985 4963 (Rom.
2040 4886 2146 4959 14,
2194 4881 2293 4965 8):

1829 4537 2024 4603 Unde
2061 4546 2125 4602 et
2158 4538 2298 4602 Lu·
2350 4561 2353 4576 ·
2403 4538 2600 4617 dicas,
2647 4545 2764 4603 etc.
2856 4535 3078 4617 Quare
3122 4537 3191 4599 in
3235 4533 3461 4600 eodem
3498 4534 3664 4599 libro
3699 4534 3982 4601 Ioannes
4027 4535 4351 4617 duplicem

2403 4619 2944 4690 resurrectionem
2979 4620 3280 4705 prodidit,
3324 4618 3867 4703 quemadmodum
3912 4632 4185 4686 mortem
4232 4619 4351 4684 du-

2403 4711 2640 4793 plicem
2708 4712 2937 4789 (Apoc.
2990 4712 3089 4784 20,
3143 4713 3177 4770 5
3230 4707 3364 4787 ss.).
3476 4707 3807 4771 Nimirum
3871 4710 4151 4789 priorem
4210 4707 4349 4771 ani-

2403 4818 2570 4874 mae,
2614 4804 2766 4860 ante
2810 4792 3151 4858 iudicium:
3201 4794 3502 4870 alteram,
3550 4803 3752 4875 quum
3797 4814 4030 4874 corpus
4074 4794 4349 4858 suscita-

2402 4881 2611 4958 bitur,
2671 4889 2738 4945 et
2789 4900 2991 4962 quum
3046 4881 3266 4942 anima
3307 4900 3565 4961 quoque
3624 4879 4043 4944 suscitabitur
4083 4879 4153 4942 in
4211 4878 4351 4962 glo-

2402 4970 2590 5032 riam.
2683 4966 2906 5044 Beati,
2961 4965 3205 5046 inquit‚
3263 4967 3375 5048 qui
3429 4965 3674 5029 habent
3715 4973 3970 5047 partem
4021 4965 4089 5028 in
4131 4985 4354 5028 resur-

2402 5055 2693 5120 rectione
2735 5053 2972 5134 prima:
3021 5052 3091 5114 in
3137 5052 3260 5130 his,
3302 5049 3584 5117 secunda
3616 5071 3792 5115 mors
3836 5071 3971 5112 non
4017 5051 4217 5115 habet
4258 5051 4353 5115 lo-

2404 5162 2571 5205 cum.
2661 5138 2897 5220 Itaque
2940 5137 3126 5201 vobis
3171 5137 3575 5202 horrendum
3621 5143 3748 5214 est,
3795 5136 3904 5218 qui
3949 5137 4229 5218 primam
4275 5137 4355 5200 il-

2401 5226 2533 5291 lam
2582 5224 3127 5289 resurrectionem
3172 5244 3525 5307 agnoscere
3581 5243 3711 5285 non
3756 5221 3987 5300 vultis,
4045 5243 4209 5304 quae
4254 5231 4354 5286 ta-

2405 5333 2560 5376 men
2605 5332 2776 5375 unus
2819 5311 3158 5393 ingressus
3197 5318 3298 5374 est
3339 5308 3421 5373 ad
3464 5309 3721 5372 beatam
3765 5308 4058 5389 gloriam.

3830 5407 3944 5460 13*

492 5187 551 5256 1)
584 5191 939 5257 praesentiae,
976 5189 1172 5243 habent
1208 5186 1551 5242 1542—1563
1589 5190 1915 5244 assentiente
1955 5189 2115 5245 Gallo
2150 5190 2212 5256 (a
2246 5189 2299 5242 la

349 5258 656 5324 presence).
714 5258 1058 5313 Recentiores
1091 5264 1315 5312 mentem
1350 5259 1563 5311 autoris
1597 5260 1781 5311 minus
1816 5260 1946 5313 bene
1979 5259 2301 5326 attinyentes

352 5327 736 5380 mendarum.-
772 5329 1093 5396 praesentia.
