5100 6061
687 413 807 474 491

684 598 791 664 vel
836 596 1055 661 deliris
1096 594 1554 679 theologastris
1600 595 1971 682 ingeratur,
2020 614 2155 657 non
2198 592 2325 657 alio
2371 600 2638 676 spectat,

612 681 617 685 ’
684 683 816 749 nisi
872 689 950 747 ut
1007 679 1391 765 profundius
1446 682 1519 744 in
1574 680 1950 745 caecitatem
2006 677 2375 762 defigantur
2430 679 2642 743 homi-

685 791 850 835 num
892 776 1178 842 mentes,
1238 767 1307 831 id
1362 785 1770 848 nequaquam
1824 772 2194 829 monstrum
2241 773 2359 830 est.
2447 765 2642 829 Mon-

687 865 899 922 strum
958 856 1114 930 erit,
1170 855 1223 917 si
1269 851 1580 936 quidquid
1636 851 1708 914 in
1754 849 2029 916 ecclesia
2076 852 2327 935 geritur
2373 872 2447 916 eo
2484 851 2640 914 diri-

685 950 848 1025 gant
915 941 1264 1017 Germani,
1319 947 1394 1003 ut
1448 936 1630 1020 plebs
1676 936 1758 1000 ad
1810 937 2179 1021 legitimum
2223 937 2348 1001 Dei
2393 936 2642 1002 cultum

684 1028 1017 1105 instituta,
1062 1046 1322 1090 omnem
1363 1025 1648 1088 iustitiae
1698 1029 1766 1087 et
1807 1023 2040 1088 salutis
2078 1022 2386 1088 fiduciam
2428 1042 2642 1106 spem-

688 1134 818 1196 que
880 1114 1200 1177 bonorum
1273 1110 1568 1174 omnium
1647 1111 1716 1172 in
1792 1130 1925 1174 uno
1994 1108 2260 1174 Christo
2327 1130 2643 1190 reponere

688 1199 943 1276 edocta,
1000 1200 1072 1261 in
1131 1218 1355 1261 veram
1418 1196 1730 1279 pietatem
1791 1200 1908 1273 [fol.
1950 1199 2058 1273 31]
2118 1195 2427 1277 proficiat.
2520 1196 2641 1259 Ata

688 1287 803 1368 qui
838 1286 886 1368 ¹)
930 1284 1294 1348 innumeris
1336 1281 1905 1364 superstitionibus
1946 1288 2015 1345 et
2042 1282 2170 1345 Dei
2191 1281 2406 1346 cultus
2452 1302 2640 1346 ever-

689 1394 803 1437 sus
855 1379 955 1435 est
1010 1376 1076 1433 et
1128 1368 1424 1451 dispersa
1486 1368 1557 1432 in
1612 1368 2003 1432 vanissimas
2054 1368 2376 1433 vanitates
2430 1367 2640 1431 homi-

686 1478 849 1521 num
892 1453 1146 1532 fiducia,
1189 1465 1255 1519 et
1296 1461 1434 1519 tota
1476 1454 1611 1519 fere
1654 1454 1861 1535 pietas
1902 1454 2225 1517 exstincta
2268 1463 2382 1531 est,
2427 1451 2492 1516 id
2538 1454 2639 1516 ni-

685 1542 784 1607 hil
850 1542 1048 1606 habet
1105 1543 1401 1606 monstri.
1492 1541 1873 1604 Monstrum
1933 1539 2059 1603 erit
2102 1540 2160 1603 si
2218 1538 2639 1621 propheticae

685 1635 755 1693 et
814 1627 1203 1711 apostolicae
1279 1627 1614 1693 doctrinae
1678 1625 1894 1689 locum
1967 1622 2137 1706 apud
2204 1645 2274 1688 se
2340 1624 2641 1689 dederint

688 1714 1027 1790 Germani,
1074 1734 1238 1796 quae
1282 1712 1469 1778 nobis
1513 1710 1833 1795 praecipit
1873 1710 1955 1774 ab
1988 1732 2117 1775 uno
2156 1712 2297 1774 Deo
2332 1709 2635 1793 pendere,

686 1801 786 1865 illi
845 1801 1132 1865 tribuere
1187 1797 1454 1863 laudem
1520 1798 1817 1861 omnium
1882 1797 2226 1874 bonorum,
2299 1796 2380 1860 ad
2447 1797 2637 1860 illum

686 1908 925 1962 unum,
980 1886 1233 1969 quoties
1303 1884 1524 1965 aliqua
1580 1891 1774 1966 urget
1830 1883 2209 1959 necessitas,
2269 1884 2634 1966 confugere,

684 1972 1005 2057 quidquid
1056 1972 1211 2037 boni
1266 1970 1610 2047 habemus,
1671 1970 1808 2033 eius
1866 1968 2257 2051 benignitati
2298 1976 2637 2050 acceptum

685 2060 961 2139 referre,
1021 2059 1220 2121 vitam
1267 2064 1601 2121 aeternam
1645 2076 1778 2120 non
1824 2056 1950 2119 nisi
1996 2055 2286 2137 gratuita
2330 2055 2470 2119 eius
2513 2057 2638 2116 mi-

687 2145 1039 2211 sericordia
1081 2152 1477 2226 exspectare,
1523 2141 1911 2206 renunciare
1958 2149 2221 2204 nostrae
2265 2140 2639 2222 sapientiae,

686 2239 763 2296 ut
801 2231 896 2295 illi
942 2230 1179 2294 dociles
1223 2250 1343 2295 nos
1387 2230 1830 2312 praebeamus,
1868 2247 2130 2291 omnem
2165 2226 2468 2309 propriae
2502 2227 2638 2290 vir·

687 2320 870 2393 tutis,
895 2317 1202 2392 iustitiae,
1236 2316 1601 2380 sanctitatis
1629 2313 1904 2397 gloriam
1931 2334 2005 2377 ac
2037 2311 2345 2377 fiduciam
2373 2332 2635 2389 exuere,

684 2412 764 2465 ut
804 2402 1052 2466 virtute
1108 2402 1249 2465 eius
1292 2400 1604 2474 roborati,
1665 2400 1805 2463 eius
1850 2398 2103 2463 iustitia
2146 2397 2380 2476 induti,
2425 2399 2639 2462 ornati

686 2486 829 2552 eius
888 2488 1256 2564 sanctitate,
1331 2487 1402 2548 in
1466 2487 1753 2550 bonitate
1826 2485 1967 2549 eius
2031 2485 2517 2567 acquiescamus
2575 2491 2641 2547 et

686 2573 1062 2657 gloriemur,
1109 2570 1343 2644 deinde
1386 2577 1593 2635 totam
1627 2571 1906 2635 istorum
1949 2569 2269 2634 bonorum
2313 2590 2639 2634 summam

684 2659 969 2724 sciamus
1004 2660 1075 2722 in
1101 2656 1367 2723 Christo
1398 2678 1540 2723 esse
1575 2657 1946 2740 repositam,
1986 2655 2294 2720 admonet
2327 2677 2409 2720 ne
2442 2677 2639 2737 quam

685 2744 839 2809 alibi
883 2743 1272 2827 particulam
1318 2763 1729 2826 quaeramus.
1822 2743 1916 2806 At
1969 2740 2137 2825 quod
2182 2743 2253 2806 in
2298 2743 2482 2807 varia
2526 2742 2640 2806 de-

681 2830 1031 2895 liramenta
1089 2829 1428 2894 hominum
1482 2835 1737 2893 mentes
1804 2851 1844 2892 a
1911 2849 2064 2892 vero
2128 2828 2271 2893 Deo
2328 2837 2640 2893 avocatae

683 2914 1167 2992 distrahuntur,
1214 2916 1384 2998 quod
1429 2914 1557 2979 Dei
1602 2914 1880 2998 gloriam
1925 2914 2243 2997 sacrilega
2287 2915 2639 2997 ingratitu-

683 3001 836 3068 dine
891 3004 1066 3068 inter
1120 3009 1453 3068 creaturas
1497 3002 1905 3084 partiuntur,
1965 2999 2137 3083 quod
2182 3009 2474 3065 mortuos
2519 3000 2639 3065 ho·

681 3091 894 3155 mines
960 3111 1077 3171 pro
1140 3087 1287 3154 Deo
1353 3090 1687 3165 invocant,
1757 3086 1927 3170 quod
1989 3085 2251 3151 laudem
2318 3086 2638 3150 bonorum

682 3177 1176 3259 gratiarumque
1218 3176 1541 3239 actionem
1585 3173 1665 3239 ad
1711 3174 1888 3256 ipsos
1940 3195 1979 3237 a
2024 3174 2167 3238 Deo
2212 3171 2637 3250 transferunt,

682 3262 902 3326 varios
969 3261 1091 3326 sibi
1148 3258 1362 3325 aditus
1432 3260 1513 3325 ad
1574 3260 1779 3324 vitam
1835 3266 2171 3324 aeternam
2237 3259 2638 3340 confingunt,

684 3349 867 3410 inani
910 3348 1213 3430 propriae
1258 3347 1645 3430 sapientiae,
1692 3345 2008 3424 iustitiae,
2054 3344 2354 3419 virtutiS,
2400 3343 2640 3410 fiducia

683 3432 1001 3497 adversus
1044 3433 1265 3496 Deum
1321 3432 1733 3515 superbiunt,
1799 3431 2016 3514 impiis
2059 3429 2639 3514 imaginationibus

684 3517 1033 3583 Christum
1073 3519 1422 3582 obscurant
1465 3530 1532 3581 et
1586 3519 1722 3582 fere
1767 3518 2118 3600 sepeliunt:
2167 3518 2275 3581 hic
2321 3517 2486 3581 nihil
2538 3524 2640 3581 est
2689 3566 2692 3573 .

685 3605 993 3681 monstri,
1053 3623 1173 3667 nec
1212 3603 1583 3668 timendum
1624 3610 1748 3683 est,
1796 3605 1850 3669 si
1896 3606 1967 3668 in
2010 3604 2311 3668 futurum
2353 3606 2446 3668 ita
2488 3625 2639 3685 per-

684 3697 866 3774 gant.
966 3691 1345 3755 Monstrum
1395 3689 1549 3769 erit,
1608 3689 1662 3753 si
1722 3697 2082 3774 agnoscant
2126 3689 2446 3755 Germani
2492 3689 2638 3754 nul·

683 3777 818 3840 lam
860 3796 1001 3842 esse
1044 3774 1431 3840 hominibus
1465 3797 1615 3841 cum
1659 3777 1801 3841 Deo
1858 3776 2451 3841 reconciliationem
2509 3777 2638 3840 nisi

685 3864 758 3926 in
822 3862 1121 3941 Christe,
1188 3883 1321 3926 non
1386 3862 1575 3926 aliter
1637 3882 1833 3944 quam
1908 3862 2117 3944 ipsius
2173 3862 2639 3927 intercessione

684 3948 1081 4013 exorabilem
1148 3948 1629 4031 propitiumque
1694 3949 1910 4012 Deum
1985 3948 2171 4013 nobis
2249 3948 2423 4026 fieri,
2469 3948 2642 4030 ³quia

2187 402 2710 471 CONSILIUM
2752 403 3042 470 PAULI
3085 401 3213 467 III.

2691 591 2700 1126 z

686 4054 914 4098 omnes
971 4036 1104 4099 sint
1155 4041 1528 4116 peccatores
1580 4033 1833 4131 indigni
1878 4032 2004 4097 Dei
2054 4042 2433 4115 conspectu,
2504 4055 2640 4098 non
2692 4032 2695 4053 ⁸

685 4120 879 4185 aliter
920 4121 1120 4203 recipi
1165 4121 1233 4183 in
1279 4121 1589 4202 gratiam,
1646 4122 1773 4184 nisi
1828 4120 2105 4203 expiatis
2148 4141 2268 4202 per
2312 4121 2448 4185 eius
2490 4141 2641 4185 cru-

685 4227 830 4271 cem
894 4206 1208 4288 peccatis‚
1265 4227 1491 4270 omnes
1549 4227 1690 4270 esse
1743 4207 2066 4289 impuros,
2124 4205 2250 4270 nisi
2296 4205 2437 4270 eius
2490 4227 2641 4270 san-

687 4293 889 4375 guine
934 4291 1314 4370 abluantur,
1360 4312 1686 4374 nusquam
1729 4292 1884 4357 alibi
1927 4313 2119 4375 quam
2167 4292 2237 4355 in
2293 4291 2404 4355 illo
2449 4292 2643 4356 unico

683 4378 1002 4443 sacrificio
1045 4397 1187 4442 esse
1230 4386 1615 4460 perpetuam
1660 4379 2192 4453 satisfactionem,
2237 4397 2404 4460 quae
2448 4397 2571 4440 nos
2607 4399 2646 4441 a

691 4463 1109 4527 damnatione
1165 4462 1415 4527 liberet.
1505 4464 1652 4530 Hac
1696 4463 2091 4530 certitudine
2134 4462 2448 4527 subnixas
2489 4484 2644 4528 con-

689 4550 1021 4627 scientias,
1067 4547 1407 4613 indubiam
1454 4558 1758 4631 aeternae
1784 4549 2015 4615 salutis
2042 4548 2349 4613 fiduciam
2386 4555 2452 4613 et
2485 4570 2644 4630 qua-

686 4636 787 4700 vis
839 4635 1071 4700 notitia
1124 4634 1499 4700 solidiorem
1563 4636 1902 4719 concipere
1968 4634 2221 4700 debere.
2325 4636 2421 4700 At
2473 4635 2644 4716 quod

685 4730 863 4786 totus
906 4723 1155 4806 passim
1191 4722 1478 4786 mundus
1513 4742 1685 4786 nova
1721 4723 1978 4804 piacula
2013 4728 2081 4786 et
2116 4722 2435 4788 sacrificia
2469 4743 2644 4787 com-

686 4808 1074 4887 miniscitur,
1120 4808 1354 4892 quibus
1399 4808 1528 4872 Dei
1559 4808 1878 4874 iudicium
1912 4809 2202 4891 effugiat,
2247 4829 2452 4873 novos
2488 4806 2644 4872 sub-

686 4894 839 4959 inde
896 4894 1319 4973 mediatores,
1375 4916 1651 4978 quorum
1696 4895 2162 4959 intercessione
2207 4915 2279 4959 se
2322 4896 2647 4959 sustineat

686 4983 943 5061 quaerit
961 5034 974 5058 ,
1029 4981 1528 5064 inquinamenta
1570 4982 1788 5045 nescio
1832 5001 1997 5062 quae
2038 5001 2156 5062 pro
2202 4979 2644 5045 ablutionibus

4037 356 4068 400 ι
4581 409 4706 474 492

2747 598 2975 668 natur,
3020 592 3196 655 omni
3254 599 3431 657 caret
3476 595 3748 658 monstri
3793 594 4203 678 suspicione?
4308 593 4386 660 Si
4429 615 4707 663 excusso

2748 678 3081 742 inutilium
3129 678 3239 742 vel
3296 679 3493 743 etiam
3547 679 3899 764 impiarum
3951 680 4378 746 traditionum
4430 682 4585 766 iugo
4639 692 4712 746 et

2749 785 2946 828 saeva
2980 762 3095 828 illa
3118 764 3667 829 conscientiarum
3688 768 4084 844 carnificina,
4113 767 4411 850 regulam
4437 767 4712 834 vivendi

2751 850 2830 914 ab
2875 871 3004 913 uno
3048 849 3418 933 legislatore
3464 858 3531 915 et
3568 852 3889 935 magistro
3932 860 4162 935 petant
4205 853 4546 931 Germani,
4606 857 4711 919 in-

2749 936 2944 998 terim
3009 943 3230 1000 tamen
3295 957 3430 1000 non
3486 957 3564 1001 ea
3627 938 3966 1022 negligant
4023 940 4365 1016 exercitia,
4419 961 4586 1022 quae
4641 950 4713 1005 et

2749 1020 2998 1086 Christi
3053 1021 3308 1105 legibus
3373 1023 3508 1088 sint
3562 1035 4000 1091 consentanea
4017 1076 4031 1101 ‚
4088 1036 4156 1089 et
4200 1025 4285 1090 ad
4327 1047 4438 1091 eas
4484 1027 4711 1093 obser-

2746 1106 2998 1172 vandas
3051 1107 3338 1173 subsidio
3406 1129 3547 1174 esse
3612 1119 3882 1191 queant,
3945 1120 4318 1176 monstrum
4376 1113 4522 1177 erit.
4610 1114 4711 1179 At

2746 1193 2917 1275 quod
2952 1202 3371 1276 praepostera
3404 1194 3776 1261 obedientia
3813 1201 3929 1274 [sol.
3969 1203 4075 1276 32]
4114 1196 4244 1262 Dei
4278 1198 4478 1263 verbo
4513 1219 4710 1282 prae-

2746 1279 3049 1344 feruntur
3092 1281 3438 1345 hominum
3482 1281 3692 1365 leges,
3740 1281 3911 1365 quod
3953 1285 4026 1348 in
4068 1283 4322 1349 frivolis
4353 1285 4444 1348 'ac
4487 1284 4708 1348 inani-

2745 1366 2869 1430 bus
2934 1366 3526 1431 observatiunculis
3592 1367 3891 1434 homines
3960 1370 4458 1452 obstupescunt,
4510 1369 4710 1456 ‘quod

2747 1452 2887 1515 sine
2932 1451 3068 1515 ullo
3109 1452 3327 1516 fructu
3372 1461 3488 1516 aut
3542 1453 3990 1520 aedificatione
4033 1456 4103 1519 in
4149 1457 4342 1540 nugis
4383 1456 4518 1521 illis
4563 1477 4710 1522 ser-

2745 1536 2978 1601 vandis
3022 1558 3092 1603 se
3136 1539 3546 1616 excruciant,
3604 1539 3775 1621 quod
3819 1540 3953 1605 11110
3997 1542 4319 1606 iustitiam
4361 1541 4705 1621 collocant,
4743 1571 4754 1578 ’

2745 1624 2816 1686 111
2871 1645 2945 1686 eo
2994 1623 3161 1687 nihil
3218 1633 3317 1688 est
3374 1628 3669 1691 monstri.
3761 1627 4138 1692 Monstrum
4183 1628 4335 1704 erit,
4384 1628 4439 1692 si
4485 1650 4708 1693 sacra-

2744 1718 2968 1773 menta
2996 1731 3035 1773 a
3056 1710 3344 1774 Domino
3378 1712 3679 1776 instituta
3703 1712 4021 1778 Germani
4059 1713 4143 1777 ad
4165 1715 4466 1779 nativum
4500 1716 4709 1779 finem

2743 1805 3078 1872 revocent,
3117 1807 3192 1859 ut
3229 1797 3546 1860 nimirum
3582 1799 4240 1864 communicationem
4277 1798 4530 1865 Christi
4563 1801 4707 1883 ple-

2744 1882 2893 1946 nius
2933 1881 3067 1945 illic
3106 1882 3472 1966 percipiant
3513 1883 3738 1949 fideles
3774 1886 4048 1962 animae,
4097 1893 4165 1949 et
4206 1887 4278 1949 in
4323 1885 4538 1969 gratia
4571 1887 4706 1951 Dei

2744 1968 3158 2045 roborentur,
3206 1977 3271 2033 et
3313 1976 3451 2033 tam
3502 1978 3929 2034 exerceantur
3971 1971 4053 2036 ad
4098 1971 4392 2036 studium
4435 1981 4709 2038 sanctae

2742 2054 2945 2130 vitae,
3002 2074 3199 2135 quam
3251 2056 3323 2118 in
3367 2053 3616 2120 Christi
3671 2057 4004 2140 agnitione
4046 2069 4428 2142 augescant:
4488 2059 4545 2123 si
4587 2058 4707 2123 de-

2743 2137 2896 2203 inde
2941 2159 3205 2221 operam
3251 2139 3550 2205 dederint
3593 2149 3669 2206 ut
3711 2144 4156 2208 caeremoniae
4187 2144 4506 2227 =ritusque
4561 2166 4707 2209 om-

2743 2246 2862 2290 nes
2918 2225 2986 2288 in
3044 2223 3221 2291 hunc
3266 2247 3535 2308 scopum
3574 2229 4027 2307 conferantur,
4074 2250 4186 2294 eas
4231 2239 4484 2304 autem,
4532 2249 4706 2312 quae

2743 2318 2901 2376 sunt
2945 2331 3214 2393 prorsus
3260 2313 3531 2390 alienae,
3578 2314 4057 2397 abrogaverint.
4130 2315 4225 2379 At
4267 2315 4439 2398 quod
4484 2337 4707 2382 sacro-

2743 2398 2985 2462 sanctis
3030 2397 3283 2470 Christi
3324 2399 3658 2482 mysteriis
3700 2400 4059 2465 insolenter
4102 2400 4466 2466 abutuntur
4500 2404 4707 2467 sacri-

2743 2482 2919 2546 ficuli
2973 2482 3054 2546 ad
3109 2484 3496 2548 obscoenam
3541 2485 4110 2563 nundinationem,
4161 2487 4332 2551 nihil
4371 2487 4527 2553 inde
4570 2490 4713 2572 spi-

2745 2570 2999 2634 ritualis
3045 2570 3470 2635 emolumenti
3515 2570 3597 2634 ad
3643 2572 3956 2654 populum
4003 2571 4198 2652 redit3
4244 2574 4417 2656 quod
4458 2573 4709 2656 baptis-

2744 2677 2923 2734 mus,
2980 2676 3106 2738 quo
3151 2678 3269 2720 nos
3324 2657 3569 2721 initiari
3612 2666 3989 2740 oportuerat
4041 2659 4113 2722 in
4170 2680 4394 2724 veram
4450 2660 4711 2741 purita-

2743 2748 2898 2820 tem,
2946 2750 3042 2806 000
3082 2741 3290 2807 modis
3335 2753 3436 2807 est
3478 2745 3992 2824 contaminatus;
4050 2744 4220 2827 quod
4264 2747 4713 2811 sacratissima

2745 2848 2948 2893 coena
3013 2835 3107 2893 tot
3158 2828 3474 2911 implicita
3539 2830 3901 2913 sacrilegiis
3969 2831 4105 2895 fere
4160 2831 4452 2896 obsoleta
4505 2841 4572 2896 et
4633 2834 4708 2897 in

2744 2914 3031 2977 nihilum
3085 2914 3348 2980 redacta
3390 2924 3521 2991 est,
3590 2917 3731 2980 eius
3778 2917 3844 2979 in
3903 2916 4117 2982 locum
4162 2919 4473 2983 successit
4515 2940 4710 2983 exse-

2746 2999 3006 3065 crabilis
3061 3001 3455 3084 profanatio,
3524 3024 3652 3086 qua
3717 3013 3784 3067 et
3839 3001 4145 3069 Christus
4199 3002 4544 3070 sacerdotii
4600 3007 4708 3070 sui

2746 3086 2990 3151 honore
3057 3088 3401 3170 spoliatur,
3469 3097 3535 3152 et
3587 3090 3830 3171 impuri
3894 3089 4276 3166 sacrificuli,
4334 3091 4506 3173 quod
4561 3092 4709 3157 eius

2744 3174 3081 3256 proprium
3136 3181 3279 3238 erat
3343 3175 3467 3240 sibi
3521 3184 3860 3258 arrogant,
3940 3184 4007 3239 et
4073 3177 4462 3241 beneficium
4530 3176 4712 3259 quod

2744 3258 2933 3324 nobis
2955 3280 3075 3323 sua
3110 3268 3320 3324 morte
3360 3262 3684 3343 praestitit
3716 3261 4140 3341 obliteratur;
4175 3262 4345 3344 quod
4380 3263 4712 3328 immensa

2744 3347 3304 3411 caeremoniarum
3347 3347 3677 3431 farragine
3721 3369 3804 3411 ex
3852 3347 4175 3413 iudaismo
4219 3356 4288 3413 et
4331 3349 4708 3431 gentilitate

2746 3432 3073 3515 permixta
3117 3432 3511 3498 christianae
3540 3433 3848 3499 ecclesiae
3892 3432 4285 3511 obruuntur;
4333 3434 4508 3518 quod
4553 3435 4708 3517 plu-

2744 3521 2949 3582 rimae
2993 3539 3074 3582 ex
3118 3520 3201 3582 iis
3243 3519 3496 3583 nullam
3540 3519 4085 3603 significationem
4130 3519 4406 3597 habent,
4453 3520 4708 3586 multae

2744 3607 2942 3669 etiam
2986 3625 3253 3687 prorsus
3297 3615 3454 3669 sunt
3496 3606 3810 3671 ridiculae
3854 3616 3920 3670 et
3973 3606 4285 3688 pueriles;
4340 3606 4515 3689 quod
4567 3628 4708 3671 non

2745 3690 2935 3755 modo
2998 3693 3236 3756 crassis
3291 3691 3556 3774 ineptiis
3613 3692 3895 3774 populus
3948 3700 4266 3774 perpetuo
4325 3699 4706 3775 occupatur,

2746 3777 2861 3841 sed
2916 3777 2984 3840 in
3040 3777 3452 3842 manifestam
3506 3779 3909 3860 impietatem
3954 3799 4024 3842 se
4068 3779 4451 3861 proecipitat
4467 3831 4482 3856 ,
4542 3777 4711 3844 dum

2745 3863 2973 3928 adorat
3025 3870 3433 3927 mortuorum
3485 3884 3679 3941 ossa‚·
3720 3864 3955 3928 statuis
4002 3871 4068 3927 et
4110 3865 4507 3948 imaginibus
4544 3886 4708 3948 sup-

2745 3948 2942 4031 plicat
3004 3955 3071 4013 et
3134 3949 3340 4013 multa
3389 3949 3704 4031 eiusmodi
3761 3949 4088 4033 designat,
4148 3949 4218 4014 id
4275 3950 4444 4014 nihil
4500 3951 4711 4016 habet

2746 4035 2910 4099 vitii.
2987 4033 3065 4098 Si
3109 4035 3459 4118 tyrannide
3492 4036 3904 4112 Antichristi,
3954 4055 4118 4117 quae
4161 4037 4477 4103 hactenus
4525 4037 4708 4119 apud

2745 4141 2867 4185 nos
2903 4129 3199 4203 grassata
3232 4130 3351 4198 est,
3390 4122 3647 4200 abolita,
3686 4143 3795 4186 eos
3820 4122 4105 4187 ecclesiis
4140 4124 4475 4188 ministros
4508 4144 4709 4205 prae-

2748 4207 2974 4272 ficiant
2993 4207 3334 4283 Germani,
3374 4209 3484 4289 qui
3519 4208 3801 4273 officium
3838 4228 4034 4273 suum
4068 4210 4377 4274 noverint
4410 4217 4477 4273 et
4510 4230 4709 4274 exer-

2749 4299 2966 4369 ceant,
3032 4293 3144 4375 qui
3210 4315 3370 4358 sana
3425 4293 3720 4359 doctrina
3763 4294 4020 4377 plebem
4064 4303 4338 4378 pascant
4353 4346 4366 4371 ‚
4432 4303 4708 4365 sanatae

2748 4379 2923 4443 vitae
2981 4379 3279 4461 exemplo
3332 4392 3644 4461 praeeant
3689 4379 4008 4457 omnibuS,
4053 4382 4124 4443 in
4173 4381 4449 4445 salutem
4495 4382 4708 4447 eccle-

2749 4465 2885 4529 siae
2940 4464 3164 4529 sedulo
3223 4464 3615 4549 advigilent,
3673 4478 3893 4549 patres
3950 4466 4229 4549 denique
4281 4474 4394 4531 et-
4405 4477 4708 4548 pastores

2749 4573 2819 4616 se
2854 4570 2996 4615 esse
3034 4551 3475 4627 meminerint,
3513 4574 3723 4635 neque
3766 4552 3915 4635 plus
3961 4551 4087 4616 sibi
4120 4563 4458 4634 usurpent,
4504 4574 4710 4636 quam

2748 4646 2824 4701 ut
2870 4637 2990 4701 sub
3035 4638 3232 4701 unius
3278 4637 3528 4701 Christi
3580 4640 3956 4722 magisterio
3999 4639 4313 4721 populum
4357 4640 4706 4717 retineant,

2747 4721 2948 4787 iidem
2991 4723 3308 4787 familiam
3346 4724 3704 4806 prudenter
3748 4732 3814 4789 et
3856 4723 4189 4789 moderate
4233 4734 4495 4808 regant,
4540 4725 4707 4790 libe-

2751 4830 2857 4874 ros
2908 4809 2980 4872 in
3034 4809 3269 4873 timore
3324 4810 3454 4874 Dei
3502 4810 3836 4888 erudiant,
3902 4811 4274 4894 coniugium
4335 4833 4465 4894 qua
4519 4810 4711 4877 decet

2749 4894 3090 4960 honestate
3127 4903 3195 4960 et
3237 4894 3551 4979 pudicitia
3585 4896 3820 4972 colant,
3866 4919 3996 4961 non
4034 4904 4293 4961 tantum
4330 4906 4706 4963 monstrum

2749 4982 2892 5059 erit,
2939 4982 3053 5047 sed
3080 4981 3325 5064 aliquid
3361 4993 3649 5047 monstro
3687 4984 4056 5048 immanius.
4125 4984 4221 5047 At
4238 4982 4409 5066 quod
4451 4983 4746 5048 idolum*

689 5066 814 5130 sibi
842 5068 1131 5145 accersit,
1181 5067 1426 5133 fictitiis
1462 5067 2014 5132 satisfactionibus
2061 5066 2382 5131 redimere
2419 5087 2488 5131 se
2536 5086 2644 5130 co-
2749 5067 2914 5132 illud
2957 5088 3304 5132 romanum
3348 5068 3413 5131 in
3462 5072 3837 5135 sanctuario
3881 5067 4010 5132 Dei
4056 5089 4198 5133 sese
4247 5090 4367 5151 pro
4410 5070 4557 5135 Deo
4600 5092 4705 5135 os-

802 5233 875 5239 ffl
896 5234 965 5239 ⁶*k
1022 5233 1099 5240 ...ἡ

834 5338 883 5403 1)
927 5340 1161 5394 Omnino
1197 5341 1500 5411 legendum.-
1536 5344 1611 5393 At
1645 5340 1805 5409 quod.

2749 5161 2962 5217 tentat
3015 5163 3081 5217 et
3140 5153 3476 5231 adoratur,
3533 5155 3703 5237 quod
3757 5156 4127 5219 miserrima
4180 5155 4498 5221 servitute
4555 5157 4704 5245 uni-

2749 5259 3018 5304 versum
3075 5239 3298 5304 orbem
3352 5242 3624 5323 premit,
3687 5240 3859 5324 quod
3912 5250 4232 5323 potestate
4285 5262 4483 5322 quam
4539 5242 4706 5307 falso

2748 5326 3074 5408 praetexit
3127 5326 3208 5391 ad
3254 5329 3610 5408 perniciem
3654 5328 3941 5391 omnium
3989 5324 4286 5390 abutitur
4307 5377 4322 5404 ,
4390 5326 4563 5410 quod
4607 5336 4708 5392 tot
