5100 6061
372 413 454 476 33
1614 406 1623 431 ¹
1855 407 2145 473 LIBER
2187 407 2242 474 Ι.
2329 406 2634 475 CAPUT
2678 409 2730 473 I.
2799 408 2891 473 11.
4292 414 4374 476 34

1136 646 1436 713 CAPUT
1482 646 1565 713 11.

547 769 712 834 Esse
754 774 961 834 autem
1002 768 1249 847 aliquos
1291 768 1434 845 scio,
1479 770 1590 848 qui
1624 768 1946 834 clementia
1977 767 2327 847 pessimum

373 876 671 940 quemque
681 859 905 935 putent
923 854 1254 918 sustineri:
1290 854 1583 934 quoniam
1614 856 1746 919 nisi
1765 859 1911 935 post
1942 853 2188 929 crimen,
2221 872 2327 916 su-

373 1116 561 1180 etiam
584 1112 757 1193 apud
777 1115 967 1176 sanos
986 1110 1179 1175 honor
1187 1116 1292 1189 est,
1315 1111 1409 1175 ita
1430 1111 1812 1177 clementiam
1824 1112 2114 1191 quamvis
2118 1130 2324 1191 poena

371 1201 553 1283 diyni
573 1198 1076 1275 invocent,‚etiam
1095 1197 1440 1262 innocentes
1465 1197 1680 1261 colunt.
1735 1197 1981 1261 Deinde
2013 1194 2187 1260 habet
2208 1194 2322 1259 cle·

372 1287 606 1351 mantia
634 1285 704 1347 in
724 1303 996 1364 persona
1029 1301 1262 1364 quoque
1302 1283 1717 1348 innocentium
1766 1283 1993 1348 locum:
2038 1281 2193 1363 quia
2226 1283 2320 1345 in-

371 1372 556 1437 terim
594 1372 854 1452 fortuna
896 1389 1021 1451 pro
1077 1368 1261 1450 culpa
1315 1373 1432 1433 est:
1491 1389 1597 1433 nec
1649 1369 2032 1434 innocentiae
2083 1372 2321 1431 tantum

372 1458 690 1523 clementia
744 1454 1077 1533 succurrit,
1132 1455 1239 1519 sed
1293 1474 1476 1534 saepe
1529 1456 1778 1519 virtuti.-
1834 1455 2130 1534 quoniam
2186 1454 2321 1534 qui-

370 1546 510 1611 dem
552 1542 891 1607 conditione
933 1545 1271 1620 temporum
1314 1541 1596 1605 incid-unt
1639 1542 1944 1621 quaedam
1986 1560 2146 1621 quae
2176 1558 2321 1619 pos-

372 1632 504 1696 sint
556 1627 821 1693 laudata
865 1627 1111 1708 puniri.
1203 1625 1461 1704 Adiice,
1516 1628 1677 1707 quod
1724 1647 1953 1709 magma
1996 1646 2162 1705 pars
2218 1625 2321 1689 ho-

374 1717 621 1780 minum
663 1718 749 1778 est
787 1734 944 1794 qnae
984 1712 1208 1776 reverti
1236 1712 1338 1793 „ad
1392 1718 1538 1790 [pag.
1578 1717 1683 1789 21]
1732 1712 2141 1777 innocentiam
2172 1730 2319 1807 pos7

2432 595 2514 660 ad
2571 596 3048 679 implorandam
3104 598 3397 674 veniam,
3454 598 3685 663 iudicis
3723 599 4234 664 misericordiam
4278 601 4378 666 la-

2431 681 2674 765 crymis
2719 682 3014 749 elicimus
3060 683 3200 749 sine
3247 684 3381 749 ulla
3434 685 3649 767 specie
3704 685 4113 749 defensionis.
4214 686 4372 752 Ideo

2430 766 2798 850 deprecatio
2833 791 2985 833 rara
3019 768 3385 846 admodum,
3423 780 3498 834 ut
3535 771 3627 834 ait
3662 769 4111 851 Quintilianus
4154 771 4263 837 lib.
4285 774 4370 837 V.

2431 862 2497 915 et
2568 853 2741 937 apud
2813 875 2920 919 eos
2982 854 3155 920 solos
3211 856 3476 931 iudices,
3537 856 3647 938 qui
3708 856 3886 920 nulla
3936 867 4111 921 certa
4165 859 4373 922 forma

2429 938 2903 1020 pronunciandi
2941 950 3269 1005 tenentur.
3340 943 3430 1007 Et
3464 942 3637 1006 idem
3682 952 3870 1006 autor
3909 941 4014 1006 lib.
4055 944 4208 1007 VII.
4228 945 4246 1007 ε’
4288 945 4370 1008 In

2428 1034 2661 1089 senatu
2708 1032 2775 1089 et
2818 1025 2992 1108 apud
3033 1027 3349 1109 populum
3385 1038 3451 1092 et
3484 1027 3656 1110 apud
3698 1029 4076 1109 principem,
4123 1044 4188 1093 et
4227 1029 4369 1093 ubi·

2426 1132 2686 1193 cunque
2728 1112 2889 1175 iuris
2933 1112 3277 1177 clementia
3319 1124 3436 1189 est,
3483 1113 3684 1178 habet
3728 1115 3940 1177 locum
3984 1113 4368 1197 deprecatio,

2426 1196 2600 1261 Vide
2622 1196 3004 1262 Ciceronem
3027 1197 3133 1261 lib.
3151 1198 3240 1262 H.
3263 1198 3762 1264 Rhetoricorum
3785 1211 3851 1263 et
3867 1200 3946 1262 de
3963 1201 4371 1265 Inventione.

2427 1288 2573 1360 [pag.
2598 1287 2705 1359 22]
2770 1282 2920 1347 Non
2957 1292 3179 1347 tamen
3215 1287 3761 1366 praetermiserim
3799 1286 4012 1351 locum
4047 1288 4371 1370 insignem

2427 1367 2765 1432 Ciceronis
2798 1370 2870 1431 in
2902 1369 3193 1433 oratione
3237 1389 3354 1451 pro
3398 1370 3686 1454 Ligario,
3726 1394 3851 1453 quo
3895 1371 4031 1435 solo
4076 1372 4372 1455 exemplo

2424 1454 2579 1535 quid
2625 1455 2712 1518 sit
2754 1452 3137 1537 deprecatio,
3182 1455 3370 1519 facile
3406 1455 3750 1539 intelligas.
3830 1456 4095 1537 Causas,
4141 1458 4371 1542 inquit,

2426 1539 2687 1615 Caesar,
2750 1542 2852 1622 egi
2922 1540 3181 1617 multas,
3243 1550 3309 1605 et
3361 1540 3620 1623 quidem
3675 1551 3910 1618 tecum,
3969 1543 4125 1607 dum
4183 1556 4246 1608 te
4301 1545 4372 1607 in

2423 1624 2562 1689 foro
2599 1627 2812 1689 tenuit
2850 1627 3018 1691 ratio
3064 1626 3387 1691 honorum
3432 1639 3708 1691 tuorum.
3800 1628 3994 1693 Certe
4037 1651 4372 1711 nunquam

2423 1710 2545 1775 hoc
2591 1711 2800 1788 mode,
2839 1712 3153 1795 ignoscite
3189 1712 3450 1790 iudices,
3490 1713 3765 1790 erravit,
3811 1714 4033 1795 lapsus
4077 1724 4193 1789 est,
4240 1712 4374 1780 non

375 1802 487 1899 sit.-
530 1800 641 1898 sed
682 1820 804 1898 non
847 1804 1053 1863 tamen
1104 1797 1282 1879 vulyo
1335 1798 1671 1879 iynoscere¹
1699 1799 1876 1863 decet.
1982 1796 2152 1860 Nam
2213 1794 2320 1860 ubi
2369 1810 2374 1900 ι
2425 1799 2701 1878 putavit,
2759 1799 2814 1895 si
2859 1819 3147 1897 unquam
3195 1798 3483 1897 posthac.
3573 1798 3679 1862 Ad
3727 1808 4062 1881 parentem
4118 1802 4210 1866 sic
4265 1822 4373 1883 agi

375 1888 707 1952 discrimen
751 1890 914 1949 inter
954 1884 1153 1949 malos
1193 1885 1494 1963 bonosque
1535 1884 1844 1948 sublatum
1883 1889 1997 1957 est,
2044 1882 2320 1963 omasus-io
2369 1902 2374 1961 ι
2426 1881 2620 1959 solet3
2668 1882 2749 1946 ad
2793 1883 3067 1949 iudices:
3115 1904 3252 1947 non
3296 1885 3466 1961 fecit,
3514 1906 3644 1948 non
3682 1887 4006 1966 cogitavit,
4051 1887 4199 1950 falsi
4243 1896 4372 1950 tes-

376 1975 656 2053 sequitwr
711 1978 765 2035 et
816 1972 1108 2035 vitiorum
1176 1970 1437 2048 eruptio.
1539 1968 1763 2049 Itaque
1822 1968 2170 2033 adhibenda
2236 1972 2322 2031 est

378 2058 732 2134 moderatio,
777 2077 934 2137 quae
971 2056 1286 2120 sanabilia
1328 2055 1580 2136 inqenia
1614 2054 1993 2135 distinyuere
2033 2074 2075 2118 a
2119 2053 2320 2134 deplo-

376 2147 538 2209 ratis
580 2144 753 2207 sciat.
847 2141 977 2205 Nec
1007 2142 1440 2223 promiscuam
1478 2140 1698 2204 habere
1745 2162 1817 2205 ac
1851 2140 2167 2222 mdyarem
2210 2140 2322 2203 cle-

378 2232 671 2294 mentiam
715 2234 956 2310 oportet,
999 2247 1108 2292 nec
1142 2226 1499 2291 abscissam.
1568 2226 1742 2290 Nam
1775 2232 1903 2289 tam
1961 2225 2249 2289 omnibus
2268 2228 2313 2303 ¹)

378 2318 690 2399 iynoscere
744 2314 1085 2379 crudelitas
1148 2317 1253 2391 est,
1306 2334 1495 2393 quam
1547 2312 1723 2376 nulli.

377 2489 531 2570 quid
579 2507 770 2568 aequo
812 2486 966 2567 plns
1002 2486 1285 2566 futurum
1329 2490 1444 2562 est,
1494 2485 1565 2548 in
1596 2488 1847 2563 partem
1889 2483 2319 2547 humaniorem

368 2574 830 2656 praeponderet.
923 2570 1046 2636 Sed
1088 2570 1235 2635 haec
1279 2591 1391 2634 suo
1437 2571 1560 2635 loco
1601 2569 1826 2634 melius
1867 2569 2163 2634 dicentur.

546 2694 779 2759 Movet
819 2691 1245 2756 obiectionem
1291 2712 1331 2754 a
1373 2710 1652 2773 persona
1696 2689 2071 2755 adversarii.
2143 2687 2320 2752 Sunt

378 2782 552 2844 enim
609 2779 718 2861 qui
771 2777 934 2842 falso
989 2783 1229 2860 putant
1284 2775 1695 2839 clementiam
1747 2796 1887 2839 esse
1928 2794 2172 2857 poenae
2215 2795 2317 2837 re-

377 2867 771 2932 missionem.
842 2863 1126 2946 Culpam
1149 2883 1306 2926 vero
1330 2882 1538 2943 poena
1561 2862 1802 2943 premit
1826 2881 2055 2925 comes.
2123 2858 2318 2925 Unde

374 2955 449 3018 fit-
491 2958 564 3016 ut
598 2950 943 3015 clementia
977 2948 1144 3012 nihil
1194 2947 1366 3011 aliud
1418 2968 1557 3011 esse
1594 2946 1895 3011 videatur
1920 2964 2128 3028 ‘quam
2173 2966 2318 3028 spe-

379 3041 505 3103 cies
563 3037 987 3120 impunitatis.
1077 3035 1273 3099 Hanc
1314 3034 1546 3098 falsam
1592 3044 1658 3097 et
1712 3033 2015 3097 stolidam
2068 3033 2318 3115 opinio-

377 3146 529 3189 nem
590 3121 782 3187 diluit
837 3121 1118 3199 Seneca,
1187 3119 1383 3184 simul
1442 3130 1507 3185 et
1561 3118 1880 3183 invidiam
1937 3117 2319 3182 clementiae

375 3231 540 3294 quae
606 3231 686 3273 ex
755 3229 831 3272 ea
895 3208 1203 3272 nascitur.
1292 3206 1535 3270 Nullus
1601 3207 1775 3268 enim
1844 3204 2034 3269 solidi
2097 3203 2320 3268 iudicii

378 3297 761 3362 clementiae
798 3295 1009 3359 locum
1056 3294 1423 3375 assignaret
1464 3292 1641 3354 inter
1686 3290 1992 3367 virtutes,
2052 3291 2163 3373 qui
2215 3289 2320 3354 ius

378 3380 700 3465 quoddam
747 3380 991 3465 asyliae
1038 3378 1366 3443 sceleratis
1410 3385 1474 3451 et
1510 3376 1722 3441 noxiis
1769 3375 2136 3440 hominibus
2181 3396 2321 3441 esse

378 3469 812 3542 existimaret,
869 3474 936 3529 et
978 3464 1307 3548 improbos
1352 3461 1769 3539 sustinendo,
1827 3462 2080 3526 nutrire
2122 3460 2324 3526 auda-

379 3556 562 3620 ciam.

556 3656 679 3721 Sed
709 3655 999 3736 primum
1027 3654 1300 3717 omniu-m
1333 3652 1495 3716 sicut
1527 3650 1867 3715 medicinae
1902 3651 2075 3732 apud
2109 3669 2323 3732 acyros

380 3765 536 3808 usus
592 3740 706 3828 est]
779 3740 963 3805 Haec
1029 3741 1243 3823 prima
1296 3737 1463 3802 ratio
1520 3734 1865 3800 diluendae
1925 3735 2321 3814 obiectionis,

383 3828 549 3913 quod
585 3829 738 3892 licet
774 3825 1157 3891 clementiae
1190 3825 1472 3889 fructum
1508 3822 1629 3888 soli
1668 3828 1974 3886 nocentes
2018 3822 2325 3900 sentiant,

386 3937 515 3979 non
564 3915 708 3979 ideo
754 3921 973 3978 tamen
1018 3909 1233 3995 perdit
1285 3931 1523 3974 nomen
1568 3907 1835 3973 virtutis
1877 3908 2049 3971 inter
2092 3907 2321 3972 bonos:

384 4000 578 4084 idque
634 3998 971 4082 aptissima
1039 3994 1466 4064 similitudine
1536 3995 1893 4057 confirmat.
1997 3991 2327 4058 Medicina

384 4088 579 4164 enim,
639 4085 894 4150 etiamsi
954 4083 1116 4162 nulli
1173 4083 1307 4148 sint
1349 4079 1587 4158 morbi,
1646 4099 1901 4160 semper
1946 4079 2328 4143 aestimatur

384 4194 490 4237 ars
551 4173 837 4236 humano
880 4171 1107 4253 generi
1162 4166 1553 4233 necessaria:
1616 4187 1735 4229 nec
1778 4175 2014 4229 tamen
2069 4173 2329 4229 exercet

382 4259 521 4323 vim
568 4276 755 4321 suam
800 4257 925 4320 nisi
969 4255 1281 4339 temporis
1326 4254 1492 4318 ratio
1538 4252 1776 4336 exigat.

557 4360 667 4425 Ita
702 4359 1082 4424 clementiam
1117 4359 1404 4441 quamvis
1429 4377 1634 4439 poena
1678 4355 1853 4438 diyni
1899 4350 2196 4439 invocent]
2244 4354 2329 4417 In

380 4446 637 4512 iudiciis
673 4445 885 4528 prima
926 4446 1215 4534 quaestio
1251 4443 1405 4508 facti
1450 4444 1757 4526 agitatur.
1849 4439 2073 4521 Quum
2119 4439 2330 4504 homi&

384 4531 535 4597 cidii
589 4539 928 4596 accusatus
981 4538 1179 4613 negat
1233 4551 1301 4595 se
1356 4530 1688 4595 hominem
1743 4525 2079 4604 occidisse,
2137 4534 2332 4608 atque

381 4619 467 4696 id,
518 4629 595 4682 ut
640 4618 732 4682 ait
776 4615 1227 4697 Quintilianus
1269 4614 1707 4682 certissimum
1743 4625 1843 4678 est
1878 4633 2110 4678 causae
2143 4633 2331 4694 prae-

383 4703 645 4782 sidium,
691 4703 1062 4786 proximum
1106 4711 1207 4766 est
1261 4701 1606 4767 defendere
1659 4701 1801 4764 iure
1854 4699 2161 4764 occisum:
2222 4699 2334 4763 ubi

381 4791 515 4856 iam
562 4803 693 4854 non
738 4788 983 4852 factum
1024 4789 1097 4851 in
1140 4788 1411 4853 dubium
1454 4786 1738 4851 trahitur
1759 4838 1773 4863 ,
1818 4784 1933 4851 sed
1975 4785 2128 4849 facti
2176 4805 2333 4867 qua-

382 4875 567 4955 litas,
626 4875 787 4938 haec
844 4875 971 4937 crit
1019 4874 1311 4957 quaestio
1363 4874 1683 4957 legitima:
1744 4872 1975 4936 ultima
2029 4869 2334 4952 depreca-

385 4962 507 5041 tio,
560 4980 726 5043 quae
759 4960 946 5025 nulla
1000 4968 1102 5025 est
1157 4959 1285 5023 nisi
1320 4971 1465 5041 post
1499 4958 1966 5023 confessionem
2021 4956 2335 5036 criminis,

388 5068 596 5130 quum
650 5067 771 5111 nec
824 5047 1095 5111 infitiari
1158 5045 1409 5109 facinus
1466 5052 1913 5127 perpetratum
1973 5063 2336 5125 possumne,

1812 2310 2076 2376 Modum
2119 2316 2319 2376 tenere
2368 2318 2374 2361 ¹

256 2430 267 2437 ·
377 2401 691 2467 debemus.-
732 2401 842 2465 sed
891 2400 1046 2480 quia
1096 2398 1352 2480 difficile
1408 2403 1497 2463 est
1536 2403 2098 2478 temperamentum,
2144 2397 2320 2478 quid-

2424 1979 2542 2045 tes,
2589 1970 2816 2032 fictum
2873 1971 3137 2034 crimen.
3227 1970 3404 2033 Hinc
3463 1971 3621 2034 satis
3677 1980 3930 2036 constat
3972 1994 4089 2037 cur
4134 1972 4373 2036 dixerit

2427 2052 2681 2120 Seneca
2716 2075 2926 2136 poena
2961 2055 3191 2138 dignos
3239 2057 3542 2120 invocare
3592 2055 4022 2121 clementiam.
4113 2058 4204 2122 Et
4236 2058 4373 2122 Pu-

2424 2140 2597 2205 blius
2634 2141 3166 2224 Mimographus:

2666 2227 2817 2280 Mala
2853 2244 3017 2281 causa
3052 2233 3138 2281 est
3173 2242 3307 2295 quae
3345 2227 3568 2294 requirit
3603 2227 4039 2281 misericordiam.

2595 2312 2841 2378 Deinde
2905 2313 3081 2377 habet
3139 2313 3455 2377 clementia
3517 2313 3588 2375 in
3632 2333 3910 2393 persona
3961 2314 4374 2379 innocentium

2422 2398 2623 2463 locum
2699 2396 2811 2464 Sic
2853 2399 3033 2481 prius
3076 2399 3484 2464 clementiam
3545 2396 3930 2462 defendebat
3989 2397 4257 2476 Seneca,
4302 2409 4378 2464 ut

2424 2505 2618 2549 conce
2666 2494 2806 2547 eret
2839 2486 3148 2549 virtutem
3184 2485 3356 2548 inter
3391 2485 3766 2548 innocentes
3803 2485 4093 2549 otiosum.
4182 2485 4246 2549 N
4249 2508 4375 2552 unc

2425 2579 2682 2651 tempus
2748 2570 3033 2634 incidere
3100 2569 3524 2648 demonstrat,
3593 2590 3720 2652 quo
3777 2570 3858 2634 iis
3916 2571 4077 2652 ipsis
4130 2573 4374 2637 serviat

2424 2655 2786 2720 clementia.
2881 2654 3055 2721 Sunt
3112 2656 3289 2720 enim
3341 2654 3662 2736 quaedam
3718 2657 3930 2738 magis
3989 2656 4375 2737 imputanda

2422 2741 2741 2817 fortunae,
2779 2762 2973 2823 quam
3022 2740 3385 2806 destinatae
3425 2740 3741 2805 malitiae:
3792 2762 3909 2804 noc
3955 2751 4176 2806 tamen
4221 2765 4371 2825 poe·

2424 2848 2547 2890 nae
2584 2828 2982 2903 eximuntur,
3022 2828 3079 2889 si
3114 2826 3197 2890 ad
3234 2847 3561 2891 summum
3598 2826 3762 2891 iuris
3797 2828 4086 2909 rigorem
4130 2830 4373 2911 exigas.

2424 2911 2601 2977 Sunt
2637 2912 2768 2976 alia
2802 2934 2968 2994 quae
3006 2933 3087 2976 ex
3132 2912 3640 2977 circumstantiis
3684 2921 4048 2994 temporum
4098 2913 4375 2994 qualita-

2422 3007 2557 3064 tem
2595 2999 2946 3081 accipiunt:
2992 3009 3058 3064 et
3100 3019 3263 3081 quae
3308 3019 3517 3080 nuper
3553 2998 3818 3063 virtutis
3861 2997 4122 3063 laudem
4166 3020 4375 3064 mere-

2423 3086 2685 3161 bantur,
2732 3107 2908 3150 nunc
2955 3085 3113 3150 vitio
3151 3093 3516 3150 vertuntur.
3594 3084 3780 3149 Haec
3824 3084 3880 3149 si
3941 3084 4022 3147 ad
4077 3094 4374 3150 exactam

2424 3171 2843 3236 severitatem
2877 3172 3266 3249 referantur,
3311 3169 3602 3253 legitime
3636 3171 3883 3252 puniri:
3933 3170 3989 3234 si
4027 3171 4109 3235 ad
4154 3170 4375 3253 aequi·

2424 3265 2662 3334 tatem,
2712 3257 2998 3340 legitime
3044 3256 3399 3323 condonari
3437 3264 3726 3338 possunt.
3799 3257 3983 3320 Bene
4019 3277 4174 3340 ergo
4211 3254 4374 3322 Ovi-

2426 3341 2580 3407 dius'
2615 3344 2933 3408 Tristium
2976 3343 3061 3407 I.:

2632 3444 2827 3499 Iudicis
2864 3444 3100 3500 officium
3135 3451 3237 3514 est,
3274 3454 3334 3500 ut
3368 3461 3474 3512 res,
3512 3445 3590 3499 ita
3624 3452 3874 3513 tempora
3909 3461 4087 3498 rerum

2633 3512 2923 3580 Quaerere.

2426 3601 2659 3681 Itaque
2713 3609 2782 3663 et
2811 3600 3005 3682 'apud
3066 3598 3554 3680 Quintilianum
3609 3607 3818 3664 status
3875 3607 3975 3666 est
4018 3599 4102 3664 ad
4158 3608 4373 3666 actum

2427 3686 2785 3769 pertinens,
2842 3706 2960 3750 seu
3017 3683 3099 3749 ad
3145 3687 3401 3768 praxin,
3459 3696 3684 3749 utrum
3742 3687 3954 3751 sciens
4014 3686 4160 3769 quis
4215 3685 4374 3750 deli-

2428 3772 2660 3854 querit,
2699 3792 2786 3835 an
2808 3772 3117 3850 insciens;
3161 3772 3563 3850 necessitate,
3611 3792 3696 3835 an
3731 3793 3909 3837 casu.
3964 3772 4179 3836 Multa
4199 3773 4376 3836 enim

2429 3861 2600 3922 fiunt
2645 3857 2891 3935 eadem,
2937 3857 3052 3922 sed
3097 3855 3303 3920 aliter.

2602 3943 2788 4008 Adde
2845 3944 3006 4024 quod
3061 3943 3218 4006 bona
3260 3940 3453 4027 pars]
3513 3942 3656 4005 Iam
3693 3942 3959 4005 tertium
4011 3941 4134 4006 hoc
4181 3960 4375 4025 argu-

2428 4039 2724 4094 mentum
2781 4029 2865 4094 ad
2921 4027 3277 4092 tollendam
3322 4026 3731 4105 calumniam,
3779 4047 3946 4109 quae
3990 4027 4378 4092 causabatur

2432 4115 2848 4182 clementiam
2903 4136 3034 4180 non
3092 4113 3218 4178 nisi
3274 4112 3358 4177 ad
3401 4111 3749 4178 fovendam
3804 4112 4125 4177 malorum
4181 4113 4381 4177 auda-

2433 4202 2602 4266 ciam
2652 4200 2889 4265 valere.
2989 4202 3083 4265 At
3135 4220 3309 4278 vere,
3368 4199 3584 4281 inquit
3641 4197 3909 4276 Seneca,
3977 4198 4169 4261 multi
4225 4206 4383 4263 sunt

2434 4283 2546 4370 qu'i
2601 4285 2895 4351 nondum
2952 4287 3344 4369 pravitatem
3415 4284 3674 4367 penitus
3744 4283 4177 4362 imbiberunt,
4248 4286 4379 4368 qui,

2435 4375 2491 4439 si
2525 4371 2925 4437 moderatam
2950 4372 3416 4438 correctionem
3452 4368 3781 4447 adhibeas,
3819 4371 4198 4452 resipiscere
4232 4392 4381 4455 pos-

2436 4467 2611 4525 sunt.
2698 4459 2933 4523 Nonne
2986 4457 3272 4522 ineunda
3325 4458 3523 4521 fuerit
3573 4457 3770 4534 ratic,
3825 4479 3954 4538 qua
4007 4458 4219 4539 possis
4261 4457 4382 4521 hu-

2435 4542 2717 4609 iusmodi
2772 4544 3070 4609 homines
3121 4545 3195 4607 in
3237 4543 3416 4607 viam
3459 4540 3808 4606 reducere?
3899 4543 3988 4607 Et
4032 4542 4155 4608 hoc
4198 4562 4386 4625 prae-

2437 4640 2570 4697 stat
2622 4630 2977 4696 clementia.
3066 4628 3354 4693 Multum
3400 4628 3576 4692 valet
3628 4627 3712 4692 ad
3754 4628 4232 4711 impetrandam
4273 4650 4385 4696 ve-

2438 4718 2648 4795 niam,
2706 4717 2923 4799 inquit
2967 4714 3215 4780 Fabius
3262 4712 3372 4778 lib.
3415 4713 3567 4778 VH.
3587 4766 3602 4791 ‚
3661 4717 3718 4778 si
3773 4736 3920 4797 spes
3975 4717 4045 4779 in
4092 4715 4386 4778 futurum

2439 4805 2824 4869 innocenter
2868 4802 3127 4878 victuri,
3175 4809 3241 4864 et
3281 4800 3352 4864 in
3387 4798 3603 4881 aliquo
3646 4822 3773 4865 usu
3807 4802 4031 4866 futuri.
4121 4800 4266 4878 Vel,
4313 4809 4388 4865 ut

2442 4889 2690 4966 Cicer0,
2737 4890 3021 4971 optimus
3065 4894 3213 4969 post
3254 4886 3672 4968 naufragium
3726 4895 3972 4970 portus,
4020 4896 4119 4949 est
4159 4887 4387 4969 poeni-

2441 4976 2664 5040 tentia.
2753 4974 2936 5039 Haec
2992 4981 3216 5038 tamen
3270 4992 3403 5035 non
3449 4972 3581 5037 nisi
3637 4971 4023 5037 clementiae
4077 4972 4387 5037 beneficio

2442 5062 2817 5143 contingere
2859 5065 3152 5142 possunt.
3243 5057 3494 5123 Seneca
3537 5057 3644 5122 lib.
3679 5059 3732 5122 Ι.
3777 5057 3858 5122 de
3896 5057 4040 5121 Ira:
4099 5058 4392 5122 Dimittit

386 5155 507 5199 nec
544 5141 720 5198 recte
755 5140 1204 5215 perpetratum
1240 5129 1600 5196 defendere.
1681 5130 1853 5193 Tum
1888 5128 2340 5194 descendimus
2442 5167 2636 5229 saepe
2671 5166 2821 5209 eum
2854 5145 3041 5211 ouius
3082 5153 3421 5228 peoegmm
3464 5142 3912 5226 deprehendit,
3959 5143 4015 5207 gi
4051 5144 4390 5225 poeniten..
4445 5185 4450 5192 .

528 5338 589 5403 1)
632 5338 780 5392 Edd.
820 5343 1034 5392 recenti.
1069 5337 1201 5390 inde
1235 5352 1273 5389 a
1309 5333 1471 5388 159⁷:
1509 5334 1828 5388 hominibus.

600 5422 819 5478 Calvini
845 5441 1027 5492 opera.
1111 5415 1223 5479 Vol.
1273 5423 1332 5477 V.

2442 5234 2537 5296 tia
2578 5231 2734 5296 facti
2771 5252 2951 5314 spem
2989 5230 3229 5296 bonam
3271 5229 3629 5314 pollicetur,
3677 5232 3733 5294 si
3776 5228 4088 5314 intelligit
4130 5250 4263 5293 non
4306 5251 4392 5294 ex

2447 5319 2579 5383 alto
2658 5319 2882 5383 venire
2962 5317 3351 5400 nequitiam,
3430 5314 3544 5381 sed
3625 5336 3882 5381 summo
3901 5367 3915 5392 ,
3944 5315 4141 5456 3quod
4199 5316 4391 5381 aiunt
