5100 6061
653 421 839 481 ‘135
1970 374 1981 414 '

711 606 953 671 sarium
968 656 981 681 ,
1028 604 1194 668 illud
1239 612 1459 668 autem
1503 602 1900 685 impossibile
1944 600 2226 666 duceret.
2318 603 2418 669 Ac
2462 601 2671 669 multa

716 692 972 757 saecula
1005 692 1186 756 visus
1223 698 1323 754 est
1357 698 1532 754 recte
1570 686 1945 752 huiusmodi
1979 688 2232 752 facinus
2268 683 2666 769 desperasse.

714 778 924 842 Nemo
979 777 1159 841 enim
1205 775 1533 841 sexcentis
1576 783 1725 857 post
1768 773 1959 838 annis
2004 773 2137 838 tale
2182 772 2394 838 scelus
2438 793 2669 855 perpe-

716 865 933 928 travit.
1025 861 1161 927 Sed
1218 869 1366 945 post
1409 859 1756 924 Annibalis
1800 859 2047 923 bellum
2090 859 2171 924 L.
2218 858 2495 923 Hostius
2540 858 2670 922 fer-

716 962 826 1013 tur
867 948 1123 1031 primus
1181 956 1438 1031 patrem
1496 945 1823 1011 occidisse.
1913 945 2100 1010 Haec
2138 942 2540 1009 Plutarchus
2596 945 2668 1008 in

717 1037 853 1099 vita
891 1034 1178 1099 Romuli.
1249 1032 1376 1098 Cui
1412 1031 1799 1096 adversatur
1823 1032 2077 1109 Livius,
2120 1029 2670 1112 quemadmodum

715 1121 964 1187 indicat
1004 1121 1082 1184 L.
1129 1118 1315 1183 Flori
1358 1118 1779 1200 Epitome,in
1828 1117 1935 1181 lib.
1976 1115 2304 1182 LXVIII.
2352 1115 2463 1180 ubi
2508 1117 2670 1181 scri-

716 1208 897 1272 bitur
928 1206 1003 1270 P.
1043 1205 1429 1270 Malleolum‘
1454 1205 1759 1301 ’primum
1803 1204 2094 1266 omnium
2130 1203 2424 1266 insutum
2461 1201 2670 1266 culleo

716 1301 923 1356 matre
966 1293 1390 1372 interempta,
1448 1312 1519 1353 m
1572 1309 1752 1353 mare
1810 1289 2307 1370 praecipitatum
2356 1308 2498 1351 esse
2519 1339 2533 1365 ,
2593 1286 2666 1351 C.
2744 1311 2756 1321 ·

715 1378 948 1456 Mario,
996 1378 1135 1440 nisi‘
1170 1375 1379 1454 fallor,
1425 1377 1729 1457 quintum
1777 1374 2058 1438 consule.

1385 1597 1688 1662 CAPUT
1733 1595 1997 1661 XXIV.

891 1718 1141 1783 Imlicta
1185 1723 1273 1783 est
1315 1717 1654 1797 aliquando
1701 1738 1743 1781 a
1786 1721 2009 1780 senatu
2051 1715 2352 1781 sententia
2371 1766 2385 1793 ,
2431 1721 2500 1779 ut
2542 1737 2670 1780 ser-

717 1826 819 1871 vos
842 1828 883 1871 a
908 1806 1123 1870 liberis
1158 1805 1362 1868 malta-s*
1395 1803 1814 1885 distinyueret.
1876 1802 2123 1868 Deinde
2146 1803 2451 1882 afflarait
2471 1822 2670 1883 quan-

719 1900 852 1957 tum
896 1890 1256 1971 periculum
1314 1889 1691 1967 inmineret,
1752 1890 1813 1953 si
1866 1888 2033 1951 servi
2092 1888 2289 1952 nostri
2339 1902 2669 1952 numerare

715 1999 827 2043 nos
869 1978 1221 2055 coepissent.
1313 1974 1493 2040 Idem
1535 1976 1683 2038 scito
1726 1975 2117 2039 metuendum
2171 1992 2324 2050 esse,
2387 1974 2447 2038 si
2503 1960 2670 2038 nulli

714 2064 1072 2148 iynoscitur.
1134 2059 1267 2125 Cito
1299 2059 1644 2142 apparebit,
1671 2080 1835 2141 pars
1858 2061 2132 2124 civitatis
2154 2060 2418 2124 deterior
2437 2065 2669 2141 quanto

710 2152 1095 2231 praeyravet.
1192 2146 1337 2211 Non
1394 2147 1607 2210 minus
1648 2147 1938 2226 principi
1994 2148 2211 2226 turpia
2268 2150 2414 2209 sunt
2465 2146 2668 2211 multa

716 2234 1049 2316 mplicia‚
1097 2253 1287 2311 quam
1328 2232 1562 2296 medico
1602 2232 1802 2295 multa
1842 2233 2089 2312 funera.
2160 2232 2518 2296 Remis-sius
2555 2234 2671 2295 im-

704 2321 965 2400 peranti
1008 2319 1229 2382 melius
1270 2323 1552 2398 paretur.
1646 2318 1901 2382 Natura
1954 2323 2279 2382 contumax:
2322 2322 2412 2380 est
2452 2317 2671 2382 huma-

716 2426 838 2470 nus
882 2406 1159 2481 animuS,
1215 2410 1271 2468 et
1326 2406 1393 2467 in
1449 2406 1833 2469 eontrarium
1878 2410 2060 2485 atque
2105 2404 2379 2469 arduum
2434 2405 2669 2468 nitens:

2366 412 2493 477 DE
2539 411 3087 480 CLEMENTIA

4607 417 4728 477 136

2774 602 3205 668 adhibendus.
3263 600 3398 667 Sed
3436 601 3628 667 aliter
3662 569 3837 684 apud
3872 601 4189 683 antiquos.
4250 600 4514 684 Singuli
4548 621 4725 665 mar-

2775 689 3044 770 cipores,
3088 688 3538 771 luciporesque
3553 740 3566 765 ,
3622 686 4037 753 dominorum
4094 687 4396 771 gentiles,
4453 687 4527 751 in
4579 708 4730 769 pro-

2773 774 3023 838 miscuo
3071 775 3318 840 vietum
3362 773 3707 839 habebant.
3797 773 4137 838 Iuvenalis
4182 772 4425 858 Satyra
4458 773 4619 837 III.:

2983 876 3236 931 Protinus
3272 876 3342 929 ad
3379 893 3614 944 censum,
3649 876 3716 929 de
3753 877 3990 930 moribus
4027 876 4215 929 ultima
4248 875 4344 929 fiet

2981 943 3258 1083 ΙΩίιιιέιέἰξιιίο,
3295 953 3430 1038 quot
3463 946 3636 1013 pascit
3671 961 3874 1011 8011108,
3910 952 4045 1050 quot
4078 944 4325 1013 possidet
4356 946 4471 1013 agri

3257 1184 3453 1254 Magno
3491 1187 3784 1254 hospitium
3820 1185 4076 1253 mirabile,
4113 1199 4305 1253 magno

3017 1252 3304 1308 Servorum
3334 1262 3558 1308 ,ventres
3597 1261 3862 1308 constant.

2775 1340 2868 1404 Et
2912 1339 3103 1404 VIL:
4361 1390 4378 1414 ,

2967 1425 3209 1495 Respicit
3242 1427 3348 1479 hoc
3384 1427 3611 1495 primum
3648 1426 3737 1494 qui
3774 1425 3966 1494 litigat,
4003 1441 4070 1478 an
4109 1426 4204 1479 tibi
4243 1427 4383 1480 servi

2966 1494 3118 1563 Oete,
3157 1496 3342 1549 decem
3380 1497 3600 1549 comites
3638 1503 3764 1562 post
3799 1502 3870 1562 te,
3909 1511 3977 1547 an
4013 1495 4083 1548 sit
4120 1495 4273 1562 sella,
4309 1497 4479 1564 togati

2969 1564 3108 1618 Ante
3146 1564 3331 1632 pedes.

2774 1650 3041 1715 Tacitus
3085 1651 3250 1716 libro
3289 1650 3442 1713 IV.:
3491 1652 3634 1715 Iam
3681 1650 3938 1732 trepida
3980 1650 4062 1715 ob
4103 1649 4594 1715 multitudinem
4629 1654 4726 1717 fa-

2773 1735 3125 1815 miliarum,
3171 1758 3337 1818 quae
3374 1736 3694 1820 gliscebat
3725 1737 4138 1813 immensum,
4185 1736 4375 1818 plebe
4414 1738 4721 1821 ingenua.

2772 1822 2866 1886 Et
2900 1823 3188 1887 eiusdem
3217 1823 3397 1887 ‘libro
3440 1822 3566 1886 111.
3613 1823 3684 1886 in
3724 1822 3933 1888 literis
3978 1822 4221 1887 'riberii
4262 1821 4346 1887 ad
4391 1830 4719 1890 senatum:

2775 1906 2953 1988 Quid
2989 1909 3165 1972 enim
3202 1909 3492 1992 primum
3527 1909 3890 1990 prohibere,
3930 1917 3996 1973 et
4031 1905 4319 1991 priscum
4357 1907 4439 1973 ad
4473 1930 4725 1975 morem

2775 1994 3061 2059 recidere
3106 1994 3496 2079 aggrediar?
3545 1994 3961 2059 Villarumne
4016 1996 4274 2059 infinita
4318 1996 4570 2078 spatia?
4628 1997 4724 2061 sap

2772 2080 3107 2145 miliarum
3143 2102 3492 2145 numerum
3530 2091 3597 2143 et
3628 2080 3969 2145 nationes?
4060 2082 4151 2145 Et
4186 2103 4269 2145 ne
4315 2080 4422 2144 hic
4465 2081 4725 2167 longius

2773 2168 3215 2243 immoremur,
3255 2168 3449 2231 unius
3474 2166 3755 2231 hominis
3779 2167 4027 2231 familia
4061 2187 4180 2231 nos
4217 2166 4488 2246 docebit,
4526 2189 4726 2251 quam

2772 2253 2971 2316 fuerit
3014 2253 3449 2334 periculosum
3508 2253 3759 2318 civibus
3816 2275 3854 2317 a
3913 2254 4123 2318 servis
4178 2253 4315 2317 suis
4369 2256 4721 2319 numerari„

2774 2337 3018 2402 Scribit
3063 2340 3239 2402 enim
3281 2339 3540 2404 Plinius
3583 2339 3751 2403 libro
3794 2339 4074 2404 XXXL
4107 2339 4178 2402 in
4218 2339 4393 2404 hunc
4426 2340 4725 2412 modum:

2773 2423 3092 2489 Claudius
3133 2430 3280 2502 [pag.
3315 2429 3458 2503 129]
3495 2424 3786 2490 Isidorus
3824 2433 4217 2490 testamento
4255 2424 4454 2488 dixit:
4492 2448 4722 2510 quam-

718 2492 1122 2588 SGQWWYHWJ
1160 2490 1422 2588 fassff'lius
1444 2511 1647 2588 ⁸Q't'stlm
1689 2491 1969 2589 ζῖἵιθαῦαῒ·
2038 2489 2126 2553 Et
2159 2494 2228 2552 αῖ
2259 2491 2540 2571 9871θῖθῆ
2577 2495 2669 2553 at·
2716 2504 2722 2597 Ι
2773 2511 2877 2574 vis
2931 2510 3142 2575 multa
3197 2511 3376 2575 civili
3435 2511 3602 2574 bello
3656 2511 4008 2589 amisisset,
4068 2511 4440 2593 relinquere
4504 2522 4724 2577 tamen

720 2598 835 2675 ‘4²⁴⁶
869 2576 1097 2640 ”obde-3
1130 2596 1278 2674 ‘equ'
1310 2577 1536 2640 mellus
1567 2577 1753 2673 Ῑᾳθῑῖῗ
1783 2576 1964 2656 frfflw
1987 2579 2301 2674 festucas,
2342 2580 2487 2654 [1²⁹⁴ss-
2518 2579 2664 2653 128]
2716 2604 2723 2682 Ι
2775 2617 3118 2661 servorum
3161 2605 3439 2679 quatuor
3479 2597 3701 2674 millia,
3748 2599 3903 2681 iuga
3943 2598 4139 2662 boum
4175 2598 4302 2660 tria
4336 2597 4546 2661 millia
4581 2619 4725 2663 sex-

720 2668 827 2760 ῑΐα,
868 2662 1246 2758 ὓῖθωθηῑὲαθη
1306 2662 1657 2761 ’ϋθῖαηΐαηρῑ
1680 2750 1690 2760 .
1715 2667 2062 2727 innocentia
2119 2666 2357 2760 277119θῦῑῆ
2405 2682 2518 2759 Μ
2578 2682 2669 2726 3⁰·
2716 2690 2724 2762 1
2774 2691 2992 2760 centa,
3049 2683 3281 2766 reliqui
3338 2683 3593 2765 pecoris
3651 2682 3929 2748 ducenta
3973 2684 4448 2766 quinquaginta
4501 2684 4722 2749 millia.

717 2754 948 2846 Quam&
980 2754 1034 2812 εἴ
1070 2749 1326 2846 ίῖῑθῖῑαθη
1349 2754 1537 2846 Imm?
1569 2754 1808 2826 cwdaS'
1847 2768 2040 2847 (luam
2074 2752 2267 2844 Serv‘f’t
2293 2747 2438 2847 ,3²⁶²-
2504 2746 2669 2812 Plus
2717 2768 2724 2845 l
2772 2768 2950 2833 Hinc
3003 2768 3234 2853 collige
3288 2776 3571 2852 quantos
3628 2789 3971 2834 servorum
4025 2789 4259 2852 greges
4312 2770 4726 2851 possederint

717 2839 925 2916 itaque
970 2834 1085 2913 hac
1141 2856 1246 2898 via
1286 2835 1638 2915 proficitur.
1734 2832 2090 2899 Crudelitas
2146 2853 2402 2898 minime
2452 2834 2670 2897 Imma-
2719 2852 2723 2909 ι
2774 2854 2870 2917 1111
2915 2856 3237 2939 gurgites,
3295 2855 3548 2934 Crassi,
3605 2856 3933 2937 Pompeii,
3992 2854 4282 2933 Luculli,
4340 2876 4545 2937 quum
4601 2857 4726 2921 15oe

715 2941 865 2983 num
918 2920 1157 2984 malum
1213 2926 1325 2999 est,
1386 2921 1833 3002 indi-quamque
1876 2926 2004 2984 tam
2045 2920 2185 2984 miti
2228 2921 2456 2984 anime.
2549 2918 2671 2983 Fe·
2719 2916 2723 2973 Ι

714 3007 862 3072 rina
906 3008 1030 3072 ista
1074 3005 1283 3072 rabies
1326 3012 1443 3083 est,
1503 3008 1811 3089 sanquine
1861 3004 2133 3091 yaudere
2178 3026 2250 3070 ae
2294 3004 2668 3084 maneribus,
2719 2976 2724 3120 l

716 3100 772 3157 et
811 3095 1034 3157 abiecto
1080 3093 1339 3172 homine,
1388 3093 1457 3156 in
1500 3093 1789 3174 sylvestre
1833 3094 2077 3180 animal
2120 3094 2409 3158 transire.

888 3216 980 3277 Et
1018 3214 1122 3278 hic
1167 3215 1463 3297 exemplo
1510 3214 1772 3295 probat,
1830 3235 2024 3295 quam
2070 3233 2206 3277 non
2254 3234 2511 3296 semper
2556 3212 2670 3276 bo·
2720 3211 2723 3288 Ξ

716 3301 820 3364 1118
865 3301 1284 3364 securitatem
1328 3311 1709 3384 comparent
1753 3298 2076 3364 malorum
2121 3320 2385 3381 poenae.

722 3466 731 3475 ὑ
891 3385 1141 3449 Indicta
1185 3384 1300 3471 est]
1360 3384 1927 3467 Quemadmodum
1983 3399 2319 3449 senatores
2366 3387 2446 3449 ab
2489 3385 2669 3468 equi-

718 3472 893 3536 tibus
946 3470 1355 3536 discernebat
1412 3472 1582 3534 latus
1636 3471 1889 3545 claVuS,
1947 3482 2014 3533 et
2068 3471 2323 3536 calceus
2381 3471 2668 3549 lun-atne,

717 3566 785 3621 et
826 3578 1092 3621 rursum
1137 3558 1387 3639 equites
1423 3579 1461 3620 a
1496 3557 1685 3639 plebe
1730 3556 2117 3621 differebant
2160 3557 2405 3621 annulo
2451 3578 2665 3621 aureo,
2720 3571 2723 3584 ·

719 3640 854 3708 Sed
900 3663 1026 3725 quo
1070 3652 1381 3725 tempore,
1428 3653 1541 3708 aut
1590 3642 1822 3725 quibus
1867 3644 2244 3708 consulibus
2288 3644 2534 3709 factum
2581 3644 2668 3709 sit

718 3729 841 3793 hoc
886 3729 1553 3807 senatusconsultum,
1609 3750 1928 3812 nusquam
1968 3750 2073 3794 me
2115 3730 2334 3813 legere
2378 3730 2666 3806 memini,

716 3836 837 3879 nec
881 3827 1125 3879 temere
1169 3817 1442 3898 reperiri
1478 3836 1671 3899 posse
1704 3816 2031 3880 affirmare
2068 3816 2295 3880 ausim.
2363 3815 2666 3880 Indicere
2719 3829 2722 3844 ³

715 3922 832 3983 pro
877 3900 1273 3967 denunciare
1315 3901 1594 3966 verbum
1630 3902 1792 3966 iuris
1828 3911 1944 3979 est,
1990 3909 2064 3964 ut
2098 3902 2473 3967 observavit
2507 3899 2665 3966 Ser-

716 3988 863 4052 vius
907 3987 972 4050 iu
1001 3987 1084 4051 V.
1114 3986 1453 4070 ¹Aeneidos
1478 3987 1790 4071 Vergilii:
2364 3987 2369 3988 ⁷

922 4089 1219 4158 Indicitque
1256 4092 1449 4159 forum,
1489 4101 1544 4144 et
1578 4091 1821 4159 patribus
1859 4089 1953 4144 dat
1986 4092 2103 4144 iura
2140 4092 2364 4145 vocatis.

716 4177 1102 4259 Propertius
1145 4176 1312 4241 libro
1348 4177 1498 4242 1V.:

593 4289 599 4296 '
1023 4280 1220 4333 Indixit
1254 4281 1417 4349 leges,
1456 4281 1710 4349 respondi
1747 4297 1866 4351 ege,
1903 4282 2110 4350 legibus
2147 4288 2284 4334 utar.

717 4367 1037 4448 Quamvis
1083 4366 1236 4431 alibi
1270 4365 1543 4432 Servius
1588 4368 1893 4434 bellicum
1929 4389 2069 4434 esse
2106 4366 2496 4432 vocabulum
2532 4383 2666 4432 tra-

717 4453 847 4530 dat,
894 4454 966 4516 in
1010 4452 1174 4516 iliud
1219 4475 1483 4518 carmen
1519 4453 1800 4537 Vergilii
1836 4454 2166 4520 Aeneidos
2203 4452 2392 4518 VIL:

990 4551 1136 4622 Ergo
1173 4556 1275 4608 iter
1311 4556 1380 4608 ad
1414 4573 1611 4624 regem,
1647 4559 1858 4625 polluta
1894 4573 2047 4626 pace,
2084 4558 2308 4611 latinum

990 4624 1181 4676 Indicit
1215 4625 1397 4692 primis
1435 4626 1697 4680 iuvenum.

889 4711 1217 4793 Apparuit
1232 4715 1536 4790 quantum
1549 4712 1932 4800 perieulum]
1960 4712 2068 4778 Ad
2089 4710 2157 4776 id
2178 4713 2470 4794 respexit
2493 4713 2665 4796 quod
2713 4721 2718 4812 j

717 4797 1061 4881 proverbio
1108 4798 1337 4874 fertur,
1383 4806 1482 4861 tot
1525 4798 1700 4863 domi
1746 4800 1968 4865 hostes
2016 4821 2175 4876 esse,
2223 4808 2380 4881 quot
2414 4819 2659 4864 servos.

893 4901 968 4965 Si
1012 4901 1177 4964 servi
1229 4902 1425 4964 nostri
1477 4922 1590 4966 nos
1633 4900 1993 4988 numerare]
2049 4902 2259 4966 Nemo
2313 4900 2664 4965 mirabitur

716 4986 838 5052 hoc
883 4986 1128 5052 dixisse
1171 4983 1520 5065 Senecam,
1578 4988 1688 5069 qui
1746 4986 2284 5053 animadverterit
2336 4987 2417 5051 ad
2461 4986 2664 5052 verba

716 5072 921 5137 Plinii
964 5072 1070 5137 lib.
1112 5073 1480 5137 XXXIII.:
1543 5075 1633 5137 At
1689 5095 1863 5137 nunc
1922 5073 2046 5137 cibi
2092 5095 2376 5158 quoque,
2424 5072 2662 5155 inquit,

717 5172 784 5224 et
826 5169 1016 5240 potus
1062 5158 1477 5224 vindicantur
1522 5158 1765 5223 annulo
1818 5180 1859 5223 a
1911 5159 2157 5242 rapina.
2248 5159 2393 5226 Hoc
2447 5159 2661 5241 profe-

718 5265 862 5309 cere
906 5245 1383 5326 mancipiorum
1436 5244 1760 5328 legiones,
1816 5255 1881 5307 ct
1938 5245 2006 5308 in
2064 5245 2255 5311 domo
2305 5243 2499 5311 turba
2545 5267 2662 5310 ex·-

2721 3123 2722 3190 j
2774 3115 2878 3176 rit.

2774 2960 2894 3005 nec
2954 2941 3418 3006 celeberrimus
3473 2942 3738 3006 nomine
3792 2941 4204 3019 divitiarum,
4273 2949 4340 3005 et
4402 2941 4724 3007 bellorum

2773 3025 3067 3092 cladibus
3091 3028 3473 3105 exhaustuS,
3512 3038 3791 3110 quatuor
3823 3026 4033 3092 millia
4067 3049 4410 3093 servorum
4446 3028 4726 3111 relique·

2970 3114 3154 3179 Haec
3198 3136 3274 3178 eo
3319 3114 3629 3179 libentius
3678 3115 4213 3191 commemoravi,
4261 3114 4434 3195 quod
4479 3117 4724 3196 passim

2775 3209 3121 3264 occurrant
3154 3201 3223 3264 in
3262 3200 3598 3264 autoribus
3645 3200 3921 3265 serviles
3956 3199 4296 3277 tumultus,
4334 3202 4444 3282 qui
4483 3222 4566 3264 ne
4603 3202 4724 3283 ipsi

2775 3286 3039 3369 quidem
3084 3286 3410 3368 Capitolio
3455 3287 3787 3351 interdum
3829 3295 4281 3368 pepercerunt.

2951 3388 3309 3455 Remissius
3353 3387 3715 3475 imperanti]

3087 3475 3184 3542 Qui
3222 3475 3340 3528 vult
3373 3477 3554 3550 amari,
3592 3474 3846 3544 languida
3882 3482 4068 3542 regnet
4104 3490 4278 3543 manu,

2774 3561 2987 3644 inquit
3030 3561 3284 3626 Seneca
3323 3562 3394 3625 in
3433 3561 3782 3626 Thebaide.

2919 3675 2922 3678 ’
2949 3663 2997 3726 I
2994 3685 3033 3727 η
3071 3666 3474 3731 οοηύνανίατη
3495 3671 3674 3746 atque
3716 3662 4022 3751 arduam]

2946 3749 3173 3804 Nitimur
3209 3753 3260 3804 in
3296 3752 3518 3805 vetitum
3554 3768 3783 3819 semper,
3819 3753 4163 3818 cupimusque
4200 3760 4414 3818 negata,

2773 3837 2867 3899 ait
2911 3835 3210 3901 Ovidius.
3301 3838 3393 3901 Et,
3435 3837 3852 3920 Augustinus
3903 3838 3972 3900 in
4024 3836 4190 3900 libro
4236 3835 4315 3900 de
4364 3835 4606 3917 spiritu
4659 3845 4727 3900 ct

2772 3922 2995 3986 litera:
3035 3923 3140 3987 Ea
3174 3944 3341 4014 quae
3385 3923 3931 4005 concupiscimus,
3989 3923 4206 3988 nescio
4251 3921 4575 4005 quomodo
4619 3944 4721 3986 ar-

2775 4007 3033 4073 dentius
3077 4017 3492 4091 expetuntur,
3531 4009 3592 4072 si
3638 4016 3965 4073 vetantur.

2947 4094 3199 4160 Abiecto
3237 4095 3496 4174 homine,
3541 4095 3612 4158 in
3654 4092 3972 4181 sylvestre]
4022 4093 4170 4159 Hac
4204 4093 4586 4176 loquutione
4621 4116 4721 4158 so-

2770 4179 2983 4245 lemus
3028 4181 3166 4256 uti>
3191 4202 3393 4263 quum
3438 4180 3742 4246 volumus
3787 4179 4132 4264 designare
4170 4179 4421 4244 facinus
4456 4178 4721 4244 homine

2771 4265 3148 4349 indignum,
3210 4276 3275 4330 et
3317 4268 3388 4330 in
3432 4288 3557 4348 quo
3603 4287 3672 4330 se
3718 4266 4049 4330 hominem
4094 4288 4228 4330 non
4284 4266 4561 4348 gesserit
4602 4265 4718 4347 qui

2770 4353 3193 4435 perpetravit.
3266 4351 3443 4433 Quid
3466 4353 3641 4416 enim
3665 4353 3959 4431 interest,
3992 4353 4208 4434 inquit
4226 4349 4473 4429 Cicero,
4498 4357 4721 4415 utrum

2715 4459 2721 4536 Ι
2771 4459 2855 4502 ex
2889 4436 3156 4502 homine
3192 4446 3536 4503 convertat
3570 4459 3640 4502 se
3676 4438 3822 4519 quis
3858 4437 3929 4501 in
3950 4437 4232 4515 beluam,
4272 4459 4358 4502 an
4393 4437 4464 4500 in

2715 4545 2720 4616 5
2771 4522 3057 4588 hominis
3123 4525 3603 4589 immanitatem
3658 4533 3845 4608 gerat
3902 4523 4171 4588 beluae?
4263 4520 4718 4605 Quintilianus

2715 4621 2719 4692 ff
2770 4609 2841 4672 in
2885 4609 3086 4674 Pasto
3128 4608 3473 4674 cadavere:
3523 4607 3598 4674 Si
3645 4611 3788 4692 quis
3826 4608 3985 4674 adeo
4023 4610 4357 4675 hominem
4393 4608 4595 4686 exuit,
4642 4616 4718 4671 ut

2770 4693 2860 4758 ibi
2884 4716 3162 4778 poenam
3183 4704 3456 4778 quaerat
3477 4696 3588 4761 ubi
3613 4717 3846 4761 sensus
3884 4695 4124 4760 doloris
4159 4716 4291 4760 non
4327 4702 4443 4773 est,
4481 4714 4720 4775 nempe

2715 4817 2718 4828 ν
2767 4780 3093 4847 cadavera
3135 4782 3290 4846 feris
3332 4781 3605 4846 obiiciet.

3451 5021 3754 5089 CAPUT
3799 5021 4021 5086 XXV.

2945 5160 3111 5240 Quid
3154 5160 3321 5223 enim
3365 5160 3628 5239 interest,
3671 5181 3777 5225 oro
3821 5165 3875 5223 te
3909 5158 4290 5236 Alexander,
4335 5158 4499 5222 leoni
4536 5158 4722 5240 Lysi-

2766 5244 3052 5309 machum
3082 5245 3358 5323 obiiciaS,
3397 5265 3481 5310 an
3515 5247 3649 5326 ipse
3682 5245 3911 5311 laceres
3944 5245 4232 5310 dentibus
4264 5243 4444 5308 tuis?
4511 5245 4722 5308 Tuum

715 5343 906 5396 terna
965 5341 1121 5394 acta.
1216 5328 1575 5397 Servorum
1630 5351 1885 5414 quoque
1951 5353 2147 5396 causa
2213 5331 2662 5398 nomenclator
2769 5330 2932 5396 illud
2975 5350 3042 5395 os
3086 5338 3190 5409 est,
3236 5335 3347 5396 tua
3389 5332 3506 5397 illa
3539 5333 3775 5412 feritas.
3849 5332 3901 5396 0
3945 5351 4137 5412 quam
4178 5350 4431 5412 cuperes
4464 5330 4579 5394 tibi
4602 5350 4719 5411 po-
