5100 6061
717 376 800 437 35
2362 367 2486 453 DE
2533 366 3081 432 CLEMENTIA
4648 369 4726 429 36

722 562 939 626 animo
977 558 1344 624 inhaerere:
1394 557 1574 622 dabit
1615 557 2089 640 impunitatem,
2134 576 2257 620 nec
2298 553 2674 636 accipienti-

721 647 842 712 bus
898 646 1282 724 nocituram,
1343 667 1462 710 nec
1519 642 1845 707 dantibus.
1935 641 2289 706 Caeterum
2333 639 2505 723 quod
2562 639 2672 705 hic

725 730 978 797 Seneca
1012 732 1254 796 reverti
1292 729 1375 795 ad
1407 729 1878 805 innocentiam,
1924 728 2269 793 Terentius
2304 725 2373 790 in
2418 724 2674 789 Andria

722 815 935 882 redii-e
978 817 1049 879 in
1072 818 1248 882 viam
1292 816 1473 894 dixit,
1521 814 1749 880 Cicero
1794 812 1876 878 ad
1921 813 2257 877 meliorem
2299 812 2557 895 frugem
2603 831 2674 876 se

725 923 1041 1053 rempffiotii
1087 993 1292 1051 tamen
1344 986 1522 1069 vulyo
1568 987 1873 1068 iynoscere
1916 982 2101 1070 decet]
2160 983 2502 1050 Hactenus
2552 980 2672 1047 Se-

722 1095 885 1139 neca
917 1096 1049 1139 non
1084 1093 1339 1154 semper
1360 1092 1501 1137 esse
1524 1093 1777 1136 summo
1800 1072 1944 1134 iure
1980 1069 2308 1154 agendum
2335 1069 2671 1134 disseruit:
2725 1088 2728 1123 =

721 1160 836 1225 sed
885 1161 1191 1243 quoniam
1247 1159 1572 1240 sapientes
1628 1157 1949 1222 definiunt
2007 1157 2317 1222 virtutem
2376 1161 2523 1235 [pag.
2565 1158 2671 1233 23]
2725 1152 2728 1165 '

724 1268 864 1311 esse
908 1245 1440 1321 mediocritatem,
1489 1265 1654 1326 quae
1698 1250 1816 1320 est,
1863 1249 1935 1306 ut
1956 1241 2184 1307 Cicero
2219 1241 2523 1324 loquitur,
2572 1242 2672 1304 in-

724 1339 827 1396 ter
848 1333 1125 1396 nimium
1161 1341 1226 1394 et
1258 1351 1517 1412 parum:
1561 1327 2088 1413 prospiciendum
2125 1334 2224 1391 est
2265 1349 2347 1391 ne
2388 1326 2671 1393 clemen·

725 1419 817 1482 tia
860 1419 929 1482 in
988 1437 1327 1482 excessum
1382 1416 1704 1498 prolapsa,
1752 1413 1912 1479 vitio
1949 1415 2160 1497 magis
2196 1434 2393 1497 quam
2440 1413 2673 1479 ,virtuti

723 1503 1142 1568 adscribatur.
1231 1502 1356 1566 Est
1390 1501 1651 1583 quidem
1694 1499 2182 1583 ignoscendum,
2219 1502 2333 1564 sed
2368 1520 2499 1564 non
2535 1519 2674 1563 om-

725 1590 933 1654 nibus
1027 1584 1315 1669 Quidam
1361 1588 1535 1651 enim
1574 1587 1764 1651 venia
1800 1584 2250 1663 emendantur,
2289 1584 2402 1649 alii
2446 1583 2674 1667 depra-

724 1690 983 1740 vantur.
1092 1674 1239 1737 Hac
1304 1673 1555 1736 ratione
1619 1672 1671 1735 si
1740 1670 1937 1736 iudex
2015 1692 2259 1755 poenas
2332 1678 2673 1753 temperet,

2777 574 2959 636 pem,
3005 552 3117 636 qui
3161 552 3528 636 etssapiens
3563 552 3697 641 ‚fuit
3739 573 3910 617 unus
3955 574 4037 617 ex
4081 562 4352 635 septem,
4396 561 4463 618 et
4505 553 4728 638 legum

2777 640 3057 721 scriptor
3121 638 3300 703 solus
3355 658 3391 702 e
3446 650 3714 722 septem.
3814 637 3883 701 Is
3949 638 4420 722 rempublicam
4482 639 4727 706 duabus

2777 723 2973 790 rebus
3008 724 3325 790 contineri
3369 723 3551 801 dixit,
3597 724 3884 806 praemio
3929 733 3996 789 et
4038 745 4263 806 poena.
4330 726 4454 791 Est
4488 726 4730 792 scilicet

2776 810 3115 892 utriusque
3159 811 3254 874 rei
3300 807 3549 888 modus,
3595 810 3767 875 sicut
3810 810 4238 892 reliquarum,
4286 818 4353 874 et
4411 811 4729 893 quaedam

2776 898 2849 960 in
2893 906 3172 978 utroque
3228 915 3467 979 genere
3522 894 3954 961 mediocritas.
4044 896 4321 961 Publius
4373 897 4728 982 Mimogra-

2776 982 2978 1065 plius:
3034 982 3284 1045 Bonus*
3321 980 3518 1045 iudex
3576 992 3677 1046 est
3732 981 3844 1063 qui
3899 983 4086 1047 novit
4141 982 4517 1064 dispensare
4560 984 4728 1066 quod

2779 1067 3067 1132 dandum
3103 1077 3219 1146 est,
3259 1076 3327 1132 et
3360 1074 3698 1149 quatenus.
3730 1065 3777 1151 ¹)
3866 1066 4095 1133 Cicero
4141 1067 4327 1134 Offic.
4371 1068 4455 1132 I.:
4498 1070 4590 1133 Et
4631 1078 4726 1134 ta-

2776 1174 2931 1217 men
2987 1155 3080 1217 ita
3133 1151 3469 1235 probanda
3527 1163 3627 1217 est
3681 1151 4144 1233 mansuetudO,
4209 1161 4287 1219 ut
4344 1154 4726 1220 adhibeatur

2777 1239 3170 1321 reipublicae
3232 1260 3431 1304 causa
3496 1239 3848 1316 severitaS,
3910 1241 4051 1303 sine
4104 1261 4232 1323 qua
4286 1240 4726 1306 administrari

2777 1325 3009 1391 civitas
3054 1346 3186 1388 non
3230 1331 3457 1406 potest.
3548 1325 3693 1388 Hoc
3737 1325 3947 1388 voluit
3988 1326 4245 1389 Plinius
4302 1326 4372 1390 in
4429 1331 4577 1405 [pag.
4617 1332 4718 1405 24]

2777 1412 2961 1475 Pane
3009 1411 3190 1491 yrico
3228 1410 3332 1473 his
3377 1410 3627 1475 verbis:
3676 1432 3874 1493 quam
3919 1412 4097 1476 mitis
4143 1414 4482 1492 severitas,
4530 1434 4724 1495 quam

2997 1496 3270 1560 issoluta
3308 1495 3669 1561 clementia.

2954 1581 3283 1646 Sanahilia
3349 1584 3604 1664 inqenia
3660 1604 3700 1645 a
3752 1580 4114 1682 deploratis]
4186 1584 4267 1648 In
4328 1584 4450 1650 hoc
4505 1583 4728 1649 discri-

2778 1670 2956 1732 mine
3010 1675 3599 1750 temperamentum
3668 1674 3793 1744 est,
3863 1666 4034 1751 quod
4087 1692 4154 1733 in
4210 1671 4434 1752 poenis
4494 1672 4729 1736 consti-

2777 1517 2908 1562 non

724 1762 885 1825 sciet
968 1759 1199 1842 quibus
1287 1757 1526 1822 finibus
1601 1757 1868 1822 virtutis
1953 1757 2243 1822 medium
2334 1755 2672 1820 limitetur.
2726 1812 2731 1853 Ι
2781 1753 3043 1819 tuendis
3101 1755 3472 1836 requiritur.
3564 1751 3677 1852 Sic
3721 1754 3919 1853 habet
3957 1754 4252 1819 Platonis
4297 1755 4407 1819 lex
4453 1756 4558 1821 lib.
4606 1756 4723 1821 IX.

726 1847 965 1929 Vulg0,
1003 1843 1382 1909 adverbium
1420 1852 1536 1920 est,
1575 1843 1744 1925 quod
1782 1844 2109 1927 significat
2145 1842 2393 1925 passim
2432 1852 2498 1907 et
2532 1842 2674 1907 sine
2727 1858 2732 1921 ι
2781 1839 2861 1905 (16
2900 1839 3099 1923 legg:
3158 1838 3340 1920 Quos
3377 1860 3533 1903 vero
3581 1839 3975 1904 insanabiles
4018 1861 4161 1905 esse
4205 1840 4542 1925 legislator
4584 1864 4729 1927 cog-

724 1932 1117 2009 discrimine,
1139 1938 1213 1993 ut
1232 1928 1518 1993 ostendit
1536 1928 1763 1995 Cicero
1782 1930 1853 1993 in
1873 1929 2163 1993 oratione
2185 1949 2303 2011 pro
2322 1928 2674 1992 Muraena:

723 2018 900 2083 Num
958 2016 1173 2080 locum
1227 2015 1309 2078 ad
1350 2015 1777 2096 spectandum
1818 2015 1991 2093 dare,
2036 2024 2155 2079 aut
2199 2013 2282 2079 ad
2320 2013 2671 2097 prandium

722 2102 1049 2168 invitare?
1148 2101 1455 2178 Minime,
1524 2098 1639 2165 sed
1713 2101 1906 2184 vulgo
1973 2101 2235 2183 passim.
2335 2098 2514 2181 Quid
2579 2108 2679 2165 est

726 2188 966 2272 vulgo?
1014 2186 1375 2251 universos,
1466 2186 1801 2270 Vergilius
1847 2187 2089 2270 Georg.
2138 2186 2297 2250 HL:

1546 2288 1659 2342 Nec
1696 2289 1887 2344 funera
1921 2291 2082 2356 vulgo

934 2357 1064 2410 Tam
1102 2357 1271 2410 multa
1306 2357 1559 2411 informes
1597 2360 1708 2411 ursi
1743 2366 2080 2427 stragemque
2119 2357 2333 2413 dedere.

729 2443 1075 2508 Terentius
1120 2443 1190 2506 in
1232 2443 2005 2508 Heautontimorumeno:

1036 2543 1190 2610 Quod
1230 2562 1329 2611 ego
1367 2554 1575 2599 tantum
1612 2546 1831 2600 sceleris
1869 2546 2056 2601 admisi
2094 2547 2292 2601 miser?

1046 2614 1217 2680 Vulgo
1254 2613 1307 2665 id
1344 2612 1563 2668 faciunt.

730 2700 881 2765 Non
937 2700 1138 2783 igitur
1193 2699 1492 2763 infimum
1544 2700 1749 2782 plebis
1804 2701 2101 2765 ordinem
2160 2702 2349 2766 venia
2406 2701 2678 2785 dignum

2727 1926 2730 1939 '
2779 1927 3068 2003 noverit,
3127 1926 3358 1989 ultimo
3414 1925 3729 2008 supplicio
3775 1926 3894 1989 hos
3942 1927 4196 2003 afficiet,
4243 1948 4378 1991 non
4421 1928 4726 2012 ignorans

2783 2013 2989 2077 satius
3042 2012 3177 2075 fore
3236 2013 3316 2075 iis
3374 2012 3485 2093 qui
3558 2011 3955 2075 insanabiles
4024 2020 4207 2091 sunt,
4275 2036 4471 2091 mori,
4538 2035 4727 2096 quam

2781 2099 3038 2162 vivere:
3110 2119 3184 2162 ac
3241 2098 3295 2161 si
3375 2099 3514 2160 vita
3579 2098 3956 2179 privantur,
4027 2097 4375 2179 dupliciter
4428 2099 4730 2182 prodesse

2729 2192 2732 2195 ’
2782 2184 3072 2248 caeteris.
3119 2183 3290 2246 Nam
3316 2191 3382 2247 et
3402 2184 3690 2264 ipsorum
3716 2184 4013 2266 exemplo
4037 2186 4275 2249 caeteri
4298 2185 4726 2263 deterrentur,

2676 2309 2689 2322 ·
2783 2281 2849 2334 et
2883 2269 3201 2353 improbis
3231 2268 3611 2332 ‘hominibus
3649 2270 3884 2334 civitas
3922 2268 4298 2334 mundatur.
4391 2270 4503 2336 Sic
4548 2292 4727 2354 prae-

2728 2360 2733 2417 l
2781 2357 2957 2420 fatui·
2993 2354 3225 2419 Tullus
3270 2354 3597 2419 Hostilius
3643 2354 3816 2437 apud
3862 2356 4149 2435 Livium,
4198 2377 4396 2439 quum
4442 2356 4727 2421 animad-

2781 2443 2984 2506 vertit
3031 2443 3101 2504 in
3137 2442 3418 2505 Metium
3476 2440 3905 2524 foedifragum
3957 2462 4030 2506 ac
4087 2441 4511 2524 proditorem:
4567 2444 4726 2507 Meti
4843 2461 4898 2493 ··

2785 2526 3145 2605 Suffeti,'si
3192 2527 3332 2608 ipse
3376 2526 3626 2592 discere
3671 2548 3894 2609 posses
3939 2527 4134 2591 fidem
4179 2550 4252 2592 ac
4296 2528 4558 2593 foedera
4598 2549 4727 2593 ser-

2782 2635 2961 2692 vare,
3027 2614 3184 2676 vivo
3256 2612 3374 2675 tibi
3438 2635 3514 2677 ea
3570 2611 3878 2695 disiplina
3934 2635 3972 2677 a
4027 2636 4131 2677 me
4189 2613 4483 2679 adhibita
4526 2627 4724 2679 esset:

2731 2736 2734 2747 ›
2783 2719 2958 2762 nunc
3007 2700 3312 2780 quoniam
3353 2707 3538 2762 tuum
3577 2698 3936 2763 insanabile
3971 2700 4310 2782 ingenium
4349 2707 4466 2779 est,
4515 2708 4586 2763 tu
4622 2708 4729 2764 tuo

727 2794 956 2869 negat,
1014 2786 1128 2849 scd
1182 2785 1627 2865 clementiam,
1684 2808 1766 2850 ne
1822 2788 1910 2851 sit
1965 2786 2277 2851 dissoluta
2337 2809 2411 2853 ac
2455 2789 2678 2865 nimia,
2731 2780 2732 2833 l
2785 2785 3100 2868 supplicio
3159 2783 3311 2849 doce
3368 2785 3726 2848 humanum
3784 2806 3991 2867 genus
4049 2808 4125 2848 ca
4181 2794 4406 2851 sancta
4451 2785 4728 2864 credere,

729 2880 905 2937 corta
949 2872 1199 2935 ratione
1245 2872 1568 2936 terminat.

914 2956 1035 3023 Ubi
1088 2957 1423 3022 discrimen
1478 2958 1792 3022 sublatum
1848 2964 1961 3038 est,
2030 2958 2306 3040 confusio
2360 2959 2674 3047 sequitur]

726 3044 921 3110 Nunc
958 3044 1276 3108 rationem
1311 3045 1618 3128 assignat,
1658 3068 1773 3110 cur
1807 3067 1941 3109 non
1978 3046 2066 3109 sit
2099 3045 2299 3129 vulgo
2337 3047 2679 3128 ignoscen-

729 3130 915 3195 dum:
979 3130 1131 3212 quia
1186 3137 1341 3193 sunt
1391 3130 1684 3214 plerique
1730 3132 1890 3195 adeo
1935 3129 2171 3213 perditi
2215 3153 2289 3196 ac
2334 3132 2679 3216 profligati,

2731 2908 2734 2955 ¹.
2782 2892 2947 2953 quae
3014 2893 3051 2934 a
3106 2879 3168 2934 te
3224 2870 3470 2934 violata
3540 2878 3711 2934 sunt.
3815 2868 4149 2935 Sanabilia
4203 2872 4468 2955 ingenia
4532 2880 4732 2936 mcta-

2729 3010 2736 3019 ‚
2782 2957 3047 3041 phorice
3093 2955 3441 3039 deploratis
3501 2958 3825 3038 opposuit,
3887 2955 4316 3020 translatione
4372 2979 4409 3021 a
4468 2957 4731 3021 medicis

2731 3057 2734 3070 '
2782 3053 3057 3126 sumpta.
3148 3044 3316 3107 Nam
3358 3041 3767 3125 deploratum
3804 3065 3881 3106 ea
3916 3043 4170 3108 ratione
4207 3042 4390 3121 dixit,
4437 3064 4566 3127 qua
4610 3046 4732 3109 Te-

2782 3129 3034 3194 rentius
3092 3134 3601 3205 conclamatum,
3668 3152 3785 3210 pro
3846 3128 4202 3211 desperate.
4318 3127 4430 3195 Sic
4498 3131 4730 3195 Livius

727 3223 805 3280 ut
847 3217 977 3279 nisi
1013 3236 1223 3298 poena
1258 3225 1692 3294 coerceantur,
1731 3217 1954 3282 statim
2000 3216 2340 3299 abrupturi
2386 3218 2519 3282 sint
2560 3240 2678 3300 pu·
2730 3219 2734 3304 l
2782 3214 2889 3280 lib.
2932 3216 3047 3278 V.:
3097 3236 3282 3279 suam
3328 3215 3602 3297 quisque
3647 3236 3858 3297 spem,
3906 3237 4024 3279 sua
4064 3215 4330 3280 consilia
4375 3217 4733 3281 communi-

729 3301 904 3365 doris
940 3321 1014 3365 ac
1058 3300 1413 3365 modestiae
1458 3302 1785 3400 repagula.
1878 3303 2008 3365 Hic
2048 3303 2419 3367 meminerit
2461 3304 2677 3382 iudex,

2730 3327 2734 3352 ι
2788 3302 2907 3366 bus
2965 3300 3319 3384 deploratis
3370 3311 3813 3381 exsequentes.
3905 3301 4052 3365 Lib.
4109 3302 4266 3366 IX.:
4314 3323 4516 3383 quum
4574 3302 4732 3368 haec

729 3395 1017 3456 veterem
1062 3387 1328 3450 ferendo
1370 3388 1696 3464 iniuriam,
1743 3409 1981 3453 novam
2026 3410 2094 3452 se
2150 3388 2425 3453 irritare.
2514 3391 2679 3454 Pro·
2730 3387 2734 3440 ῑ

2786 3386 3168 3452 audirentur
3213 3396 3279 3450 et
3333 3385 3735 3464 dicerentur,
3795 3396 3862 3451 et
3917 3387 4323 3470 deploratum
4378 3407 4585 3469 paene
4629 3409 4733 3451 ro·

729 3479 933 3555 ponat
955 3470 1269 3553 sibiquod
1294 3473 1387 3535 ait
1409 3472 1637 3538 Cicero
1660 3473 2131 3552 inMiloniana,
2154 3475 2513 3539 maximam
2535 3475 2678 3541 ille·
2731 3457 2734 3548 !
2785 3495 3049 3538 manum
3107 3494 3345 3536 nomen
3401 3473 3469 3535 in
3524 3472 3790 3537 consilio
3845 3473 4162 3537 sociorum
4208 3472 4499 3537 fidolium
4544 3483 4730 3537 esset.

729 3557 989 3622 cebram
1059 3558 1368 3639 peccandi
1433 3581 1573 3624 esse
1635 3560 2042 3642 impunitatis
2109 3581 2308 3642 spem.
2420 3562 2512 3625 Et
2573 3584 2678 3627 ac·

728 3644 906 3707 tione
949 3642 1031 3706 V.
1079 3644 1149 3706 in
1193 3642 1500 3709 Verrem:
1562 3644 1621 3710 Ο
1667 3644 2066 3711 consuetudo
2119 3645 2430 3728 peccandi
2474 3669 2680 3730 quan-

728 3739 866 3793 tam
901 3727 1102 3793 habes
1138 3729 1607 3794 iucunditatem
1649 3732 1718 3795 in
1754 3733 2068 3814 improbis
2091 3754 2291 3814 quum
2314 3754 2523 3815 poena
2568 3732 2679 3797 ab·

728 3815 871 3892 fuit,
918 3822 984 3878 et
1028 3816 1292 3879 licentia
1336 3828 1733 3899 consequuta
1777 3829 1893 3883 est.
1983 3818 2089 3882 Ita
2131 3820 2334 3900 serpit
2372 3818 2533 3882 illud
2578 3821 2682 3883 in-
2733 3793 3069 3881 F‘libertas.

730 3903 932 3965 situm
966 3902 1037 3963 in
1073 3909 1310 3966 natura
1341 3902 1589 3967 malum
1626 3903 2093 3969 consuetudine
2126 3904 2434 3986 peccandi
2456 3904 2681 3984 libera,

729 3989 931 4051 finem
995 3995 1071 4049 ut
1136 3984 1441 4052 audaciae
1487 3997 1773 4054 statuere
1829 4010 1960 4053 non
2006 3991 2228 4073 possit.
2323 3989 2508 4056 Offic.
2556 3992 2677 4056 11.:

730 4072 875 4136 Nisi
919 4072 1275 4136 multorum
1339 4074 1664 4156 impunita
1729 4076 1972 4140 scelera
2042 4077 2439 4156 tulissemus,
2507 4099 2680 4141 nun-

734 4179 928 4240 quam
994 4158 1077 4222 ad
1143 4181 1348 4222 unum
1424 4169 1605 4224 tanta
1670 4162 2074 4243 pervenisset
2137 4161 2421 4227 licentia.

2783 3559 2846 3624 N
2851 3581 2936 3624 on
3006 3559 3164 3623 adeo
3232 3558 3537 3640 frequens
3607 3566 3708 3623 est
3763 3560 4038 3623 verbum
4094 3558 4431 3641 deplorare
4488 3560 4557 3622 in
4610 3560 4732 3624 hac

2733 3689 2734 3706 1
2784 3645 3286 3729 significatione;
3322 3645 3560 3710 Livius
3596 3652 3817 3709 tamen
3861 3644 4073 3709 utitur
4113 3644 4219 3708 lib.
4267 3645 4420 3708 III.:
4467 3644 4537 3709 id
4579 3666 4731 3711 vero

2784 3752 3059 3815 regnum
3108 3730 3284 3794 haud
3326 3730 3517 3795 dubie
3539 3730 3767 3809 videri,
3814 3730 4187 3813 deploratur
4229 3731 4297 3794 in
4341 3740 4733 3814 perpetuum

3184 3817 3358 3881 Hinc
3449 3813 3644 3881 ducta
3709 3816 4027 3898 loquuti0‚
4095 3813 4266 3898 quod
4330 3826 4731 3881 mortuorum

2786 3902 3104 3968 cadavera
3161 3923 3315 3985 rogo
3369 3902 3673 3984 imposita
3729 3902 4180 3984 deplorantur,
4237 3909 4303 3966 et
4357 3923 4476 3984 per
4531 3905 4730 3967 inter-

2787 3989 2962 4054 valla
3005 3988 3509 4053 conclamantur.
3600 3987 3996 4052 Huiusmodi
4049 3987 4384 4052 hominem
4428 3989 4731 4073 profliga-

2787 4075 3111 4139 tissimum
3180 4074 3417 4138 Graeci
3483 4081 3763 4153 καχέκιην
3827 4082 4102 4152 vocant,
4171 4076 4353 4157 quasi
4424 4075 4731 4140 vitiorum
4797 4143 4802 4156 ,

2531 4163 2682 4228 Hae
2787 4159 3016 4224 habitu
3070 4160 3527 4243 depravatum:
3587 4180 3712 4241 quo
3758 4158 3978 4224 verbo
4002 4182 4160 4224 usus
4205 4167 4305 4225 est
4347 4159 4578 4238 Cicero
4622 4160 4727 4225 lib.

732 4251 889 4309 sunt
942 4243 1177 4309 iudicis
1229 4251 1478 4327 partes,
1535 4245 1617 4310 ad
1660 4246 1940 4312 levicula
1983 4248 2360 4325 connivere,
2408 4260 2475 4312 et
2518 4269 2681 4330 quae
2733 4235 2738 4304 Ῑ
2786 4247 2838 4311 I.
2873 4246 2956 4311 ad
2991 4247 3308 4312 Atticum.
3374 4245 3457 4308 In
3492 4244 3561 4308 id
3602 4266 3810 4328 genus
3847 4245 4189 4310 hominum
4224 4244 4293 4309 id
4338 4247 4535 4310 ctiam
4580 4267 4730 4311 con-

733 4328 816 4393 ad
872 4329 1246 4416 exemplum
1300 4331 1473 4395 trahi
1529 4354 1660 4397 non
1716 4343 2020 4415 possunt:
2071 4333 2197 4398 alia
2243 4355 2399 4399 voro
2444 4335 2683 4400 acriter
2733 4309 2737 4414 l
2786 4333 2942 4397 ferri
2978 4340 3221 4415 potest:
3261 4322 3530 4409 σώματος
3556 4336 3666 4409 μὲν
3700 4330 4042 4418 ἅῤῥωοτίαν
4076 4331 4274 4394 Caietae
4304 4337 4501 4412 τέχνη·
4537 4335 4731 4415 ψυχῆς

732 4415 1114 4491 observare,
1162 4437 1326 4497 quae
1371 4419 1671 4500 exemplo
1714 4421 1910 4484 etiam
1955 4427 2205 4485 nocent.
2296 4420 2481 4485 Bene
2527 4441 2683 4505 ergo
2732 4419 2737 4508 ξ
2787 4417 2852 4481 δὲ
2893 4418 3122 4497 νόσημα
3168 4416 3365 4501 ἰατρὸς
3420 4416 3610 4479 hietat
3651 4417 3930 4489 θάνατος.
4022 4416 4329 4499 Corporis
4371 4417 4731 4483 valetudini

734 4500 965 4566 Cicero
1022 4500 1105 4564 ad
1158 4501 1470 4567 Brutum:
1530 4502 1856 4569 Salutaris
1906 4507 2220 4580 severitas
2274 4506 2481 4571 vincit
2537 4508 2682 4571 ina·
2735 4515 2738 4526 '
2789 4526 2895 4569 ars
2917 4503 3241 4567 medetur:
3271 4505 3524 4567 animae
3547 4504 3774 4567 morbo
3798 4504 3935 4567 sola
3959 4525 4148 4568 mors.
4210 4504 4513 4587 Frangas
4537 4505 4727 4580 enim,

732 4608 886 4651 nem
932 4587 1214 4670 speciem
1258 4587 1654 4654 clementiae.

1302 4674 1313 4684 ·
2733 4563 2738 4690 Ι
2787 4599 2863 4654 ut
2906 4592 2998 4654 ait
3039 4588 3307 4667 Fabius,
3355 4590 3543 4654 citius
3587 4610 3783 4670 quam
3825 4589 4130 4672 corrigas.

906 4671 1129 4754 Itaque
1164 4672 1510 4738 adhibenda
1544 4682 1630 4739 est
1650 4675 2016 4764 moderatio]
2063 4677 2210 4741 Iam
2247 4676 2534 4741 ostendit
2570 4699 2683 4743 ne·
2734 4707 2740 4780 ι

2964 4676 3094 4740 Nec
3135 4676 3477 4757 vulyarem,
3525 4695 3632 4739 nec
3676 4674 4043 4774 abscissam]
4092 4673 4244 4740 Stili
4291 4675 4591 4739 ubertate
4634 4676 4730 4737 in-

732 4778 861 4840 que
895 4760 1137 4823 iustam
1196 4780 1336 4824 esse
1390 4763 1825 4841 severitatem,
1869 4784 2032 4845 quae
2076 4763 2367 4846 praecise
2413 4760 2573 4827 adeo
2619 4770 2686 4827 et
2788 4761 3045 4826 terdum
3092 4761 3388 4826 luxuriat
3422 4760 3688 4825 Seneca.
3779 4762 3922 4826 Iani
3965 4761 4221 4826 dixerat
4259 4782 4388 4825 non
4434 4761 4731 4824 omnibus

731 4844 1224 4909 inexorabiliter
1278 4866 1518 4927 poenas
1577 4849 1811 4931 exigit,
1871 4871 2078 4932 neque
2134 4847 2361 4916 videri„
2399 4847 2683 4913 clemen·
2789 4870 2909 4913 nec
2966 4848 3165 4999 ruffio
3224 4845 3718 4930 ignoscendum:
3778 4868 3955 4911 nunc
4011 4845 4283 4911 candem
4340 4848 4730 4911 sententiam

733 4930 895 4993 tiam
965 4932 1139 4994 inter
1196 4932 1472 4997 virtutes
1529 4933 2030 5011 numerandam,
2079 4955 2245 5016 quae
2299 4935 2544 5016 passim
2610 4956 2686 4999 ac
2792 4933 2935 4998 aliis
2980 4956 3058 4998 ve

731 5016 1101 5096 promiscue
1158 5038 1226 5080 se
1283 5018 1567 5084 exhibet.
1660 5018 2155 5084 consectarium
2211 5027 2339 5099 est,
2396 5018 2686 5085 laudabi-

732 5099 866 5164 lem
931 5122 1069 5167 essc
1146 5101 1662 5169 moderationem
1727 5126 1891 5187 quae
1954 5104 2200 5187 aliquid
2267 5127 2350 5170 ex
2415 5113 2688 5190 utroque

1158 5188 1353 5254 Hanc
1398 5190 1793 5254 sententiam
1839 5190 2112 5272 pulchre
2156 5193 2532 5275 exsequitur
2577 5192 2686 5256 Gi-

734 5291 882 5337 cero
926 5270 1009 5336 ad
1045 5273 1350 5339 Brutum.
1439 5275 1534 5341 Ut
1574 5275 1860 5355 Solonis,
1915 5277 2152 5359 inquit,
2199 5276 2448 5343 dictum
2492 5299 2688 5344 usur-

732 5191 1068 5268 temperet.

3139 4933 3194 4996 is
3237 4933 3494 5015 repetit.
3559 4933 3933 4998 Abscissam
3979 4933 4146 4997 dixit
4187 4953 4305 5015 pro
4353 4930 4628 5015 abrupta
4669 4936 4732 4994 et

2930 5225 2986 5290 1)
3025 5225 3191 5279 Hanc
3224 5225 3543 5280 sententiam
3577 5227 3719 5279 inter
3756 5230 3994 5279 caeteras
4029 5238 4169 5293 quae
4210 5224 4371 5278 hodie
4414 5224 4513 5279 sub
4553 5219 4733 5277 Public·

2792 5298 3011 5348 nomme
3045 5294 3503 5360 circumferuntur
3533 5294 3752 5360 frustra
3786 5293 4166 5363 quaesivimus.
4558 5327 4563 5333 -
