5100 6061
769 406 888 467 351

772 590 1013 669 hiberi,
1068 610 1204 654 non
1246 610 1433 655 secus
1477 611 1552 654 ac
1598 591 1655 654 si
1698 610 2010 671 praesens
2055 590 2193 671 ipse
2239 588 2529 670 aspectui
2575 609 2725 651 nos-

772 687 875 742 tro
942 675 1361 754 obiiceretur,
1444 697 1517 742 ac
1593 674 1894 740 manibus
1976 680 2466 739 attrectaretur:
2547 678 2728 756 atque

769 764 925 829 adeo
953 761 1002 846 ¹)
1058 767 1232 826 tanta
1285 762 1536 840 virtute,
1582 765 1873 843 tantaque
1916 759 2230 842 efficacia,
2276 765 2344 823 ut
2385 780 2508 824 non
2547 759 2727 824 modo

774 847 1194 914 indubitatam
1256 848 1418 913 vitae
1492 853 1776 912 aeternae
1833 846 2139 927 fiduciam
2205 846 2442 910 animis
2496 846 2729 909 nostris

773 935 1031 1016 afferat:
1086 934 1195 1000 sed
1238 934 1312 999 de
1354 934 1566 997 carnis
1608 933 1790 996 etiam
1835 938 2082 997 nostrae
2135 931 2597 996 immortalitate
2639 952 2728 995 se-

773 1041 956 1087 curos
998 1041 1108 1084 nos
1152 1020 1386 1084 reddat.
1468 1017 1794 1099 Siquidem
1836 1018 1914 1083 ab
1972 1018 2311 1083 immortali
2365 1018 2504 1082 eius
2543 1038 2728 1083 carne

775 1107 910 1172 iam
962 1106 1347 1186 vivificatur,
1426 1109 1479 1168 et
1557 1103 2005 1185 quodammodo
2072 1105 2208 1168 eius
2265 1102 2729 1168 immortalitati

774 1193 1191 1257 communicat.
1288 1189 1575 1255 Proinde
1628 1191 1749 1255 sub
1806 1211 1973 1272 pane
2033 1198 2100 1253 et
2142 1189 2297 1255 vino
2343 1209 2727 1271 repraesen-

773 1285 998 1341 tantur
1042 1298 1275 1359 corpus
1316 1289 1381 1340 et
1427 1278 1712 1361 sanguis.
1776 1274 1926 1356 Quo
1968 1274 2312 1353 discamus,
2360 1297 2491 1339 non
2536 1272 2726 1338 modo

769 1371 992 1428 nostra
1036 1384 1207 1440 esse,
1256 1360 1369 1427 sed
1416 1362 1602 1428 nobis
1646 1384 1786 1427 esse
1842 1362 1911 1425 in
1956 1361 2162 1425 vitam
2209 1369 2273 1425 et
2317 1360 2724 1438 alimentum,

772 1450 891 1525 sic,
939 1469 1144 1531 quum
1188 1469 1427 1530 panem
1471 1448 1771 1513 videmus
1824 1449 1893 1510 in
1941 1451 2088 1527 [pag.
2130 1450 2235 1525 46]
2284 1446 2536 1512 Christi
2583 1468 2724 1511 cor-

769 1556 926 1618 pore
981 1534 1459 1600 sanctificatum
1475 1585 1490 1612 ,
1551 1535 1700 1599 haec
1715 1536 1772 1616 ²)
1813 1534 2026 1597 statim
2068 1533 2467 1615 concipienda
2510 1538 2599 1596 est
2640 1533 2725 1596 si-

771 1620 1074 1685 militudo.
1171 1620 1251 1686 Ut
1300 1620 1573 1700 corporis
1625 1620 1826 1683 nostri
1884 1619 2077 1683 vitam
2107 1620 2309 1700 panis
2353 1620 2496 1698 alit,
2538 1619 2725 1682 susti-

773 1711 890 1786 net,
937 1711 1169 1770 tuetur.-
1225 1707 1319 1770 ita
1368 1704 1602 1770 Christi
1646 1725 1883 1786 coran,
1929 1705 2092 1768 vitae
2138 1709 2381 1770 nostrae
2424 1705 2724 1786 spiritua-

769 1792 855 1857 lis
896 1792 1099 1856 cibum
1142 1812 1215 1856 ac
1250 1793 1686 1873 protectionem
1729 1811 1873 1855 esse.
1949 1791 2153 1872 Quum
2197 1791 2411 1855 vinum
2456 1792 2526 1855 in
2563 1811 2724 1872 sym-

767 1878 972 1942 bolam
1024 1877 1359 1961 sanguinis
1412 1878 1739 1959 profertur
1753 1928 1768 1952 ,
1826 1897 1978 1958 quos
2030 1877 2210 1957 affert
2265 1878 2505 1959 corpori
2548 1897 2721 1955 usus,

768 1964 1006 2048 eosdem
1049 1963 1472 2045 spiritualiter
1520 1961 1758 2028 Christi
1798 1964 2104 2046 sanquine
2147 1962 2322 2027 nobis
2364 1964 2583 2044 afferri
2627 1983 2722 2027 re-

758 2055 1070 2132 putemus
1147 2050 1354 2114 Porro
1398 2048 1522 2113 hoc
1566 2048 1986 2132 mysterium,
2038 2057 2112 2112 ut
2155 2056 2255 2113 est
2297 2056 2520 2113 tantae
2565 2070 2725 2132 erga

767 2158 888 2200 nos
935 2135 1196 2199 divinae
1239 2134 1562 2218 largitatis
1608 2133 2109 2213 documentum,
2167 2136 2258 2198 ita
2302 2134 2493 2199 simul
2512 2136 2568 2217 ⁸)
2614 2135 2724 2199 ad-

768 2241 1013 2287 monere
1055 2221 1236 2298 debet,
1282 2241 1357 2284 ne
1397 2225 1525 2283 tam
1568 2220 1800 2301 effusae
1831 2220 2191 2303 beni-anitati
2231 2222 2468 2305 inyrati
2501 2222 2723 2285 simus.

778 2307 946 2388 Quin
987 2307 1206 2387 potius
1260 2327 1428 2385 eam,
1483 2305 1709 2388 quibus
1750 2327 1884 2387 par
1924 2311 2012 2370 est
2065 2307 2363 2372 laudibus
2400 2308 2724 2389 praedice-

769 2413 911 2456 mus
926 2443 940 2470 ,
993 2392 1466 2476 qratiarumque
1517 2393 1750 2457 actione
1800 2392 2181 2458 celebremus.
2260 2393 2432 2457 'l'um
2477 2400 2550 2456 ut
2603 2414 2721 2457 nos

772 2478 1056 2543 vicissim
1102 2499 1178 2543 ea
1216 2477 1688 2561 amplectamur
1733 2479 2010 2557 unitate,
2067 2500 2196 2562 qua
2240 2487 2577 2561 compacta
2618 2479 2720 2542 in-

770 2570 874 2629 ter
908 2585 978 2628 se
1014 2563 1306 2629 eiusdem
1332 2565 1620 2647 corporis
1658 2564 1954 2628 membra
1989 2572 2486 2646 connectuntur.
2554 2564 2620 2629 N
2620 2564 2721 2628 ul-

771 2650 874 2715 lus
917 2650 1092 2714 enim
1130 2651 1214 2715 ad
1257 2650 1651 2716 excitandam
1665 2650 1723 2733 ⁴)
1771 2650 1931 2715 inter
1951 2671 2063 2716 nos
2084 2657 2367 2716 mutuam
2401 2653 2723 2715 caritatem

770 2736 1086 2801 admoveri
1129 2737 1336 2801 aerior
1378 2736 1670 2800 stimulus
1692 2741 1953 2817 poterat,
1995 2757 2184 2817 qnam
2225 2737 2376 2802 dum
2425 2735 2725 2802 Christus

767 2843 834 2887 se
887 2823 1098 2904 ipsum
1151 2822 1327 2887 nobis
1384 2822 1653 2900 donanS,
1711 2844 1833 2886 non
1887 2824 2061 2888 modo
2113 2843 2230 2888 suo
2273 2844 2384 2887 nos
2428 2823 2718 2904 exemplo,

766 2913 836 2971 ut
877 2908 1034 2972 alter
1074 2908 1260 2972 alteri
1300 2930 1414 2973 nos
1456 2913 1668 2973 mutuo
1710 2909 2111 2973 devoveamus
2150 2930 2224 2973 ac
2269 2907 2581 2974 dedamus
2623 2911 2720 2972 in—

766 2995 920 3058 vitat
936 3019 953 3058 .·
1013 2994 1119 3058 sed
1157 2999 1226 3058 ut
1267 3015 1332 3060 se
1371 2995 1527 3077 facit
1567 2995 1846 3060 omnium
1894 3015 2300 3074 commanem,
2355 2997 2444 3060 ita
2489 3015 2721 3077 quoque

768 3101 976 3145 omnes
1019 3101 1214 3145 unum
1258 3083 1324 3145 in
1367 3087 1550 3146 semet
1593 3083 1729 3162 ipso
1773 3101 1902 3146 esse
1938 3082 2110 3163 facit.

813 3320 940 3384 DE
989 3318 1508 3386 EOOLESIAE
1554 3319 2144 3387 PASTORIBUS
2187 3323 2306 3386 ET
2346 3320 2680 3388 EORUM

1460 3421 2022 3490 POTESTATE.

948 3559 1276 3639 Quoniam
1303 3581 1504 3642 quum
1544 3561 1838 3639 verbum,
1876 3571 2020 3625 tum
2055 3569 2481 3641 sacramenta,
2515 3563 2723 3629 homi-

773 3667 934 3710 num
978 3645 1342 3709 ministerio
1386 3644 1749 3728 dispensari
1792 3648 1999 3711 voluit
2038 3648 2385 3723 Dominus,
2433 3658 2724 3732 pastores

772 3731 1061 3796 ecclesiis
1096 3751 1394 3814 praeesse
1430 3739 1700 3814 oportet,
1739 3730 1845 3815 qui
1887 3744 1956 3796 ct
1989 3736 2247 3798 sincera
2281 3732 2579 3800 doctrina
2603 3757 2724 3818 pu-

774 3817 938 3882 blice
982 3817 1422 3900 privatimque
1464 3817 1722 3901 plebem
1768 3819 2090 3897 erudiant,
2138 3830 2547 3885 sacramenta
2584 3823 2727 3905 ipsa

774 3901 1264 3981 administrent,
1312 3914 1379 3967 et
1423 3904 1670 3985 optimo
1715 3905 2018 3989 exemplo
2063 3905 2146 3970 ad
2191 3908 2369 3971 vitae
2415 3910 2725 3974 sanctita-

773 4000 911 4054 tem
955 4011 1030 4054 ac
1071 3990 1432 4072 puritatem
1483 3991 1848 4055 instituant.
1939 3991 2133 4055 Hanc
2190 3992 2602 4075 disciplinam
2660 4004 2727 4057 et

775 4075 951 4140 hunc
995 4074 1291 4139 ordinem
1327 4077 1440 4158 qui
1485 4086 1942 4158 aspernantur,
1990 4098 2123 4142 non
2167 4078 2564 4156 hominibus,
2596 4080 2726 4145 sed

773 4158 920 4225 Deo
966 4170 1125 4225 sunt
1164 4161 1640 4239 contumeliosi,
1688 4161 1977 4245 adeoque
2022 4185 2092 4228 se
2137 4164 2218 4229 ab
2270 4164 2579 4230 ecclesiae
2622 4189 2725 4231 so-

773 4246 1011 4310 cietate
1062 4247 1328 4312 factiose
1395 4247 1798 4313 subducunt:
1865 4258 1942 4312 ut
1992 4270 2157 4331 quae
2213 4250 2353 4316 sine
2407 4251 2726 4317 eiusmodi

771 4333 1136 4397 ministerio
1201 4332 1555 4398 consistere
1623 4334 1804 4398 nullo
1871 4339 2016 4415 [pag.
2067 4339 2176 4415 47]
2244 4336 2436 4401 modo
2491 4348 2722 4420 potest.

773 4418 924 4481 Non
969 4419 1145 4482 enim
1187 4420 1374 4500 parvi
1416 4420 1736 4483 momenti
1780 4429 1907 4498 est,
1965 4419 2137 4503 quod
2192 4423 2392 4486 semel
2447 4432 2725 4489 testatus

771 4512 873 4568 est
896 4504 1248 4568 Dominus:
1297 4515 1504 4569 semet
1537 4506 1752 4587 ipsum
1797 4508 2017 4589 recipi,
2063 4505 2220 4571 dum
2264 4508 2360 4572 illi
2396 4511 2723 4592 recipiun-

772 4598 908 4654 tur:
971 4590 1221 4671 pariter
1260 4597 1327 4653 et
1370 4591 1584 4665 abiici,
1647 4591 1805 4655 dum
1858 4593 1957 4657 illi
2018 4594 2410 4659 abiiciuntur
2450 4595 2720 4678 (Matth.

779 4681 875 4753 10,
925 4680 1055 4756 40).
1114 4677 1215 4741 Ac
1271 4697 1356 4739 ne
1399 4678 1883 4759 contemptibile
1940 4680 2105 4743 foret
2148 4701 2374 4744 eorum
2425 4681 2723 4746 ministe-

771 4762 966 4840 rium,
1002 4762 1251 4846 insigni
1272 4762 1584 4827 mandato
1607 4764 2028 4829 instruuntur
2048 4765 2299 4849 ligandi
2328 4774 2394 4830 et
2428 4767 2724 4833 solvendi

774 4846 1044 4927 (Matth.
1091 4852 1187 4925 16,
1230 4849 1368 4928 19):
1416 4847 1636 4911 addita
1679 4852 2139 4931 promissione,
2186 4874 2611 4936 quaecunque
2653 4856 2723 4918 in

774 4934 968 4999 terris
1005 4933 1360 5018 ligaverint
1393 4944 1506 4998 aut
1539 4935 1871 5013 solverint,
1918 4937 2109 5019 ligari
2143 4947 2206 5001 et
2243 4939 2407 5003 solvi
2439 4940 2510 5003 in
2545 4939 2724 5005 coelo

1266 5300 1277 5312 .
1312 5259 1431 5313 247.

1255 5329 1330 5384 id.
1363 5346 1417 5398 p.
1455 5328 1574 5383 254„

911 5257 970 5326 1)
1009 5259 1190 5313 Jnsm.

1604 5259 1664 5326 2)
1706 5259 1849 5316 lbid.
1885 5277 1937 5328 p.
1975 5259 2093 5314 238.

774 5340 878 5395 seq.
1085 5327 1144 5390 4)

2249 5260 2309 5328 3)
2351 5263 2495 5319 nia.
2526 5281 2583 5333 p.
2620 5263 2722 5319 251

2434 396 3111 464 OATEOHISMUS.

4656 399 4775 461 352

2833 584 3089 668 (Ioann.
3132 586 3231 662 20,
3275 585 3407 667 23).
3498 585 3741 670 Ligare
3786 595 4036 664 autem,
4093 586 4246 651 alibi
4306 595 4571 669 peccata
4625 588 4778 653 reti-

2831 689 3014 733 nere:
3063 669 3334 747 solvere,
3382 673 3736 751 remittere,
3775 672 4080 738 Christus
4115 674 4255 756 ipse
4290 674 4775 756 interpretatur.

2831 755 2977 819 Iam
3000 774 3163 837 quae
3197 756 3285 819 sit
3318 755 3616 821 solvendi
3653 759 3837 836 ratic,
3878 760 4149 842 exponit
4184 781 4221 824 a
4307 760 4512 825 stolus
4557 759 4777 844 (Rom.

2839 846 2892 920 1,
2939 842 3064 924 16),
3136 841 3294 905 dum
3353 843 3768 927 evangelium
3823 845 4140 910 virtutem
4266 846 4325 908 ei
4380 867 4523 911 esse
4579 844 4780 934 docet,

2833 927 2917 991 ad
2952 927 3231 991 salutem
3264 928 3440 991 omni
3476 928 3782 994 credenti.
3849 929 4147 995 Rursum
4182 932 4327 1013 quis
4357 931 4611 1015 ligandi
4646 953 4780 995 mo-

2833 1012 2974 1090 dus,
3020 1010 3181 1076 dum
3215 1021 3586 1097 promptam
3622 1036 3824 1099 penes
3871 1015 4193 1099 apostolos
4232 1017 4592 1082 vindictam
4641 1039 4782 1083 esse

2834 1098 2991 1163 dicit
3035 1097 3349 1164 adversus
3394 1120 3658 1165 omnem
3702 1102 4207 1167 inobedientiam
4256 1106 4323 1185 (2
4361 1102 4509 1168 Cor.
4558 1109 4651 1181 10,
4695 1106 4778 1186 6).

2833 1183 3175 1267 Siquidem
3222 1186 3546 1269 evangelii
3589 1209 3847 1252 summa
3891 1195 4022 1267 est,
4079 1211 4196 1254 nos
4234 1189 4485 1273 peccati
4522 1192 4784 1254 mortis·

2832 1291 2959 1353 que
3004 1291 3246 1348 servos,
3294 1272 3458 1335 solvi
3501 1292 3577 1337 ac
3614 1272 3879 1338 liberari
3915 1295 4033 1357 per
4067 1267 4580 1358 redemptionem
4618 1299 4781 1359 quae

2832 1365 2932 1421 est
2965 1356 3035 1420 in
3074 1354 3339 1421 Christo
3363 1357 3537 1436 Iesu,
3577 1380 3772 1441 quem
3809 1361 3921 1443 qui
3957 1360 4437 1445 redemptorem
4474 1382 4608 1426 non
4642 1385 4784 1427 sus-

2830 1442 3112 1525 cipiunt,
3178 1464 3287 1507 eos
3347 1444 3534 1509 novis
3595 1447 3915 1529 gravioris
3992 1446 4432 1512 damnationis
4504 1448 4783 1514 vinculis

2830 1528 3211 1611 constringi.
3252 1529 3525 1593 rVerum
3574 1532 4066 1597 meminerimus
4109 1532 4310 1610 illam,
4357 1554 4520 1616 quae
4564 1542 4785 1616 pasto·

2829 1614 3012 1680 ribus
3056 1615 3127 1677 in
3174 1615 3500 1698 scriptura
3538 1614 3844 1695 defertur,
3893 1625 4299 1700 potestatem,
4347 1627 4553 1683 totam
4601 1619 4781 1685 verbi

2829 1700 3191 1784 ministerio
3225 1701 3644 1765 terminatam
3686 1724 3845 1776 esse.
3936 1705 3998 1768 N
4001 1726 4085 1769 on
4131 1706 4306 1769 enim
4353 1705 4524 1770 hanc
4563 1715 4780 1789 potes-

2829 1795 3030 1850 tatem
3076 1786 3447 1852 hominibus
3495 1778 3755 1870 proprie
3810 1789 4117 1856 Christus
4164 1789 4370 1856 dedit:
4419 1790 4533 1856 sed
4585 1793 4782 1858 verbo

2831 1893 2979 1950 su0,
3038 1873 3221 1938 cuius
3276 1873 3573 1938 homines
3618 1876 3956 1942 ministros
4001 1877 4169 1942 fecit.
4259 1877 4489 1960 Itaque
4535 1879 4712 1943 verbo
4736 1880 4780 1959 ¹)

2830 1958 2975 2036 Dei,
3022 1960 3206 2024 cuius
3236 1960 3435 2041 positi
3468 1966 3616 2023 sunt
3648 1961 4126 2047 dispensatores,
4169 1964 4536 2044 confidenter
4572 1967 4782 2029 omnia

2830 2045 3131 2123 audeant,
3185 2046 3325 2110 eius
3367 2047 3685 2111 maiestati
3729 2068 3965 2113 omnem
4009 2051 4233 2114 mundi
4287 2051 4601 2128 virtutem,
4653 2051 4781 2135 ylo-

2827 2132 3013 2208 riam,
3059 2129 3497 2196 sublimitatem
3538 2132 3757 2197 cadere
3774 2135 3828 2215 2)
3875 2140 4059 2216 atque
4100 2136 4339 2201 obedire
4379 2141 4626 2219 eoqant:
4666 2158 4783 2217 per

2827 2216 3038 2298 ipsum
3083 2216 3368 2282 omnibus
3384 2269 3398 2296 ‚
3446 2239 3486 2281 a
3530 2237 3769 2282 summo
3813 2241 4008 2302 usque
4048 2223 4134 2286 ad
4175 2223 4612 2301 novissimum,
4669 2225 4783 2286 im-

2814 2308 3052 2383 perent,
3095 2300 3331 2368 Christi
3364 2304 3614 2369 domum
3649 2306 3971 2386 aedificent
3984 2358 3998 2386 ,
4042 2306 4319 2373 Satanae
4353 2328 4610 2391 reynum
4642 2310 4784 2374 sub-

2827 2393 3099 2467 vertant‚
3145 2409 3282 2452 oves
3313 2395 3616 2471 pascant,
3659 2391 3843 2472 lupos
3885 2394 4288 2473 interficiant,
4331 2394 4561 2460 dociles
4606 2396 4784 2462 insti-

2829 2479 3009 2538 tuant
3052 2480 3107 2539 et
3140 2474 3550 2554 exhortentur,
3598 2477 3847 2543 rebelles
3884 2485 3938 2542 et
3961 2479 4319 2561 pervicaces
4354 2485 4641 2563 aryuant.
4695 2483 4782 2546 in.-

2826 2567 3086 2642 erepent,
3131 2563 3453 2626 revincant
3468 2589 3486 2625 .·
3529 2562 3640 2627 sed
3682 2565 3895 2628 omnia
3939 2566 4010 2628 in
4052 2564 4249 2630 verbo.
4330 2567 4395 2630 A
4431 2586 4555 2649 quo
4603 2569 4657 2631 si
4704 2567 4781 2632 ad

2827 2668 2947 2711 sua
2990 2647 3271 2726 somnia,
3316 2649 3673 2731 capitisque
3719 2652 3821 2715 sui
3863 2653 4183 2734 figmenta
4224 2650 4585 2732 divertant,
4634 2657 4781 2732 [pag.
4846 2723 4855 2742 ,

2829 2736 2936 2810 48]
2982 2732 3113 2796 iam
3140 2754 3269 2796 non
3293 2755 3410 2816 pro
3454 2735 3825 2817 pastoribus
3851 2736 4162 2801 habendi:
4211 2736 4342 2814 sed,
4391 2759 4596 2820 quum
4642 2739 4783 2822 lupi

2827 2819 2962 2883 sint
3017 2818 3232 2900 potius
3290 2822 3698 2902 pestilentes,
3769 2820 4075 2906 abigendi
4131 2830 4303 2886 sunt.
4394 2824 4544 2889 Non
4604 2827 4780 2889 enim

2828 2904 2989 2970 alios
3046 2905 3255 2969 audiri
3312 2906 3620 2972 Christus
3674 2909 4023 2991 praecipit,
4081 2929 4277 2990 quam
4333 2911 4442 2991 qui
4501 2931 4621 2974 nos
4665 2911 4780 2975 do·

2827 3001 3035 3069 ceant,
3081 3012 3248 3074 quae
3294 2992 3374 3057 ab
3418 2995 3557 3058 eius
3602 2994 3800 3061 verbo
3842 2995 4259 3077 sumpserint.

3095 3196 3222 3264 DE
3270 3199 4004 3267 TRADITIONIBUS
4053 3203 4390 3268 HUMAN
4394 3202 4502 3268 IS.

3001 3334 3225 3416 Quum
3248 3338 3622 3419 generalem
3646 3338 3837 3402 Pauli
3874 3340 4266 3404 sententiam
4304 3340 4685 3418 habeamus,
4713 3348 4783 3405 ut

2773 3408 2780 3497 Ι
2830 3421 3137 3487 decenter
3182 3429 3251 3486 et
3304 3422 3533 3488 ordine
3575 3426 3741 3489 fiant
3783 3426 3854 3487 in
3899 3425 4185 3490 ecclesiis
4241 3426 4462 3490 omnia
4522 3428 4584 3511 (1
4630 3427 4777 3492 Cor.

2835 3515 2933 3587 14,
2981 3510 3112 3587 40),
3174 3509 3399 3573 civiles
3456 3508 3971 3589 observationes,
4027 3510 4260 3593 quibus
4313 3533 4434 3577 ceu
4480 3513 4779 3590 vinculis,

2830 3594 2988 3659 ordo
3034 3601 3102 3656 et
3145 3593 3454 3659 decorum
3499 3597 3567 3659 in
3614 3595 4147 3662 Christianorum
4205 3604 4393 3662 coetu
4450 3600 4780 3675 consistat,

2832 3679 2937 3745 vel
2982 3679 3327 3746 concordia
3368 3681 3744 3760 retineatur,
3790 3702 4201 3765 nequaquam
4246 3684 4420 3747 inter
4459 3685 4782 3750 humanas

2830 3766 3216 3830 traditiones
3262 3767 3703 3833 numerandae
3747 3776 3935 3833 sunt:
3996 3768 4109 3834 sed
4153 3769 4239 3833 ad
4290 3768 4473 3835 illam
4510 3771 4783 3854 apostoli

2830 3853 3124 3936 regulam
3168 3853 3383 3933 potius
3429 3854 3824 3931 referendae,
3870 3853 4064 3920 modo
4108 3875 4191 3919 ne
4227 3855 4335 3920 vel
4379 3854 4463 3920 ad
4508 3857 4783 3921 salutem

2830 3937 3235 4003 necessariae
3278 3938 3648 4020 credantur,
3693 3939 3800 4005 vel
3844 3942 4279 4007 conscientias
4316 3941 4633 4026 religione
4656 3942 4784 4019 ,ob-

2830 4025 3172 4107 stringant,
3210 4023 3316 4088 vel
3361 4023 3443 4088 ad
3479 4027 3605 4090 Dei
3652 4027 3901 4091 cultum
3946 4026 4389 4103 conferantur,
4434 4027 4544 4093 vel
4588 4028 4658 4091 in
4706 4028 4783 4090 il-

2828 4110 2913 4174 lis
2956 4112 3164 4191 pietas
3208 4119 3578 4192 reponatur.
3649 4110 3836 4194 Quae
3874 4133 4027 4176 vero
4071 4113 4191 4177 sub
4236 4113 4427 4178 titulo
4474 4113 4784 4196 spiritua-

2828 4196 2994 4260 lium
3040 4196 3279 4279 legum,
3325 4195 3408 4259 ad
3450 4197 3751 4282 ligandas
3798 4198 4257 4277 conscientias,
4305 4200 4487 4264 velut
4530 4199 4613 4264 ad
4653 4199 4783 4264 Dei

2830 4283 3080 4347 cultum
3124 4283 3527 4348 necessariae
3569 4286 3888 4360 feruntur,
3936 4284 4016 4348 iis
4050 4285 4304 4349 fortiter
4339 4293 4441 4350 est
4473 4287 4783 4350 resisten-

2831 4367 3006 4432 dum.
3074 4368 3222 4431 Non
3260 4370 3434 4432 enim
3469 4369 3841 4434 libertatem
3875 4370 4105 4449 solum,
4144 4390 4338 4453 quam
4374 4370 4563 4436 nobis
4587 4371 4783 4437 Chri-

2831 4462 2971 4518 stus
3015 4453 3376 4535 acquisivit,
3423 4464 3754 4520 evertunt:
3800 4454 3914 4521 sed
3954 4477 4174 4520 veram
4222 4478 4476 4541 quoque
4520 4457 4781 4542 religio-

2829 4561 2983 4603 nem
3023 4538 3391 4618 obscurant,
3437 4561 3511 4606 ac
3557 4540 3687 4612 Dei
3729 4543 4139 4608 maiestatem
4184 4542 4464 4622 violant,
4523 4544 4637 4626 qui
4682 4565 4780 4609 so-

2829 4626 2931 4691 lus
2975 4625 3047 4688 in
3090 4625 3505 4691 conscientiis
3550 4630 3788 4693 nostris
3833 4648 4109 4712 regnare
4154 4627 4299 4694 vult
4340 4650 4458 4712 per
4502 4629 4778 4694 verbum

2830 4733 3040 4776 suum.
3107 4711 3354 4775 Fixum
3388 4733 3543 4797 ergo
3577 4714 3752 4778 istud
3787 4719 4065 4791 maneat,
4103 4711 4347 4779 Omnia
4368 4723 4599 4780 nostra
4621 4736 4780 4792 esse,

2830 4819 2949 4862 nos
2993 4804 3210 4861 autem
3256 4797 3504 4862 Christi
3563 4802 3622 4880 (l
3670 4800 3815 4866 Cor.
3860 4805 3915 4877 3,
3957 4801 4095 4882 23):
4154 4801 4401 4865 frustra
4446 4822 4605 4867 vero
4658 4800 4783 4866 coli

2830 4884 3084 5054 3ῗὲῑῦιῶ
3114 4883 3226 5033 ulb5i
3272 4883 3585 5054 {scantur
3629 4886 3990 4961 doctrinae,
4052 4885 4390 4951 hominum
4436 4894 4784 4971 praecepta

2969 5263 3028 5328 1)
3065 5228 3248 5317 Insiit.
3333 5303 3345 5315 .
3382 5261 3493 5316 ‘427
3532 5280 3637 5334 seq.
3845 5262 3905 5328 2)
3950 5262 4041 5317 sa·
4087 5264 4280 5331 κερέειν
4326 5280 4386 5317 m
4430 5264 4780 5330 omentum,

2832 5331 3119 5387 Institutio
3156 5332 3259 5385 erit
3315 5338 3364 5385 et
3402 5333 3645 5401 caedere,
3684 5334 3717 5386 i.
3757 5349 3797 5386 8.
3836 5332 4041 5387 cedere.
