5100 6061
2027 412 2766 484 PROLEGOMENA.
4160 424 4413 493 XXIX

2328 706 2487 772 VII.

1827 877 2153 944 EDI'I'IO
2196 878 2489 946 PAULI
2530 877 2985 949 LAOROIX.

723 1047 995 1115 OE'uvres
1038 1050 1390 1134 francoises
1430 1051 1509 1116 de
1548 1048 1613 1115 J.
1662 1047 1911 1130 Calvia,
1951 1049 2299 1117 recueillies
2340 1070 2512 1132 pour
2555 1052 2623 1117 la
2665 1052 2976 1134 premere
3026 1054 3182 1137 fois,
3229 1055 3564 1137 precede&
3614 1057 3692 1123 de
3742 1078 3819 1124 sa
3869 1058 3968 1123 vic
3998 1080 4132 1143 par
4179 1060 4294 1126 Th.
4337 1062 4416 1129 de

401 1159 578 1227 ,Βὲεε
630 1166 686 1226 et
739 1162 928 1227 εἴακε
977 1163 1171 1227 notice
1227 1160 1761 1246 biblioqraphique
1804 1183 1939 1245 par
1984 1161 2058 1227 P.
2102 1162 2179 1229 L.
2235 1161 2454 1242 Jacob,
2512 1163 2908 1247 Baliophile.
3002 1164 3198 1232 Paris
3212 1216 3227 1244 ,
3279 1166 3602 1233 Libraioie
3653 1169 3730 1234 de
3789 1167 4052 1237 OEarles
4104 1171 4412 1239 Gossezin.
4491 1170 4496 1173 ’

398 1277 604 1339 1842.
699 1271 860 1338 ΧΠ
901 1278 960 1340 et
1004 1277 1145 1340 352
1174 1295 1288 1356 pp.
1339 1277 1444 1338 12.

708 1384 944 1451 Editor
986 1384 1067 1450 V.
1119 1384 1257 1452 cel.
1300 1385 1549 1453 Paulus
1592 1386 1877 1453 Lacroix
1891 1438 1909 1463 ,
1953 1385 2383 1452 bibliothecae
2427 1407 2594 1470 quae
2638 1386 2876 1453 dicitur
2919 1392 3412 1455 armamentarii
3453 1392 3830 1474 parisiensis
3874 1396 4254 1477 praefectae,
4300 1417 4413 1463 cu-

400 1499 507 1565 ius
550 1499 727 1564 fama
768 1498 838 1563 in
882 1496 1160 1563 historia
1202 1496 1550 1563 literarum
1593 1497 1948 1565 excolenda
1989 1505 2128 1563 tam
2173 1497 2293 1564 sub
2339 1499 2462 1566 hoc
2507 1501 2651 1564 eius
2695 1520 2853 1564 vero
2899 1500 3193 1579 nomine,
3239 1522 3437 1586 quam
3480 1501 3893 1587 ψευδωνύμως
3947 1505 4051 1591 (le
4095 1507 4412 1574 Biblio-

402 1633 445 1695 p
461 1610 629 1676 hile
671 1610 719 1677 J
730 1609 954 1694 acob)
1006 1608 1341 1690 inclaruit,
1400 1609 1471 1674 in
1514 1610 1920 1694 praefatione
1961 1611 2115 1677 huic
2158 1610 2369 1676 nitido
2408 1610 2732 1676 volumini
2773 1613 3131 1694 praemissa
3175 1614 3320 1679 iure
3364 1614 3640 1679 miratur
3657 1667 3671 1692 ,
3723 1637 3922 1700 opera
3964 1617 4225 1683 calvini
4269 1619 4413 1703 gal-

394 1724 523 1790 lico
566 1722 877 1788 idiomate
922 1722 1291 1805 conscripta
1332 1742 1676 1805 nunquam
1732 1729 1927 1788 antea
1977 1723 2252 1789 iunctim
2296 1722 2470 1788 edita
2512 1724 2731 1799 fuisse,
2778 1745 2984 1806 quum
3026 1724 3230 1790 editio
3275 1726 3520 1804 Bezae,
3579 1733 3656 1791 ut
3708 1728 3835 1810 ipsi
3878 1749 4079 1812 supra
4121 1729 4411 1796 declara-

402 1837 650 1914 vimus,
708 1833 1079 1899 libellorum
1134 1833 1493 1899 latinorum
1536 1834 1872 1900 versiones
1939 1835 2020 1901 ab
2075 1833 2220 1899 aliis
2264 1834 2467 1900 factas
2512 1835 2910 1902 authenticis
2969 1838 3216 1903 autoris
3273 1837 3532 1921 scriptis
3573 1839 3925 1905 miscuerit.
4014 1838 4228 1907 Simul
4274 1862 4411 1907 non

413 1947 745 2025 immerito
781 1946 1107 2029 queritur,
1155 1967 1193 2010 a
1231 1944 1589 2011 maioribus
1632 1967 1903 2031 operum
1949 1944 2213 2012 Galvini
2256 1945 2748 2012 collectionibus
2794 1955 3013 2015 textus
3055 1948 3322 2032 gallicos
3363 1970 3636 2033 prorsus
3680 1950 4001 2031 exsulare,
4046 1952 4153 2017 vel
4193 1953 4412 2036 potius

394 2060 608 2126 latine
652 2064 914 2124 tantum
962 2078 1150 2124 versa
1206 2058 1278 2122 in
1336 2057 1571 2122 iisdem
1614 2056 1761 2143 legi.
1853 2055 2110 2138 Quibus
2153 2058 2517 2123 rationibus
2560 2068 2776 2124 motus
2828 2060 2968 2143 ipse
3010 2058 3092 2125 de
3135 2061 3519 2146 colligendis
3563 2061 3818 2147 gallicis
3863 2062 4192 2145 opusculis
4238 2065 4413 2149 cogi-

394 2171 568 2238 tavit
609 2170 967 2256 eademque
1012 2170 1069 2236 si
1122 2191 1255 2235 non
1299 2170 1548 2248 omnia,
1607 2169 1798 2254 plura
1840 2176 2062 2235 tamen
2106 2169 2528 2254 popularibus
2572 2170 2826 2251 obtulit,
2871 2194 3005 2238 non
3049 2180 3216 2252 tam,
3259 2172 3429 2256 quod
3473 2173 3584 2238 alii
3624 2172 4068 2252 intenderunt,
4112 2181 4189 2240 ut
4228 2175 4413 2242 theo-

404 2284 705 2369 logorum
750 2280 987 2348 studiis
1044 2282 1430 2360 inserviret,
1497 2301 1691 2364 quam
1736 2289 1812 2346 ut
1855 2282 2176 2347 sermonis
2221 2282 2439 2366 gallici
2492 2285 2878 2349 recentioris
2921 2285 3111 2351 initia
3150 2285 3511 2351 illustraret
3553 2284 3960 2370 gloriamque
4000 2285 4413 2353 calvinianae

406 2395 899 2462 commendaret
953 2393 1323 2472 facundiae,
1377 2393 1459 2459 ab
1511 2392 1637 2460 hac
1693 2400 1883 2478 parte
1942 2392 2187 2460 diutius
2240 2393 2640 2478 neglectam,
2699 2395 2969 2461 minime
3021 2419 3177 2463 vero
3231 2396 3712 2483 negligendam.
3803 2394 4046 2463 Statim
4101 2399 4278 2463 enim
4330 2399 4414 2465 ab

390 2507 592 2573 initio
634 2509 959 2573 maximas
1014 2506 1148 2573 stili
1192 2505 1549 2572 calviniani
1590 2504 1818 2571 laudes
1859 2506 2066 2584 canit,
2123 2526 2318 2588 quae,
2386 2516 2614 2589 utpote
2658 2530 2696 2573 a
2740 2508 2853 2572 tali
2897 2509 3112 2574 iudice
3153 2510 3504 2592 profectas,
3562 2508 3840 2575 lectores
3879 2529 4038 2574 sane
4079 2509 4414 2577 lubentius

407 2641 486 2687 ac
533 2621 827 2686 securius
878 2618 1207 2701 excipient
1262 2639 1460 2701 quam
1515 2638 1681 2700 quae
1736 2638 1856 2683 nos
1911 2617 2035 2700 ipsi
2081 2617 2187 2682 vel
2236 2618 2304 2681 in
2351 2617 2624 2683 eandem
2681 2619 2789 2713 vel
2844 2620 2914 2685 in
2958 2620 3287 2687 diversam
3333 2619 3727 2686 sententiam
3772 2617 4151 2687 diceremus.
4238 2620 4415 2690 Ecce

398 2731 544 2797 eius
589 2731 815 2797 verba:
865 2730 956 2795 Le
998 2727 1151 2813 style
1195 2729 1270 2794 de
1317 2727 1541 2794 Calvin
1576 2734 1665 2794 est
1704 2749 1795 2793 un
1840 2728 1947 2793 des
1974 2728 2130 2810 plus
2168 2728 2406 2813 yrands
2438 2730 2624 2812 styles
2658 2732 2747 2797 du
2783 2732 3069 2798 seizibme
3111 2733 3320 2798 siecle.-
3363 2733 3607 2817 simple,
3644 2738 3886 2812 correct,
3929 2732 4186 2818 ἑῖέραηί,
4230 2733 4413 2815 claim,

393 2842 764 2927 ὑτρὲπίεαω,
824 2842 1067 2921 anime,
1100 2828 1299 2905 ”varie
1349 2843 1426 2908 de
1481 2840 1713 2922 formes
1765 2845 1821 2904 et
1876 2841 1953 2906 de
2006 2844 2170 2920 ton-9,
2224 2841 2278 2907 iz
2331 2862 2374 2905 a
2426 2842 2762 2907 commem-6
2814 2842 2856 2906 ὰ
2908 2842 3072 2923 fioeer
3115 2844 3181 2908 kz
3233 2844 3458 2928 lanyue
3513 2843 3840 2925 franc-adse
3880 2863 4051 2925 pour
4093 2844 4160 2909 la
4206 2865 4411 2927 prose,

392 2974 628 3021 comme
670 2954 827 3021 celui
869 2955 945 3020 de
992 2952 1261 3019 Clement
1304 2951 1524 3017 Marot
1566 2952 1784 3017 l'avait
1820 2952 1947 3035 fait
1975 2972 2147 3036 pour
2188 2953 2279 3019 les
2321 2973 2474 3018 vers.
2568 2951 2650 3018 Ge
2693 2953 2843 3038 style
2884 2959 2973 3020 est
3013 2956 3223 3021 moins
3264 2960 3521 3037 suvant,
3565 2954 3766 3019 moins
3822 2954 4120 3021 travam&
4131 3005 4147 3036 ‚
4204 2957 4410 3023 moins

389 3067 684 3152 ouvraqe,
716 3087 891 3151 pour
932 3067 1106 3132 ainsi
1148 3067 1313 3145 dire,
1358 3087 1475 3147 que
1516 3065 1573 3131 le
1611 3065 1769 3150 style
1816 3065 1893 3129 de
1940 3061 2269 3147 Rabezais,·
2313 3067 2479 3131 mais
2519 3066 2572 3131 iz
2614 3071 2703 3131 est
2731 3066 2890 3151 plus
2919 3072 3200 3152 prompt,
3227 3069 3386 3154 plus
3427 3067 3644 3150 souple
3687 3071 3744 3132 et
3775 3069 3933 3151 plus
3975 3066 4178 3133 habile
4222 3068 4265 3132 ὰ
4305 3089 4412 3134 ea>-

334 3180 639 3264 'primer
678 3184 870 3244 tontes
911 3179 1000 3244 les
1041 3197 1315 3242 nuances
1356 3177 1541 3244 dela
1570 3177 1803 3260 penset·
1845 3182 1903 3241 et
1944 3177 2035 3242 du
2072 3179 2431 3259 sentiment;
2482 3177 2535 3242 il
2574 3183 2666 3243 est
2706 3179 2912 3244 moins
2951 3180 3105 3262 na'if,
3159 3176 3366 3244 moins
3417 3177 3701 3263 ayreabze
3741 3184 3796 3245 et
3836 3180 4046 3244 moins
4082 3178 4250 3245 riche
4289 3199 4412 3262 que

391 3291 575 3376 celuy
617 3290 942 3375 d’Amyot,
983 3291 1153 3355 mais
1196 3290 1247 3354 il
1290 3295 1378 3354 est
1414 3290 1568 3373 plus
1609 3291 1841 3372 mci-eis,
1888 3289 2045 3372 plus
2087 3291 2402 3371 impos-ant
2441 3295 2498 3355 et
2524 3289 2684 3372 plus
2729 3290 3196 3374 yrammatical;
3254 3290 3307 3356 iz
3363 3295 3453 3356 est
3504 3291 3708 3356 moins
3761 3291 4148 3372 capo-icioma
4202 3291 4410 3357 moins

388 3405 596 3472 colore
640 3409 698 3468 et
735 3403 942 3468 moins
983 3401 1298 3468 machont
1338 3424 1455 3485 que
1496 3402 1655 3469 celui
1692 3403 1768 3467 de
1812 3400 2197 3485 Montaiyne,
2240 3402 2409 3467 mais
2451 3403 2505 3468 il
2544 3407 2634 3468 est
2664 3402 2822 3485 plus
2859 3403 3079 3484 concie,
3111 3403 3269 3486 plu-s·
3305 3423 3498 3487 yroeve
3544 3409 3601 3469 et
3631 3402 3788 3488 plus
3826 3403 4135 3485 fram-aie,
4177 3404 4238 3469 si
4283 3403 4410 3470 l'on

376 3523 545 3601 peut
581 3515 906 3599 reprocher
947 3514 991 3579 ὰ
1032 3515 1303 3580 l'auteur
1344 3516 1454 3581 des
1495 3513 1731 3580 Essaie
1771 3513 2032 3580 &eoo-ire
2073 3513 2458 3596 quelquefois
2500 3514 2544 3578 ὰ
2589 3516 2655 3580 la
2690 3535 3018 3599 yasconne.

648 3709 655 3716 ,
704 3629 882 3695 Huic
926 3627 1046 3692 tali
1090 3627 1320 3712 elogio,
1366 3634 1692 3710 quatenus
1736 3626 1820 3692 ad
1865 3624 2218 3692 Calvinum
2259 3634 2562 3692 nostrum
2604 3626 2909 3710 pertinet,
2955 3648 3076 3692 nos
3119 3648 3374 3712 quoque
3419 3626 3824 3717 subscribere
3865 3627 4138 3693 minime
4173 3627 4411 3693 abnui-

384 3764 564 3810 mus.
653 3743 780 3807 Est
823 3749 1045 3807 tamen
1088 3739 1200 3804 hic
1242 3737 1491 3822 aliquid
1535 3738 1614 3803 de
1657 3759 1786 3822 quo
1830 3746 1896 3803 te
1938 3738 2191 3803 moneri
2245 3738 2537 3821 patiaris.
2629 3707 2717 3804 In.
2770 3738 3096 3805 laudando
3141 3737 3404 3805 Calvini
3457 3739 3608 3805 stilo
3665 3739 3897 3824 gallico
3950 3738 4205 3804 cautela
4247 3760 4407 3822 qua-

389 3854 551 3922 dam
594 3854 714 3920 tibi
760 3851 1078 3918 utendum
1129 3858 1257 3932 est,
1304 3859 1381 3916 et
1421 3872 1620 3934 opera
1662 3851 1951 3936 genuina
1993 3849 2074 3915 ab
2118 3850 2395 3915 aliorum
2439 3851 2855 3917 versionibus
2907 3872 2990 3916 ex
3042 3850 3250 3917 latino
3303 3852 3489 3916 factis
3548 3850 3775 3917 sedulo
3819 3857 3886 3914 et
3929 3857 4230 3916 accurate
4274 3848 4407 3914 dis-

390 3968 665 4050 tinguas
719 3972 977 4049 oportet
1030 3971 1382 4046 antequam
1442 3963 1712 4030 arbitria
1765 3969 1880 4028 tua
1936 3963 2182 4028 feceris.
2270 3962 2455 4029 Haec
2509 3982 2669 4029 vero
2710 3963 2838 4029 Vir
2893 3962 3305 4028 doctissimus
3359 3964 3631 4029 fortasse
3687 3983 3821 4027 non
3874 3963 4033 4028 satis
4098 3962 4405 4044 respexit,

380 4080 509 4163 qui
555 4079 636 4145 de
679 4076 961 4146 Calvino
1003 4077 1179 4142 inter
1219 4075 1570 4161 primarios
1614 4072 1810 4158 patrii
1855 4074 2177 4140 sermonis
2234 4080 2496 4140 autores
2550 4074 2893 4140 referendo
2947 4075 3139 4141 unice
3193 4074 3514 4142 sollicitus
3528 4127 3544 4154 ,
3600 4076 3789 4157 eique
3844 4072 4130 4138 debitum
4184 4072 4406 4138 locum

396 4194 476 4256 in
521 4190 941 4258 classicorum
987 4189 1157 4256 serie
1198 4186 1535 4255 vindicare
1580 4188 1889 4272 gestienS,
1934 4186 2087 4254 huic
2129 4186 2400 4252 minime
2443 4186 2878 4270 vituperando
2920 4185 3134 4253 studio
3169 4187 3470 4253 criticum
3503 4185 3810 4265 laborem,
3857 4204 3986 4268 quo
4022 4184 4183 4250 alias
4219 4205 4407 4269 egre-

382 4305 499 4389 gie
547 4303 812 4389 defungi
857 4301 1040 4381 solet,
1085 4300 1527 4386 postposuisse
1570 4299 1849 4366 videtur.
1942 4298 2139 4364 Certe
2180 4299 2250 4363 in
2295 4299 2589 4384 catalogo
2632 4321 2748 4365 suo
2792 4320 3062 4382 operum
3106 4298 3368 4367 Oalvini
3422 4295 3913 4382 gallicorum
3966 4296 4255 4380 plurima
4300 4316 4404 4362 re-

386 4423 619 4482 censet
660 4416 888 4494 latiua,
935 4433 1103 4497 quae
1147 4413 1228 4479 ab
1273 4413 1416 4496 ipso
1458 4419 1683 4477 autore
1727 4410 1960 4496 gallice
2014 4431 2272 4494 quoque
2326 4417 2597 4477 exarata
2645 4432 2816 4490 esse,
2877 4413 3176 4495 quamvis
3232 4433 3441 4495 neque
3497 4407 3830 4493 probabile
3884 4409 3999 4489 sit,
4059 4429 4271 4492 neque
4321 4407 4403 4472 ab

390 4526 537 4592 ullo
580 4533 747 4593 mete
791 4527 1175 4603 affirmetur,
1221 4526 1354 4589 imo
1398 4525 1598 4589 etiam
1644 4530 1866 4607 aperte
1907 4530 2204 4607 negetur,
2251 4544 2335 4588 ex
2377 4544 2563 4588 mera
2605 4524 2976 4589 coniectura
3018 4524 3265 4590 asserit.
3354 4522 3508 4589 Huc
3549 4522 3881 4605 pertinent
3922 4522 4207 4586 maxime
4250 4540 4404 4584 exe-

390 4640 642 4723 getica,
698 4646 872 4703 tum.
892 4636 1091 4703 etiam
1137 4643 1453 4703 tractatus
1498 4635 1800 4701 nonnulli
1855 4634 2183 4720 polemici:
2244 4642 2320 4700 ut
2374 4633 2454 4700 de
2509 4635 2929 4702 concionibus
2981 4644 3343 4714 taceamus,
3400 4655 3566 4717 quae
3620 4654 3776 4699 sane
3829 4634 4118 4719 primum
4168 4629 4403 4715 gallice

394 4750 615 4817 editae
659 4759 832 4830 sunt,
877 4771 1111 4816 verum
1153 4771 1236 4814 ex
1281 4770 1393 4814 ore
1436 4748 1761 4832 loquentis
1802 4754 1878 4812 ut
1920 4747 2286 4830 plurimum
2328 4754 2657 4832 exceptae,
2699 4767 2836 4812 non
2880 4745 3220 4813 scribentis
3262 4747 3446 4829 quasi
3489 4746 3704 4831 sigillo
3747 4723 4046 4812 notatae.-

700 4861 1055 4929 Caeterum
1101 4861 1419 4946 opuscula
1467 4859 1703 4946 gallica
1753 4860 1839 4926 ab
1883 4857 2132 4925 editore
2184 4860 2257 4924 in
2313 4859 2437 4926 hoc
2480 4860 2794 4925 volumen
2848 4858 3056 4925 relata
3113 4858 3276 4925 haec
3332 4866 3514 4939 sunt,
3573 4861 3867 4925 numeris
3919 4877 4116 4939 supra
4167 4853 4402 4920 iisdem

381 4974 737 5057 adscriptis
771 4973 881 5040 hic
917 4995 1171 5057 quoque
1207 4974 1651 5058 insignienda:
1719 4971 1947 5038 XVII.
1996 4972 2086 5038 de
2126 4971 2618 5056 Astrologia.
2681 4970 2878 5036 XHI.
2927 4968 3018 5036 de
3053 4970 3483 5054 Reliquiis.
3552 4971 3673 5037 IV.
3721 4968 3813 5035 de
3849 4969 4131 5035 Coena.
4199 4965 4396 5032 XXI.

385 5085 774 5168 Quatuor
817 5087 1269 5153 conciones.
1336 5085 1498 5151 XII.
1547 5085 1936 5151 adversus
1972 5083 2617 5150 Franciscanum.
2686 5082 2952 5148 XXIX.
2999 5081 3396 5149 adversus
3441 5080 3992 5149 Gathalanum.
4056 5079 4398 5145 XXXIX.

380 5197 448 5264 O
466 5219 560 5263 on
576 5199 691 5265 fes
708 5198 828 5264 sio
870 5199 1086 5264 fidei.
1176 5197 1551 5264 Penultimo
1603 5197 1741 5262 loco
1795 5196 2110 5262 inseritur
2149 5195 2482 5263 Praefatio
2537 5193 2801 5261 calvini
2858 5193 2942 5260 ad
2992 5194 3293 5261 Psalmos
3349 5217 3388 5260 a
3429 5193 3650 5261 olem.
3697 5192 3918 5258 Marot
3973 5190 4207 5276 gallice
4250 5212 4398 5259 ver·

372 5331 531 5389 sos,
588 5331 755 5394 quae
812 5311 893 5377 ab
948 5310 1421 5395 antiquioribus
1464 5309 1892 5375 Tractatuum
1931 5307 2420 5376 collectionibus
2474 5306 2715 5373 aberat.
2806 5306 3287 5374 Desiderantur
3338 5307 3542 5392 igitur
3594 5303 3799 5369 libelli
3856 5303 4073 5390 gallici
4129 5302 4228 5370 hi:
4273 5303 4396 5369 VI.
