5100 6061
695 435 818 497 179

696 619 820 685 sibi
874 616 1028 682 inde
1074 622 1416 697 tantopere
1472 614 1801 696 placeant:
1859 610 2181 695 siquidem
2237 607 2650 674 animadver-

695 713 835 771 tere
871 702 1222 777 debebant,
1264 701 1402 764 illic
1455 698 1940 781 metonymiccii's
1968 700 2018 780 ¹)
2075 697 2337 762 animae
2390 715 2648 773 nomen,

695 810 817 875 pro
851 791 993 855 vita
1027 788 1362 869 usurpari:
1401 783 1574 867 quod
1608 784 1826 848 anima
1860 802 2059 849 causa
2093 784 2180 847 sit
2213 783 2408 858 vitae,
2447 780 2652 863 quod-

698 897 826 961 que
847 876 988 942 vita
1010 880 1263 940 constet
1284 871 1531 937 anima:
1570 890 1765 952 quam
1801 872 2085 952 figuram
2117 869 2292 933 inter
2327 866 2654 933 elementa

695 962 885 1046 pueri
941 980 1198 1044 quoque
1253 956 1649 1040 perdiscunt.
1751 953 1917 1035 Quis
1972 975 2128 1020 vero
2184 976 2319 1019 non
2375 954 2653 1016 miretur

698 1055 955 1113 tantam
988 1045 1333 1110 hominum
1366 1040 1839 1118 confidentiam,
1866 1041 1979 1123 qui
2001 1047 2069 1105 et
2087 1039 2211 1105 sibi
2247 1038 2326 1103 de
2362 1060 2432 1104 se
2466 1059 2651 1120 mag-

701 1155 862 1198 num
906 1129 1154 1214 aliquid
1217 1126 1685 1211 persuadeant,
1743 1138 1939 1209 atque
1986 1126 2131 1191 aliis
2188 1126 2388 1189 etiam
2442 1122 2651 1189 videri

699 1219 939 1296 velint,
998 1216 1110 1299 qui
1165 1222 1388 1278 tamen
1445 1212 1717 1277 docendi
1773 1221 1930 1277 sunt
1973 1221 2191 1294 tropos
2235 1218 2303 1276 et
2344 1208 2651 1291 loquendi

699 1302 1070 1369 schemata?
1153 1299 1412 1366 Scimus
1448 1306 1516 1362 et
1564 1320 1681 1381 pro
1716 1298 2054 1364 voluntate
2090 1320 2206 1362 seu
2224 1299 2283 1381 ²)
2329 1294 2650 1361 desiderio

700 1389 923 1471 accipi,
970 1409 1104 1452 non
1150 1385 1429 1450 absimili
1474 1384 1751 1448 ratione:
1799 1405 2033 1466 nempe
2091 1384 2244 1466 quia
2286 1381 2648 1449 voluntatis

702 1482 766 1541 et
801 1473 1104 1539 desiderii
1149 1472 1336 1537 sedes
1394 1479 1508 1535 est.
1600 1468 1752 1550 Quo
1808 1491 2007 1534 sensu
2044 1468 2218 1535 dicta
2271 1477 2372 1534 est
2427 1468 2647 1531 anima

695 1560 1011 1626 Ionathae
1033 1558 1485 1641 conglutinata
1504 1554 2057 1637 animaesDavidis
2080 1556 2143 1639 (1
2189 1554 2366 1619 Sam.
2414 1557 2508 1632 18,
2554 1552 2647 1636 1);

700 1654 768 1713 61
809 1647 1028 1710 anima
1075 1642 1342 1710 Sichem
1388 1641 1759 1707 adhaesisse
1818 1662 1970 1707 cum
2012 1642 2226 1720 Dina,
2270 1640 2408 1704 filia
2449 1639 2647 1704 Iacob

703 1732 897 1817 (Gen.
950 1735 1049 1807 34,
1091 1730 1187 1812 3);
1229 1737 1296 1793 61
1334 1730 1555 1793 Lucas
1590 1726 1749 1793 dicit
1783 1726 1959 1812 (Act.
2000 1731 2059 1804 4,
2101 1727 2232 1806 32),
2279 1722 2648 1789 multitudi-

698 1818 801 1882 nis
845 1816 1253 1882 credentium
1302 1816 1502 1879 fuisse
1557 1835 1670 1879 cor
1722 1834 1931 1878 unum
1977 1819 2045 1876 et
2086 1812 2375 1877 animam
2429 1830 2647 1875 unam.

700 1902 868 1985 Quis
913 1923 1068 1967 vero
1113 1923 1243 1966 non
1287 1899 1509 1966 videat
1560 1900 1703 1964 istis
1749 1897 2135 1963 hebraismis
2177 1897 2458 1962 multam
2512 1896 2651 1961 vim

698 1990 957 2055 inesse?
1024 1986 1316 2052 Benedic
1360 1987 1579 2050 anima
1621 2007 1767 2050 mea
1808 1984 2094 2049 Domino
2138 1983 2340 2068 (Psal.
2392 1986 2533 2060 103,
2586 1987 2650 2059 13

706 2082 847 2154 104,
902 2076 984 2157 1).
1047 2074 1433 2157 Mag-nificat
1477 2072 1696 2136 anima
1739 2091 1888 2136 mea
1932 2069 2293 2136 Dominum
2339 2070 2532 2150 (Luc.
2596 2071 2649 2146 l,

700 2162 835 2243 46).
898 2160 1027 2224 Dic
1071 2160 1330 2223 animae
1373 2178 1577 2235 meae,
1625 2157 1799 2222 salus
1827 2164 1940 2221 tua
1977 2178 2097 2240 ego
2134 2179 2280 2222 sum
2317 2154 2520 2237 (Psal.
2549 2157 2650 2231 35,

703 2248 804 2328 3):
845 2247 1121 2329 plusque
1156 2245 1373 2309 nescio
1409 2243 1562 2326 quid
1600 2243 1901 2325 exprimi,
1936 2263 2135 2325 quam
2174 2243 2231 2307 si
2275 2240 2524 2305 dictum
2550 2260 2653 2304 es-

705 2339 820 2410 set,
868 2333 1009 2397 sine
1054 2331 1329 2396 adiecto:
1377 2328 1665 2395 Benedio
1686 2329 2081 2405 Dominum;
2124 2328 2480 2412 Magnifico
2515 2326 2653 2390 Do-

702 2420 994 2496 minum;
1032 2416 1161 2482 Dic
1203 2415 1398 2493 mihi,
1457 2416 1635 2480 salus
1692 2422 1806 2479 tua
1860 2434 1979 2497 ego
2025 2435 2190 2479 sum.
2280 2410 2653 2495 Aliquando

704 2504 1086 2588 simpliciter
1129 2522 1248 2584 pro
1294 2502 1558 2565 homine
1604 2501 1906 2565 animat0.
1997 2499 2120 2578 Ut,
2177 2521 2381 2582 quum
2427 2496 2653 2562 dicun-

704 2599 815 2654 tur
857 2590 1275 2672 septuaginta
1318 2608 1433 2653 sex
1453 2587 1511 2669 3)
1566 2587 1824 2651 animae
1881 2586 2060 2669 (Act.
2123 2590 2191 2663 7,
2239 2584 2345 2669 14)
2389 2583 2654 2649 descen-

706 2674 877 2740 disse
921 2697 1070 2740 cum
1113 2673 1309 2739 Iacob
1354 2673 1424 2737 in
1459 2674 1865 2757 Aegyptum.
1956 2672 2159 2736 Item:
2198 2672 2444 2736 Anima
2487 2689 2654 2752 quae

704 2763 1098 2844 peccaverit,
1155 2761 1299 2842 ipsa
1352 2758 1668 2823 morietur
1726 2757 2002 2842 (Iezech.
2066 2762 2171 2835 18,
2235 2757 2324 2840 4).
2411 2756 2657 2820 Anima

705 2868 873 2931 quae
917 2844 1347 2911 declinaverit
1388 2844 1472 2909 ad
1506 2865 1732 2927 magos
1768 2852 1834 2909 et
1867 2843 2121 2922 ariolos,
2165 2850 2377 2907 morte
2420 2843 2656 2906 morie-

704 2941 814 2998 tur
858 2933 1052 3017 (ch.
1101 2936 1212 3010 20,
1262 2936 1366 3013 6),
1405 2938 1524 2996 610.
1614 2930 2105 3012 Nonnunquam
2151 2936 2217 2993 et
2265 2930 2496 2992 flatum
2539 2948 2654 2992 vo-

704 3019 858 3097 cari,
902 3041 1029 3103 quo
1073 3018 1326 3102 spirant
1368 3038 1443 3083 ac
1486 3016 1811 3099 respirant
1853 3015 2179 3081 homines:
2222 3016 2291 3079 in
2312 3035 2442 3097 quo
2488 3014 2655 3080 vita-.-

703 3105 786 3172 lis
821 3104 1116 3189 corporis
1159 3111 1381 3168 motus
1426 3103 1689 3168 residet.
1752 3101 1903 3183 Quo
1938 3100 2129 3166 modo
2176 3102 2295 3166 hos
2338 3101 2511 3165 locos
2549 3121 2655 3164 ac-

705 3193 905 3274 cipio:
954 3191 1280 3256 Anxietas
1314 3188 1748 3271 apprehendit
1782 3209 1906 3265 me,
1954 3188 2214 3251 etiamsi
2257 3187 2394 3250 tot'a
2438 3186 2657 3250 anima

704 3299 854 3341 mea
905 3275 1117 3341 adhuc
1169 3277 1239 3339 in
1296 3297 1400 3339 me
1454 3282 1556 3339 est
1608 3277 1672 3355 (2
1726 3271 1906 3338 Sam.
1960 3278 2023 3349 l,
2073 3271 2160 3356 9).
2249 3273 2366 3336 Et:
2412 3273 2656 3336 Anima

706 3363 845 3427 eius
866 3363 939 3426 in
979 3363 1121 3444 ipso
1157 3368 1259 3426 est
1296 3362 1470 3443 (Act.
1512 3364 1610 3436 20,
1656 3359 1781 3442 10).
1840 3359 1957 3422 Et:
1999 3359 2400 3423 Revertatur
2436 3358 2657 3422 anima

706 3449 896 3530 pueri
939 3449 1120 3511 intra
1160 3446 1415 3512 viscera
1453 3447 1591 3510 eius
1633 3444 1697 3528 (1
1749 3445 1914 3526 Reg.
1974 3448 2075 3522 17,
2124 3443 2254 3528 21).
2345 3442 2529 3524 Quin
2591 3451 2658 3509 et

706 3532 936 3598 eadem
978 3531 1284 3614 loquendi
1325 3532 1559 3609 forma,
1605 3552 1733 3613 qua
1783 3529 1986 3613 vulgo
2042 3529 2316 3595 dicimus
2370 3530 2656 3594 animam

706 3618 918 3683 efflari
962 3625 1031 3682 et
1072 3616 1394 3699 exspirari
1413 3669 1428 3695 ‚
1475 3616 1803 3699 scriptura
1856 3616 2143 3681 animam
2211 3615 2432 3699 egredi
2477 3615 2652 3682 dicit.

703 3705 800 3771 Ut
821 3702 901 3769 de
922 3703 1176 3768 Rachel
1213 3703 1410 3787 (Gen.
1453 3708 1552 3782 35,
1585 3707 1721 3787 18):
1746 3701 2147 3786 Egrediente
2182 3710 2401 3767 autem
2439 3703 2657 3766 anima

704 3791 890 3876 (nam
948 3792 1090 3872 ipsa
1142 3789 1569 3872 moriebatur)
1623 3789 1886 3854 vocavit
1944 3809 2184 3853 nomen
2239 3789 2457 3869 pueri,
2522 3788 2654 3852 Bin

704 3876 833 3942 oni.
852 3875 910 3958 ⁴)
998 3873 1277 3955 Scimus,
1323 3875 1630 3958 spiritum
1662 3895 1803 3940 esse
1838 3876 2075 3938 flatum
2118 3894 2193 3939 ac
2236 3876 2544 3949 ventu‘m,
2592 3880 2658 3938 et

702 3963 828 4029 hac
866 3961 1119 4026 ratione
1154 3962 1372 4028 vocari
1408 3982 1448 4025 a
1487 3961 1760 4026 Graecis
1794 3961 2197 4042 frequentius
2233 3953 2432 4036 πνοήν.
2509 3956 2655 4024 Sci-

703 4070 882 4125 11106,
929 4069 1048 4131 pro
1101 4069 1174 4112 re
1228 4067 1403 4113 vana
1458 4058 1526 4112 et
1567 4046 1759 4110 nihili
1816 4047 2121 4128 usurpari
2182 4051 2300 4125 [fol.
2347 4049 2409 4124 3]
2484 4044 2660 4127 apud

703 4134 1012 4199 Iesaiam:
1052 4132 1485 4216 Concepimus
1521 4140 1587 4198 et
1619 4131 2120 4214 parturivimus,
2173 4139 2239 4194 61
2286 4131 2659 4213 peperimus

706 4219 1010 4303 spiritum
1048 4218 1200 4296 (Ies.
1239 4224 1342 4298 26,
1387 4217 1525 4300 18);
1567 4219 1945 4301 saepissime
1980 4238 2160 4296 vero,
2198 4215 2370 4298 quod
2406 4238 2490 4281 ex
2525 4218 2659 4299 spi-

706 4305 841 4371 ritu
895 4304 1027 4370 Dei
1077 4312 1540 4389 regeneratum
1604 4313 1705 4369 est
1773 4304 1841 4366 in
1898 4303 2103 4368 nobis.
2217 4303 2392 4367 Nam
2457 4323 2660 4384 quum

704 4390 961 4456 Paulus
1003 4391 1259 4470 scribit,
1305 4391 1612 4474 spiritum
1654 4390 2110 4472 concupiscere
2156 4389 2472 4453 adversus
2517 4409 2660 4453 car-

705 4498 863 4541 nem
918 4476 1098 4561 (Gal.
1148 4481 1220 4555 5,
1273 4478 1411 4560 17):
1458 4497 1593 4541 non
1628 4475 1959 4559 intelligit,
2018 4475 2309 4542 animam
2363 4495 2660 4558 pugnare

848 4732 907 4797 1)
949 4732 1043 4787 Sic
1079 4730 1215 4784 1542
1247 4737 1299 4785 et
1334 4730 1485 4784 1545.
1561 4731 1846 4786 Gaetu-ae:
1882 4739 2062 4786 meton
2152 4732 2249 4785 ice.
2422 4728 2484 4794 2)
2522 4727 2659 4783 1542

708 4809 760 4856 ct
796 4800 933 4855 1545
967 4802 1166 4856 habent
1200 4815 1323 4865 ceu,
1384 4800 1607 4854 Gall-us,-
1655 4811 1726 4855 et.
1930 4799 1993 4866 3)
2076 4802 2127 4855 ic
2172 4798 2513 4853 scribendum
2560 4804 2658 4852 tes·

709 4871 855 4926 tibus
889 4871 1045 4925 libris
1091 4869 1493 4939 antiquioribus
1529 4867 1679 4924 1542.
1717 4868 1870 4924 1545.
1904 4867 2041 4922 1552
2077 4875 2129 4923 et
2160 4869 2408 4923 versione
2435 4866 2657 4936 yallica.

713 4940 786 4992 120
833 4955 1057 4993 numero
1102 4945 1347 4992 autorem
1393 4940 1649 4991 mernor-ia
1689 4939 1884 5004 fefellit
1926 4941 2025 5007 qm·
2056 4938 2178 4992 Aet.
2214 4936 2261 5004 ⁷,
2298 4935 2367 4989 14
2410 4942 2463 4991 et
2504 4936 2660 5004 apud

712 5006 889 5061 LXX
913 5008 1044 5062 Gen.
1081 5005 1167 5076 46,
1201 5005 1269 5060 27
1283 5026 1297 5077 ;
1337 5006 1522 5061 Eoeod.
1543 5006 1592 5075 1,
1627 5006 1662 5059 5
1695 5012 2041 5076 septuayinta
2075 5007 2314 5076 quinque
2344 5007 2658 5059 cannarum

712 5076 929 5130 dicitur.
1000 5076 1291 5145 Sexaginta
1327 5092 1423 5131 sex
1457 5077 1655 5130 habent
1689 5078 2010 5131 recentiores
2041 5076 2171 5129 inde
2204 5092 2240 5128 a
2275 5073 2427 5129 1563.
2490 5073 2656 5142 Quem

711 5159 997 5202 numerum
1042 5151 1312 5200 corrector
1345 5160 1412 5198 ex
1462 5144 1597 5198 Gen.
1632 5142 1716 5209 46,
1753 5143 1821 5196 26
1865 5145 2189 5212 desumpsit,
2232 5147 2353 5211 ipso
2398 5144 2498 5198 hoc
2540 5144 2656 5197 loco

711 5213 774 5266 δη
808 5229 929 5266 mar
965 5215 1053 5266 ine
1086 5215 1328 5270 laudam.
1396 5214 1579 5267 Antea
1613 5228 1794 5267 munes
1828 5214 2017 5267 adseri
2053 5220 2237 5266 serant
2273 5212 2404 5268 Gen.
2442 5211 2527 5280 49,
2557 5227 2655 5279 po-

712 5288 830 5335 stea
866 5280 932 5333 15
967 5281 1000 5334 6
1027 5283 1308 5338 88.E'oeoc1.
1343 5282 1392 5350 1,
1428 5281 1477 5335 5.
1614 5280 1675 5348 4)
1716 5282 1813 5335 Bin
1849 5283 1938 5336 oni
1973 5281 2001 5333 1
2115 5323 2127 5335 .
2164 5279 2318 5336 1545.
2375 5280 2659 5336 caeterae.-

710 5350 957 5406 Ben-oni.
1029 5349 1123 5406 Sic
1154 5367 1363 5422 quoquc
1396 5350 1462 5407 G.

2214 420 2782 489 PSYOHOPAN
2784 421 2849 484 N
2851 419 3168 487 YCHIA.

4578 418 4702 480 180

2753 629 2899 673 cum
2946 627 3162 686 carne,
3211 616 3329 672 aut
3352 608 3674 672 rationem
3697 603 3852 671 'cum
3880 604 4210 687 cupidine:
4249 605 4363 670 sed
4410 605 4701 670 animam

2753 694 2983 776 ipsam,
3022 700 3345 776 quatenus
3379 712 3419 757 a
3453 693 3687 775 spiritu
3722 692 3851 756 Dei
3876 690 4147 774 regitur,
4186 711 4409 757 secum
4441 690 4697 770 luctari,

2752 787 3075 862 quatenus
3117 777 3329 844 adhuc
3372 779 3608 861 spiritu
3661 778 3791 843 Dei
3845 796 4052 841 vacua
4096 786 4221 855 est,
4267 778 4532 859 suisque
4586 796 4701 841 cu-

2754 864 3138 947 piditatibus
3181 862 3456 929 addicta.
3536 861 3825 941 Scimus,
3873 862 4032 926 dum
4074 863 4271 927 simul
4315 864 4700 946 iunguntur,

2753 972 2871 1033 per
2892 952 3197 1030 animam,
3231 951 3638 1016 voluntatem
3667 949 4029 1031 designari:
4055 969 4173 1031 per
4193 950 4498 1032 spiritum
4522 969 4700 1028 vero,

2753 1036 3174 1103 intellectum.
3265 1034 3379 1101 Sic
3421 1035 3712 1119 loquitur
3746 1034 4010 1112 Iesaias,
4056 1034 4304 1099 Anima
4343 1055 4492 1099 mea
4533 1033 4704 1100 desi-

2758 1121 3013 1187 deravit
3057 1122 3141 1187 ad
3184 1130 3249 1188 16
3292 1123 3362 1186 111
3406 1129 3624 1186 nocte:
3665 1119 3781 1185 sed
3825 1128 3892 1185 et
3932 1122 4004 1183 in
4047 1122 4285 1203 spiritu
4325 1142 4471 1185 meo
4514 1122 4693 1185 intra

2755 1230 2860 1273 me
2902 1207 3189 1291 vigilabo
3245 1207 3327 1272 ad
3371 1216 3436 1272 te
3491 1207 3644 1290 (Ies.
3704 1211 3817 1285 26,
3866 1205 3953 1288 9).
4042 1208 4135 1271 Et
4176 1207 4456 1285 Paulae,
4497 1227 4701 1289 quum

2749 1300 3055 1377 precatur
3096 1301 3174 1357 ut
3211 1293 3826 1358 Thessalonicenses
3869 1293 4125 1376 integro
4165 1293 4300 1357 sint
4334 1293 4586 1375 spiritu,
4631 1299 4701 1357 et

2755 1381 2973 1445 anima
3019 1387 3085 1443 et
3127 1399 3414 1461 corpore,
3454 1379 3550 1443 ita
3592 1385 3666 1443 ut
3699 1379 3771 1442 in
3815 1377 3999 1442 nullo
4042 1378 4296 1461 possint
4337 1378 4586 1461 culpari
4626 1379 4699 1444 in

2755 1464 3041 1530 adventu
3076 1465 3347 1529 Domini
3380 1465 3587 1529 nostri
3607 1465 3761 1529 Iesu
3797 1464 4048 1529 Christi
4091 1464 4155 1548 (1
4199 1463 4426 1529 Thess.
4466 1470 4522 1542 5,
4562 1466 4701 1545 23):

2754 1550 2877 1616 hoc
2911 1552 3087 1615 enim
3122 1551 3281 1629 vult,
3322 1558 3397 1614 ut
3432 1557 3611 1614 recta
3631 1551 3852 1615 omnia
3886 1552 4173 1634 cogitent
4207 1558 4275 1615 et
4308 1550 4537 1629 velint,
4574 1570 4698 1615 nec

2755 1635 3048 1701 membra
3112 1655 3232 1701 sua
3298 1635 3652 1702 exhibeant
3727 1657 3912 1701 arma
3990 1636 4354 1719 iniquitatis
4421 1644 4700 1719 peccato.

2754 1722 3006 1788 Eodem
3048 1723 3349 1804 pertinet,
3397 1722 3570 1805 quod
3613 1721 3841 1786 scribit
3881 1722 4034 1786 alibi
4074 1722 4405 1805 apostolus
4457 1722 4618 1805 ipse:
4654 1725 4707 1807 ¹)

2757 1829 3123 1873 sermonem
3167 1806 3297 1873 Dei
3339 1809 3567 1875 vivum
3613 1829 3772 1886 esse,
3818 1819 3885 1872 et
3925 1809 4482 1891 penetrantiorem
4525 1811 4705 1874 omni

2757 1893 2973 1978 gladio
3027 1893 3314 1976 ancipiti,
3369 1895 3849 1978 per-tingentem
3919 1915 4121 1977 usque
4178 1893 4262 1959 ad
4317 1894 4707 1960 divisionem

2757 1982 3014 2046 animae
3050 1986 3116 2045 61
3151 1981 3421 2063 spiritus
3456 2000 3973 2064 compagumque
3995 1989 4061 2045 et
4094 1979 4548 2059 medullarum,
4571 1981 4705 2046 dis-

2757 2073 3078 2132 cretorem
3120 2067 3588 2149 cogitationum
3628 2066 3842 2131 cordis
3887 2066 4120 2150 (Hebr.
4160 2074 4220 2145 4,
4274 2067 4400 2145 12).
4478 2064 4709 2146 Quan-

2758 2173 2953 2236 quam
2998 2153 3066 2216 in
3109 2152 3232 2217 hoc
3274 2160 3605 2235 postremo
3663 2152 3806 2218 loco
3861 2151 4159 2217 nonnulli
4226 2174 4343 2234 per
4395 2154 4706 2235 spiritum

2759 2239 3017 2303 malunt
3081 2237 3450 2321 intelligere
3507 2240 3860 2303 essentiam
3912 2238 4095 2303 illam
4149 2241 4254 2302 cui
4308 2239 4484 2304 inest
4535 2240 4705 2305 ratio

2760 2345 2835 2391 ac
2878 2324 3201 2403 voluntas,
3240 2322 3320 2388 (16
3365 2346 3495 2407 qua
3536 2346 3713 2389 nunc
3762 2323 4228 2407 disceptamus:
4266 2346 4384 2407 per
4418 2326 4711 2389 animam

2759 2418 3016 2488 autem,
3061 2409 3333 2475 vitalem
3376 2418 3658 2490 1110111111,
3716 2418 3784 2475 61
3838 2432 4069 2475 6611606
4121 2432 4282 2492 quos
4332 2410 4704 2516 philosophi

2760 2496 3129 2580 superiores
3166 2503 3234 2560 et
3271 2497 3616 2561 inferiores
3639 2503 3892 2572 vocant,
3940 2495 4007 2571 id
4039 2503 4156 2574 est,
4193 2494 4384 2580 ὁρμας
4427 2501 4529 2559 καὶ
4570 2498 4707 2560 αἰσ-

2759 2584 2992 2661 θήσεις.
3049 2581 3306 2647 Verum
3338 2603 3540 2665 quum
3575 2590 3926 2665 utrumque
3959 2582 4262 2665 plurimis
4296 2582 4455 2647 locis
4490 2603 4710 2648 essen-

2759 2670 2920 2733 tiam
2964 2668 3431 2747 immortalem,
3470 2690 3638 2752 quae
3681 2669 3750 2733 in
3795 2669 4060 2733 homine
4117 2670 4291 2734 vitae
4343 2689 4540 2735 causa
4582 2676 4703 2748 est,

2759 2754 3102 2837 significet,
3145 2775 3278 2818 non
3319 2754 3581 2819 rixandi
3615 2774 3844 2820 causas
3880 2760 4144 2838 captent
4187 2776 4271 2818 ex
4313 2754 4707 2833 nominibus,

2761 2840 2876 2905 sed
2927 2861 3068 2905 rem
3122 2840 3335 2922 ipsam
3404 2840 3797 2922 percipiant,
3856 2859 4241 2922 quocunque
4299 2840 4708 2924 significetur

2761 2927 3039 2991 nomine.
3131 2925 3211 2989 Id
3255 2946 3411 2992 vero
3457 2948 3656 3008 quam
3697 2947 3930 2991 verum
3973 2928 4075 3003 sit,
4123 2948 4302 2991 nunc
4338 2927 4706 2993 doceamus.

2801 3139 2807 3148 ·
2929 3098 3330 3181 Incipiemus
3366 3105 3586 3163 autem
3630 3097 3710 3162 ab
3753 3099 3893 3181 ipsa
3921 3099 4203 3165 hominis
4249 3100 4589 3176 creatione,
4633 3101 4709 3166 in

2759 3206 2888 3267 qua
2907 3185 3393 3267 perspiciemus,
3418 3183 3629 3267 qualis
3653 3185 3733 3249 ab
3771 3185 3959 3250 initio
3982 3185 4195 3251 factus
4227 3186 4438 3251 fuerit.
4495 3184 4705 3251 Sacra

2758 3270 3036 3335 historia
3079 3271 3286 3349 nobis,
3334 3277 3486 3334 ante
3528 3279 3823 3335 creatum
3867 3271 4218 3350 hominem,
4245 3281 4712 3348 commemorat

2759 3357 2889 3421 Dei
2931 3355 3275 3421 consilium
3321 3356 3401 3420 de
3444 3356 3738 3421 faciendo
3780 3357 3922 3439 ipso
3967 3357 4050 3421 ad
4105 3358 4461 3441 imaginem
4506 3365 4572 3422 et
4612 3359 4704 3422 si-

2760 3442 3198 3506 militudinem
3256 3461 3442 3507 suam
3500 3443 3695 3526 (Gen.
3764 3448 3827 3520 1,
3886 3447 4016 3526 26).
4119 3441 4305 3523 Quae
4363 3443 4564 3508 verba
4619 3443 4703 3508 de

2761 3547 3026 3610 corpore
3071 3527 3253 3592 nullo
3297 3527 3488 3593 modo
3534 3529 3739 3611 accipi
3776 3538 4064 3611 possunt.
4122 3529 4204 3594 In
4250 3551 4395 3613 quc,
4441 3531 4702 3594 tametsi

2758 3613 3057 3678 mirabile
3100 3635 3262 3696 opus
3302 3613 3449 3692 Dei,
3494 3636 3650 3697 prae
3693 3615 3969 3680 caeteris
4019 3615 4394 3697 corporibus
4449 3616 4706 3692 creatis,

2761 3707 3059 3782 apparet,
3116 3700 3301 3765 nulla
3357 3707 3579 3765 tamen
3635 3702 3775 3767 eius
3828 3702 4044 3785 imago
4086 3701 4371 3785 effulget.
4391 3701 4449 3786 2)
4538 3699 4707 3781 Quis

2758 3786 2933 3849 enim
2976 3785 3138 3851 haec
3195 3786 3509 3868 loquitur:
3600 3787 3952 3852 Faciamus
4009 3787 4345 3852 hominem
4398 3786 4482 3850 ad
4538 3787 4706 3850 ima-

2761 3871 2981 3954 ginem
3024 3879 3092 3935 et
3127 3872 3624 3937 similitudinem
3668 3872 4004 3936 nostram?
4049 3895 4302 3956 nempe,
4347 3874 4550 3949 Deus,
4595 3873 4710 3955 qui

2762 3958 3029 4040 spiritus
3085 3965 3212 4034 est,
3259 3959 3370 4041 qui
3413 3958 3596 4023 nulla
3639 3960 3925 4041 corporis
3965 3960 4184 4043 effigie
4227 3958 4708 4041 repraesentari

2762 4049 2991 4126 potest.
3083 4045 3305 4126 Atqui,
3351 4051 3429 4108 ut
3468 4044 3687 4128 imago
3731 4065 4066 4127 corporea,
4112 4065 4275 4129 quae
4317 4046 4550 4110 faciem
4590 4065 4706 4110 ex-

2762 4139 3021 4194 ternam
3065 4128 3249 4195 nobis
3293 4130 3512 4209 refert,
3551 4129 3741 4194 debet
3775 4129 3860 4195 ad
3893 4132 4122 4197 vivum
4164 4132 4530 4214 exprimere
4565 4150 4708 4194 om-

2761 4215 2873 4278 nia
2917 4214 3319 4280 lineamenta
3373 4223 3438 4280 et
3479 4237 3704 4281 omnes
3759 4215 3995 4281 (100106
4011 4269 4027 4296 ,
4066 4225 4142 4281 01
4175 4239 4261 4282 ex
4301 4218 4556 4300 pictura
4596 4215 4706 4281 vel

2764 4300 3098 4382 sculptura
3118 4302 3575 4383 concipiamus,
3612 4323 4034 4386 quaecunque
4068 4304 4138 4367 in
4169 4304 4530 4386 exemplari
4552 4322 4705 4366 con-

2764 4385 2925 4468 spici
2968 4396 3267 4469 possunt:
3315 4388 3410 4451 ita
3430 4387 3590 4453 haec
3623 4389 3843 4472 imago
3865 4390 3992 4454 Dei
4019 4389 4226 4466 debet,
4249 4411 4369 4454 sua
4397 4388 4705 4453 similitu-

2764 4470 2934 4549 dine,
2980 4472 3269 4554 aliquam
3310 4474 3440 4538 Dei
3473 4474 3908 4557 cognitionem
3942 4475 4013 4538 in
4050 4476 4286 4540 animis
4319 4475 4562 4539 nostris
4603 4474 4705 4537 in-

2763 4557 3062 4622 formare.
3152 4557 3371 4623 Audio
3417 4559 3733 4642 quosdam
3776 4581 4004 4625 eorum
4047 4561 4140 4626 sic
4183 4560 4440 4644 nugari,
4484 4566 4561 4624 ut
4602 4558 4700 4624 di-

2763 4651 2918 4706 cant
2959 4644 3313 4726 imaginem
3357 4644 3484 4710 Dei
3526 4645 3753 4710 referri
3806 4645 3888 4709 ad
3941 4647 4288 4729 imperium
4337 4644 4512 4729 quod
4565 4654 4704 4710 tra-

2763 4727 2975 4792 ditum
3015 4733 3133 4807 [fol.
3172 4735 3238 4809 4]
3299 4738 3398 4796 est
3441 4730 3691 4795 homini
3750 4732 3819 4796 in
3862 4731 4112 4797 beluas:
4160 4732 4331 4815 quod
4384 4731 4580 4796 homo
4623 4751 4703 4794 ea

2758 4814 2830 4878 in
2864 4823 3059 4903 ,parte
3104 4815 3317 4881 simile
3357 4816 3600 4899 aliquid
3643 4838 3793 4882 cum
3840 4817 3984 4883 Deo
4027 4818 4291 4883 habeat:
4349 4818 4535 4882 cuius
4576 4817 4705 4880 im-

2760 4901 3016 4982 perium
3071 4908 3171 4966 est
3211 4903 3278 4966 in
3324 4903 3559 4968 omnia.
3644 4903 3726 4966 In
3761 4924 3953 4988 quem
4009 4903 4268 4996 lapsum
4311 4902 4708 4987 chrysosto-

2898 5208 2957 5274 1)
2997 5207 3091 5264 Sic
3125 5208 3262 5263 1542
3298 5217 3347 5265 et
3385 5209 3536 5266 1545.
3589 5213 3715 5282 Ipse
3752 5214 4006 5268 omittunt
4039 5217 4283 5267 caeterae
4314 5225 4510 5266 omnes.
4572 5209 4706 5264 Gal-

2757 5278 2846 5331 lus
2879 5279 3065 5333 habet.-
3103 5278 3377 5349 l’Apostre
3414 5297 3519 5335 aux
3554 5280 3843 5336 Hebrieux.
3997 5280 4057 5348 2)
4097 5282 4410 5336 Ambrosius
4444 5279 4582 5334 libro
4611 5278 4703 5333 VI.

2758 5348 3004 5401 hexaem.
3045 5348 3374 5419 Augustinus
3411 5367 3455 5404 c.
3491 5348 3540 5404 4.
3575 5351 3641 5405 de
3678 5351 3916 5404 trinitate
3953 5359 4009 5404 et
4044 5351 4185 5406 alibi.
4443 5367 4466 5394 f
