5100 6061
759 348 881 463 3'35

756 610 831 654 eo
875 587 1079 651 vitam
1125 592 1456 649 aeternam
1500 584 1927 650 obtineamus.
2000 581 2571 663 Quemadmodum
2615 582 2707 646 ait

755 675 925 739 hanc
969 692 1112 737 esse
1154 671 1362 736 vitam
1416 677 1779 757 aeternam,
1821 668 2031 734 Nosse
2078 691 2286 733 unum
2325 670 2544 734 Deum
2589 687 2704 751 pa-

754 769 953 836 trem,
1014 765 1080 822 et
1132 777 1327 841 quem
1382 756 1491 820 ille
1542 756 1723 820 misit
1775 755 2000 820 Iesum
2046 753 2387 820 Christum
2442 755 2700 837 (Ioann.

760 850 858 924 17,
898 849 987 928 3).
1076 843 1276 909 Item:
1334 840 1466 924 Qui
1521 841 1731 908 credit
1782 841 1854 905 in
1895 861 2032 918 me,
2087 861 2224 905 non
2266 841 2589 906 morietur
2633 839 2703 902 in

755 939 1100 997 aeternum
1114 952 1130 1007 3
1174 927 1346 1011 quod
1380 928 1435 993 si
1478 935 1773 992 mortuus
1807 927 2026 1006 fuerit,
2073 927 2258 992 vivet
2301 926 2559 1008 (Ioann.
2607 929 2701 1002 11,

756 1019 889 1099 26).
969 1013 1103 1097 Qui
1155 1033 1309 1080 vero
1365 1012 1538 1078 istud
1592 1014 1733 1090 fiat,
1794 1034 1910 1077 nos
1954 1011 2067 1095 qui
2110 1021 2522 1096 peccatorum
2568 1033 2705 1076 sor-

757 1103 946 1169 dibus
997 1099 1427 1166 contaminati
1483 1120 1736 1176 sumus,
1797 1099 1862 1162 in
1915 1099 2059 1181 ipso
2115 1097 2458 1163 cmundari
2514 1117 2705 1179 opor-

756 1196 881 1256 tet:
941 1188 1094 1271 quia
1145 1187 1216 1249 in
1272 1206 1550 1269 regnum
1607 1183 1738 1248 Dei
1794 1184 1959 1248 nihil
2016 1183 2431 1266 inquinatum
2481 1184 2705 1267 'ingre‘-

756 1275 986 1341 dietur.
1055 1273 1191 1338 Nos
1235 1292 1389 1356 ergo
1435 1272 1526 1336 sic
1561 1271 1718 1335 facit
1751 1271 1853 1335 sui
1887 1271 2254 1352 participes,
2301 1277 2374 1333 ut
2408 1270 2521 1352 qui
2557 1287 2706 1353 pec-

757 1369 1010 1427 catores
1054 1359 1125 1422 in
1168 1358 1356 1422 nobis
1401 1378 1643 1436 sumus,
1691 1356 1867 1420 illius
1911 1356 2160 1420 iustitia
2202 1377 2420 1421 coram
2467 1354 2704 1420 throno

755 1446 884 1512 Dei
929 1445 1083 1512 iusti
1130 1453 1512 1526 reputemur
1583 1452 1777 1525 atque
1821 1442 1916 1505 ita
1958 1440 2225 1532 propria
2262 1441 2513 1506 iustitia
2559 1461 2704 1524 spo-

753 1533 925 1611 liati,
973 1530 1223 1596 Christi
1269 1530 1516 1593 iustitia
1560 1527 1928 1592 induimur:
1992 1535 2058 1591 et
2112 1526 2414 1610 operibus
2458 1528 2703 1605 iniusti,

756 1617 1008 1684 Christi
1052 1614 1179 1680 fide
1214 1615 1659 1679 iustificamur.
1727 1612 1895 1677 Fide
1941 1614 2116 1677 enim
2157 1613 2502 1678 iustificari
2546 1612 2704 1678 dici-

754 1725 924 1782 mur,
972 1707 1116 1782 [pag.
1159 1704 1265 1780 20]
1313 1722 1444 1765 non
1481 1700 1634 1783 quia
1669 1699 1887 1780 aliqua
1921 1699 2172 1763 iustitia
2208 1718 2325 1762 nos
2366 1700 2546 1763 intus
2581 1700 2704 1763 im-

755 1791 1060 1856 buamur:
1132 1785 1245 1851 sed
1313 1788 1465 1868 quia
1521 1784 1774 1850 Christi
1839 1785 2114 1862 iustitia,
2188 1784 2458 1867 perinde
2518 1806 2591 1850 ac
2648 1786 2704 1849 si

755 1887 980 1941 nostra
1025 1879 1223 1947 esset,
1270 1870 1455 1936 nobis
1494 1879 1760 1954 accepta
1791 1870 2017 1948 fertur,
2057 1872 2321 1953 propria
2363 1871 2705 1954 iniquitate

754 1978 1168 2044 nequaquam
1216 1956 1398 2021 nobis
1441 1958 1788 2039 imputata:
1846 1967 1921 2020 ut
1979 1956 2151 2022 hanc
2205 1957 2520 2021 iustitiam
2576 1978 2706 2022 uno

758 2047 958 2113 verbo
993 2065 1150 2110 vere
1189 2042 1516 2126 appellare
1560 2052 1974 2126 peccatorum
2009 2043 2462 2107 remissionem
2495 2043 2703 2108 liceat.

757 2131 954 2215 Quod
1007 2129 1348 2215 perspicue
1420 2127 1709 2194 declarat
1777 2128 2136 2211 apostolus,
2216 2126 2374 2193 dum
2438 2149 2709 2211 operum

756 2218 1075 2283 iustitiam
1139 2237 1285 2280 cum
1341 2213 1492 2278 fidei
1538 2215 1786 2278 iustitia
1829 2214 2089 2296 saepius
2135 2215 2411 2293 confert,
2470 2214 2707 2279 altera-

755 2326 881 2387 que
937 2302 1211 2367 alteram
1266 2300 1472 2364 everti
1536 2300 1722 2365 docet
1774 2300 1994 2383 (Rom.
2042 2304 2136 2379 10,
2178 2306 2244 2380 33
2299 2300 2473 2366 Phil.
2521 2305 2579 2379 3,
2620 2303 2707 2385 9).

757 2388 911 2470 Qua
966 2396 1185 2451 autem
1240 2386 1494 2450 ratione
1549 2385 1722 2450 hanc
1778 2386 2097 2451 iustitiam
2142 2387 2416 2450 meritus
2460 2386 2547 2452 sit
2593 2408 2709 2451 no-

755 2476 857 2540 bis
881 2473 1205 2551 Christus,
1243 2480 1309 2537 et
1341 2472 1581 2556 quibus
1617 2471 1915 2555 partibus
1952 2472 2387 2551 contineatur,
2425 2474 2496 2536 in
2529 2494 2709 2558 sym-

756 2561 904 2627 bolo
950 2558 1315 2625 videbimus
1330 2610 1345 2637 ,
1403 2557 1517 2622 ubi
1562 2558 1784 2623 omnia
1836 2556 2222 2640 singulatim
2266 2565 2707 2637 recensentur,

757 2646 992 2730 quibus
1037 2643 1199 2710 fides
1244 2651 1469 2709 nostra
1511 2642 1788 2709 fundata
1831 2652 1932 2708 est
1977 2662 2053 2706 ac
2097 2643 2354 2709 nititur.

822 2852 1009 2917 PER
1050 2849 1353 2914 FIDEM
1400 2849 2166 2916 SANCTIFICAMUR
2209 2850 2309 2915 IN
2355 2849 2639 2915 LEGIS

1397 2950 2069 3018 OBEDIEN'PIAM.

931 3073 1499 3156 Quemadmodum
1543 3094 1662 3138 sua
1711 3074 1966 3140 iustitia
2008 3072 2317 3139 Christus
2370 3072 2540 3156 apud
2599 3094 2712 3157 pa-

758 3171 926 3227 trem
970 3182 1088 3245 pro
1125 3161 1311 3225 nobis
1356 3159 1722 3237 intercedit,
1767 3167 1842 3223 ut
1886 3180 1962 3225 eo
1998 3160 2203 3225 veluti
2247 3181 2558 3243 sponsore
2591 3181 2711 3244 pro

757 3248 947 3323 iustis
998 3267 1410 3312 censeamur:
1471 3247 1564 3309 ita
1612 3245 1884 3327 spiritus
1928 3246 2032 3310 sui
2087 3246 2583 3329 participatione
2629 3245 2712 3310 ad

757 3355 1015 3400 omnem
1082 3333 1441 3414 puritatem
1495 3339 1562 3395 et
1627 3330 2068 3396 innocentiam
2120 3332 2498 3397 sanctificat.
2604 3330 2710 3397 Si-

757 3418 1023 3502 quidem
1076 3417 1397 3500 requievit
1449 3435 1648 3500 super
1703 3436 1853 3481 eum
1908 3417 2174 3498 spiritus
2217 3418 2489 3482 Domini
2546 3419 2711 3483 citra

762 3524 1166 3569 mensuram:
1226 3502 1525 3586 spiritus,
1571 3501 1860 3583 inquam,
1907 3503 2265 3585 sapientiae
2309 3511 2376 3567 et
2413 3503 2707 3569 intellec·

759 3597 898 3667 tus,
945 3588 1228 3665 consilii,
1275 3585 1707 3666 fortitudinis,
1754 3588 2087 3666 scientiae,
2134 3589 2388 3654 timoris
2432 3590 2709 3654 Domini

761 3675 917 3759 (Ies.
959 3681 1058 3751 61,
1103 3680 1167 3754 13
1210 3674 1372 3739 item
1415 3679 1510 3751 ll,
1553 3677 1650 3757 2):
1700 3683 1773 3737 ut
1807 3674 1886 3739 de
1923 3675 2063 3740 eius
2104 3674 2508 3757 plenitudine
2544 3676 2705 3741 hau-

757 3763 1008 3826 riamus
1047 3763 1294 3836 omnes,
1341 3769 1407 3824 et
1449 3759 1727 3844 gratiam
1771 3781 1889 3843 pro
1925 3761 2141 3844 gratia
2175 3760 2432 3843 (Ioann.
2479 3767 2531 3840 l,
2578 3761 2705 3844 16).

757 3846 1114 3912 Falluntur
1157 3866 1311 3929 ergo
1326 3897 1341 3923 ,
1387 3846 1495 3927 qui
1540 3844 1668 3910 fide
1712 3845 1963 3911 Christi
2017 3846 2409 3931 gloriantur,
2469 3849 2708 3913 sancti-

758 3934 1059 3999 ficatione
1114 3932 1383 4015 spiritus
1439 3932 1579 3996 eius
1634 3953 1900 4015 prorsus
1956 3931 2269 3997 destituti.
2363 3932 2706 3999 Christum

758 4019 1004 4084 factum
1061 4039 1201 4083 esse
1255 4017 1440 4083 nobis
1486 4039 1619 4082 non
1662 4018 1980 4083 iustitiam
2027 4016 2219 4083 modo
2234 4071 2250 4097 ,
2308 4018 2423 4084 sed
2466 4021 2708 4084 sancti-

760 4105 1129 4169 ficationem
1173 4124 1456 4185 quoque,
1515 4103 1842 4186 scriptura
1885 4103 2085 4169 docet.
2174 4104 2462 4170 Proinde
2506 4106 2710 4189 recipi

760 4211 800 4253 a
863 4189 1049 4254 nobis
1113 4190 1365 4253 iustitia
1421 4192 1561 4254 eius
1619 4190 1749 4255 fide
1807 4210 1942 4254 non
1996 4197 2242 4273 potest,
2313 4191 2469 4273 quin
2526 4191 2710 4257 illam

761 4275 1343 4341 sanctificationem
1400 4275 1594 4341 simul
1651 4276 2143 4359 amplectamur.
2221 4276 2475 4341 Eodem
2530 4278 2711 4342 enim

757 4368 950 4444 pacto
989 4360 1318 4425 Dominus
1336 4412 1351 4439 ,
1398 4361 1566 4444 quod
1612 4362 1682 4425 in
1727 4362 1993 4429 Christo
2035 4361 2370 4427 nobiscum
2413 4364 2594 4439 ferit,
2640 4385 2710 4428 se

757 4448 1002 4511 nostris
1054 4445 1506 4530 iniquitatibus
1549 4449 1902 4531 propitium
1945 4449 2106 4528 fore,
2156 4456 2222 4513 et
2258 4448 2473 4533 legem
2521 4468 2711 4513 suam

760 4532 1061 4597 cordibus
1094 4533 1335 4597 nostris
1357 4532 1826 4616 inscript-urum
1861 4533 2203 4616 pollicetur
2238 4533 2394 4617 (Ier.
2435 4539 2535 4613 31,
2577 4534 2707 4618 33).

759 4618 915 4683 Non
970 4638 1127 4702 ergo
1180 4627 1441 4683 nostrae
1498 4620 1821 4686 facultatis
1875 4641 2039 4703 opus
2084 4627 2211 4699 est,
2279 4620 2444 4704 legis
2489 4620 2709 4686 obser-

757 4705 969 4783 vati0‚
1025 4702 1139 4769 sed
1183 4703 1543 4787 spiritualis
1600 4710 1747 4785 [pag.
1790 4710 1896 4785 21]
1946 4705 2240 4771 virtutis:
2301 4727 2429 4789 qua
2470 4708 2577 4784 fit,
2638 4716 2712 4770 ut

761 4789 959 4855 corda
1002 4796 1229 4855 nostra
1292 4811 1330 4854 a
1374 4810 1494 4854 sua
1537 4792 1949 4876 corrupt-ione
1993 4799 2462 4876 repurgentur,
2520 4800 2587 4857 et
2629 4790 2712 4856 ad

762 4875 1048 4941 iustitiae
1102 4875 1537 4941 obedientiam
1591 4877 2026 4943 emolliantur.
2114 4875 2261 4941 Iam
2303 4898 2460 4943 vero
2514 4878 2711 4961 longe

765 4956 930 5025 alius
975 4961 1140 5046 legis
1183 4984 1340 5028 usus
1386 4970 1485 5028 est
1530 4963 1958 5041 Christianis,
2003 4983 2197 5045 quam
2241 4964 2355 5046 qui
2397 4963 2541 5028 sine
2585 4962 2712 5029 fide

763 5067 906 5111 esse
950 5048 1170 5130 possit.
1237 5047 1372 5114 Ubi
1407 5050 1584 5114 enim
1618 5048 1917 5115 cordibus
1953 5050 2195 5114 nostris
2231 5050 2515 5115 iustitiae
2552 5071 2711 5115 suae

764 5151 1053 5197 amorem
1098 5133 1440 5216 insculpsit
1486 5134 1842 5213 Dominus,
1879 5144 2155 5200 externa
2191 5135 2355 5220 legis
2398 5134 2711 5213 doctrina,

765 5236 931 5300 quae
970 5225 1166 5284 antea
1205 5219 1374 5284 nihil
1395 5241 1593 5305 quam
1619 5227 1763 5285 tum
1796 5218 2278 5300 imbecillitatis,
2316 5230 2459 5286 tum
2494 5229 2712 5286 trans-

765 5303 1118 5387 gressionis
1161 5327 1278 5371 nos
1322 5306 1693 5384 accusabat,
1748 5326 1923 5370 nunc
1977 5305 2247 5373 lucerna
2289 5314 2390 5373 est
2434 5307 2714 5393 pedibus

2409 389 3086 460 CATECHISMUS.

2757 2015 2934 2346 ‚m

2760 2359 2764 2400 ³

4635 392 4753 455 336

2810 581 3078 658 nostris,
3145 603 3228 645 ne
3296 604 3334 644 a
3402 591 3577 648 recto
3644 583 3880 647 itinere
3959 582 4360 647 aberremus:
4442 582 4757 665 sapientia

2810 675 3033 731 nostra
3087 675 3214 745 est,
3271 687 3399 749 qua
3442 667 3524 732 ad
3569 688 3829 733 omnem
3886 669 4337 751 integritatem
4381 668 4752 744 formemur,

2808 753 3259 832 instituamur,
3320 753 3712 818 excitemur:
3759 753 4103 837 disciplina
4149 761 4370 818 nostra
4415 764 4540 832 est,
4599 775 4756 836 quae

2809 861 2929 904 nos
2971 838 3361 922 improbiore
3404 839 3669 904 licentia
3704 839 3998 904 diffluere
4048 859 4182 903 non
4226 840 4399 905 sinat
4449 840 4588 923 (ΡΒ.
4626 844 4755 915 119,

2817 928 2966 1003 1053
3011 925 3208 988 Dent.
3248 929 3306 1002 4,
3348 927 3433 1008 6).

2867 1132 2994 1195 DE
3038 1129 3673 1196 POENITENTIA
3719 1133 3837 1196 ΕΤ
3882 1129 4702 1197 REGENERA'HONE.

2982 1268 3162 1332 Hinc
3206 1268 3341 1332 iam
3378 1268 3749 1354 intelligere
3795 1276 4173 1353 promptum
4218 1276 4338 1346 est,
4386 1291 4505 1333 cur
4542 1270 4758 1351 poeni-

2810 1354 3024 1418 tentia
3045 1375 3194 1418 cum
3216 1352 3344 1417 fide
3367 1352 3618 1419 Christi
3641 1376 3899 1438 semper
3920 1356 4383 1438 coniungatur:
4423 1377 4540 1420 cur
4560 1357 4758 1420 etiam

2810 1439 3137 1504 Dominus
3172 1440 3472 1518 affirmet,
3509 1443 3839 1506 neminem
3874 1443 3945 1505 in
3980 1462 4257 1525 regnum
4296 1439 4623 1506 coelorum
4659 1442 4759 1517 int

2810 1526 2996 1609 gredi
3029 1547 3235 1609 posse,
3273 1526 3401 1591 nisi
3437 1528 3549 1609 qui
3584 1535 4006 1610 regeneratus
4042 1528 4239 1591 fuerit
4273 1526 4530 1608 (Ioann.
4570 1532 4628 1607 3,
4671 1529 4756 1610 3).

2809 1612 3226 1678 Poenitentia
3246 1613 3422 1676 enim
3446 1613 3937 1679 conversionem
3974 1613 4328 1696 significat:
4369 1634 4498 1694 qua
4532 1614 4756 1678 mundi

2810 1697 3009 1762 huius
3051 1698 3482 1781 perversitate
3520 1699 3740 1764 valere
3774 1700 3970 1775 iussa,
4014 1701 4085 1762 in
4120 1699 4298 1763 viam
4331 1699 4603 1763 Domini
4639 1720 4758 1764 nos

2813 1784 3182 1867 recipimus.
3275 1783 3580 1850 Christus
3627 1797 3847 1850 autem
3891 1794 3965 1850 ut
4008 1785 4256 1868 peccati
4292 1785 4592 1849 minister
4629 1807 4762 1849 non

2814 1877 2929 1947 est,
2974 1890 3390 1952 nequaquam
3446 1870 3591 1935 ideo
3635 1871 3949 1937 scelerum
4005 1871 4525 1953 inquinamentis
4574 1871 4763 1936 ablu-

2812 1964 2913 2020 tos
2958 1956 3245 2020 iustitiae
3288 1977 3446 2021 suae
3503 1958 4003 2041 participatione
4046 1958 4272 2035 vestit,
4328 1978 4453 2040 quo
4509 1963 4765 2021 tantam

2935 2043 3096 2105 tiam
3148 2043 3340 2106 novis
3405 2040 3680 2108 subinde
3748 2042 4046 2108 sordibus
4114 2045 4561 2127 profanemus:
4650 2044 4768 2114 oed

2815 2135 2889 2192 ut
2931 2129 3002 2191 in
3037 2126 3169 2191 Dei
3212 2127 3381 2192 filios
3424 2130 3721 2210 cooptati,
3769 2131 3972 2194 vitam
4012 2131 4437 2212 imposterum
4474 2136 4765 2194 nostram

2813 2214 3021 2296 patris
3045 2215 3253 2278 nostri
3289 2214 3535 2297 gloriae
3570 2235 4042 2281 consecremus.
4100 2216 4321 2280 Huius
4357 2222 4576 2280 autem
4612 2236 4768 2298 poe·

2817 2300 3135 2364 nitentiae
3158 2299 3492 2365 effectus-a
3515 2302 4008 2384 regeneratione
4044 2309 4269 2367 nostra
4304 2300 4560 2384 pendet,
4600 2322 4768 2385 quae

2813 2385 2956 2469 ipsa
3011 2382 3263 2451 duabus
3321 2387 3618 2468 partibus
3674 2395 3956 2453 constat:
4013 2387 4230 2453 carnis
4289 2393 4553 2452 nostrae
4568 2440 4583 2465 ‚
4643 2387 4769 2455 hoc

2814 2481 2916 2536 est
2969 2471 3301 2554 ingenitae
3360 2471 3544 2538 nobis
3602 2475 4034 2555 corruptionis
4093 2473 4597 2540 mortificatione
4613 2525 4628 2552 ,
4703 2485 4770 2538 et

2815 2556 3257 2622 vivificatione
3293 2558 3615 2641 spirituali
3653 2559 3873 2644 (Rom.
3917 2565 3973 2637 6,
3996 2565 4079 2647 '53
4118 2559 4257 2625 Col.
4300 2564 4356 2637 3,
4398 2563 4435 2623 3
4461 2571 4527 2624 et
4548 2558 4765 2642 alibi):

2816 2664 2945 2726 qua
2987 2642 3269 2708 hominis
3314 2653 3554 2709 natura
3595 2646 3664 2709 in
3709 2665 3893 2710 suam
3939 2646 4387 2730 integritatem
4437 2646 4768 2710 instaura-

2816 2737 2942 2792 tur.
3008 2728 3092 2792 In
3135 2729 3308 2795 hanc
3346 2751 3501 2814 ergo
3547 2729 4039 2796 meditationem
4087 2739 4223 2796 tota
4264 2731 4404 2798 vita
4446 2732 4633 2796 nobis
4668 2740 4771 2796 est

2815 2814 3342 2893 incumbendum,
3392 2824 3465 2880 ut
3510 2821 3656 2897 [pag.
3697 2821 3805 2897 22]
3844 2827 4109 2900 peccato
4152 2818 4412 2894 mortui,
4461 2838 4535 2881 ac
4579 2817 4770 2881 nobis

2817 2901 3005 2983 ipsis,
3066 2900 3333 2967 Christo
3378 2913 3445 2967 et
3489 2903 3630 2967 eius
3675 2904 3959 2968 iustitiae
4004 2905 4321 2969 vivamus.
4412 2902 4771 2986 Quumque

2817 2988 3152 3071 generatio
3172 2989 3315 3069 ‘ista
3351 3010 3693 3072 nunquam
3727 2990 4094 3073 impleatur,
4138 2988 4446 3074 quamdiu
4481 2989 4552 3054 in
4589 3010 4769 3055 mor-

2818 3073 2968 3139 talis
3013 3076 3302 3157 corporis
3349 3095 3608 3141 carcere
3644 3075 3971 3161 degimus:
4018 3085 4411 3161 perpetuum
4456 3075 4538 3140 ad
4588 3097 4769 3141 mor-

2815 3167 2953 3224 tem
2997 3182 3203 3244 usque
3248 3162 3687 3243 poenitentiae
3731 3162 4021 3227 studium
4063 3163 4166 3241 sit,
4214 3170 4483 3245 oportet:

2851 3364 3318 3449 QUOMODO
3359 3365 3823 3433 BONORUM
3870 3368 4260 3435 OPERUM
4300 3368 4418 3432 ET
4462 3368 4732 3434 FIDEI

3072 3467 3485 3535 IUSTITIA
3529 3467 3821 3537 SIMUL
3869 3469 4491 3536 CONVENIANT.

2985 3589 3179 3654 Bona
3220 3596 3444 3655 autem
3489 3610 3706 3672 opera,
3753 3612 3919 3674 quae
3962 3591 4044 3657 ab
4080 3588 4397 3655 eiusmodi
4433 3592 4764 3658 conscien-

2813 3677 2941 3741 tiae
2985 3674 3274 3757 puritate
3363 3677 3833 3754 roficiscuntur‚
3879 3676 4023 3742 Deo
4068 3683 4334 3759 accepta
4373 3698 4547 3756 esse,
4594 3678 4767 3743 nihil

2813 3761 3084 3826 dubium
3127 3770 3242 3826 est.
3376 3760 3859 3844 uandoquidem
3896 3764 4072 3827 enim
4108 3782 4299 3828 suam
4339 3762 4655 3828 iustitiam
4692 3765 4764 3829 in

2812 3847 2946 3912 illis
2981 3848 3291 3929 agnoscit,
3338 3868 3471 3911 non
3506 3856 3724 3930 potest
3758 3870 3893 3913 non
3930 3850 4291 3932 approbare
4328 3868 4401 3913 ac
4435 3870 4767 3914 commen-

2814 3932 2987 3999 dare.
3079 3931 3373 3999 Sollicite
3417 3940 3641 3998 tamen
3683 3933 4078 4013 cavendum,
4124 3955 4209 3999 ne
4255 3935 4346 3999 sic
4390 3955 4566 4001 vana
4608 3936 4765 4002 effe-

2814 4041 3040 4084 ramur
3084 4039 3308 4083 eorum
3352 4018 3621 4099 fiducia,
3667 4027 3742 4084 ut
3783 4021 4119 4085 iustificari
4166 4041 4285 4085 nos
4328 4020 4470 4086 sola
4514 4020 4769 4087 Christi

2814 4105 2941 4170 fide
2989 4105 3464 4171 obliviscamur.
3532 4104 3737 4169 Nulla
3770 4106 4012 4190 quippe
4058 4114 4158 4171 est
4198 4127 4469 4189 operum
4510 4108 4768 4173 iustitia

2813 4212 3034 4257 coram
3077 4192 3378 4269 Domino,
3425 4192 3552 4256 nisi
3596 4211 3761 4274 quae
3804 4192 3983 4258 illius
4023 4192 4310 4258 iustitiae
4354 4192 4764 4276 respondeat.

2814 4278 3046 4360 Itaque
3090 4278 3201 4359 qui
3246 4277 3326 4342 ab
3371 4274 3675 4361 operibus
3718 4279 4058 4345 iustificari
4101 4279 4382 4362 quaerit,
4441 4280 4500 4344 ei
4556 4301 4769 4344 unum

2816 4373 2930 4428 aut
2971 4362 3254 4427 alterum
3296 4383 3458 4445 opus
3512 4362 3868 4446 producere
3926 4386 4057 4430 non
4115 4365 4385 4430 sufficit:
4445 4363 4561 4430 sed
4615 4386 4766 4448 per-

2814 4450 3054 4514 fectam
3110 4448 3277 4531 legis
3335 4446 3771 4514 obedientiam
3829 4451 4075 4525 afferre,
4121 4471 4383 4516 necesse
4439 4451 4666 4529 habet,
4729 4474 4770 4517 a

2815 4554 2944 4617 qua
2985 4535 3271 4616 profecto
3329 4533 3567 4599 absunt
3619 4535 3837 4602 adhuc
3888 4536 4295 4621 longissimffi
4353 4537 4467 4620 qui
4523 4537 4769 4620 optime

2813 4621 2887 4684 in
2910 4618 3180 4684 Domini
3202 4619 3346 4704 lege
3369 4640 3525 4702 prae
3561 4621 3705 4687 aliis
3738 4623 4169 4705 profecerunt.
4230 4622 4487 4689 Deinde
4506 4624 4767 4690 etiamsi

2813 4727 2948 4770 uno
2984 4704 3308 4771 duntaxat
3338 4707 3508 4771 bono
3545 4727 3741 4790 opere
3777 4709 4083 4773 satisfieri
4118 4710 4241 4774 sibi
4272 4716 4608 4792 pateretur
4634 4710 4769 4775 Dei

2814 4791 3094 4871 iustitia,
3139 4813 3226 4856 ne
3270 4813 3479 4856 unum
3522 4792 3788 4875 quidem
3833 4815 3994 4878 opus
4039 4795 4110 4859 in
4155 4797 4398 4861 sanctis
4442 4796 4580 4860 suis
4623 4794 4769 4862 Do-

2816 4878 3038 4944 minus
3059 4879 3405 4956 inveniret,
3444 4878 3548 4942 cui
3574 4878 3863 4945 iustitiae
3898 4879 4159 4946 laudem
4196 4902 4311 4946 suo
4347 4881 4580 4946 merito
4615 4882 4769 4947 red-

2816 4963 3015 5029 deret.
3107 4963 3279 5029 Nam
3320 4962 3529 5042 istud,
3588 4986 3963 5050 quanquam
4003 4968 4245 5033 mirum
4289 4966 4501 5032 videri
4546 4976 4763 5051 queat,

2815 5050 3237 5115 verissimum
3281 5056 3502 5116 tamen
3549 5059 3674 5117 est:
3734 5052 3992 5118 nullum
4034 5054 4296 5118 omnino
4342 5053 4524 5119 exire
4563 5075 4604 5118 a
4645 5076 4768 5120 no·

2817 5135 2916 5202 bis
2959 5157 3120 5218 opus
3165 5158 3420 5201 summa
3462 5138 3857 5220 perfectione
3898 5145 4422 5205 consummatum
4438 5191 4455 5218 ,
4513 5159 4588 5204 ac
4630 5162 4770 5206 non

2817 5222 3036 5305 aliquo
3073 5221 3281 5287 veluti
3323 5244 3530 5288 naevo
3554 5223 3984 5306 inquinatum.
4058 5224 4279 5306 Quare
4301 5247 4504 5308 quum
4533 5246 4767 5309 pecca-

2815 5315 2990 5374 tores
3026 5308 3228 5374 simus
3263 5330 3507 5387 omme,
3548 5316 3613 5374 et
3647 5308 3950 5393 plurimis
3990 5311 4296 5378 vitiorum
4332 5310 4623 5395 reliquiis
4659 5334 4764 5379 as-
