5100 6061
325 444 436 505 293

321 650 422 695 rae
459 630 590 712 est)
634 629 800 712 quid.
834 637 1056 694 tamen
1100 650 1364 712 operam
1403 651 1589 695 suam
1624 650 1862 716 magno
1898 628 2260 709 venditent,

321 717 497 782 cuius
543 737 624 780 ne
670 715 841 798 quod
883 717 1144 780 omnino
1190 717 1474 798 pretium
1518 723 1762 794 exstet,
1810 717 1939 799 ipsi
1983 715 2261 799 diligen-

323 811 416 866 ter
459 799 849 886 provident?
919 801 1000 866 In
1046 822 1117 866 re
1153 803 1496 884 perspicua
1518 802 1794 885 longiori
1839 810 2260 885 argumenta-

323 889 489 953 tione
523 909 686 970 opus
723 908 856 952 non
894 894 1008 951 est.
1075 889 1391 953 Miseram
1427 887 1848 971 plebeculam,
1895 887 2077 953 cuius
2114 908 2262 952 eru-

321 973 555 1039 ditores
601 973 812 1040 videri
856 974 1111 1052 volunt,
1167 995 1366 1057 quum
1425 983 1609 1037 tanta
1651 973 2062 1057 ignorantiae
2105 973 2260 1038 cali-

320 1061 463 1143 gine
520 1069 961 1137 excaecatam,
1022 1067 1119 1123 tot
1172 1081 1466 1124 errorum
1518 1060 1887 1143 praestigiis
1942 1056 2257 1138 delusam,

320 1155 410 1210 tot
453 1143 942 1227 mendaciorum
997 1146 1258 1211 fascinis
1302 1147 1702 1210 incantatam
1747 1154 1813 1210 e't
1856 1146 2259 1228 consopitam

320 1233 471 1297 satis
524 1232 748 1295 norint
793 1230 993 1313 (quod
1047 1232 1295 1295 nemini
1342 1231 1604 1313 quidem
1661 1239 1761 1296 est
1800 1230 2255 1315 incognitum),

319 1317 554 1382 sentire
600 1328 674 1381 ut
719 1317 884 1381 nihil
928 1325 1147 1400 queat,
1197 1317 1324 1382 nisi
1369 1315 1543 1400 quod
1598 1317 1896 1381 manibus
1953 1315 2258 1400 pedibus-

1425 441 1550 506 DE
1597 406 2197 506 sAonRDoTIO‘
2235 443 2584 508 PAPALI
2632 445 3202 515 AsncOENDO.

4190 457 4313 520 294

2369 652 2525 710 rem,
2573 653 2767 713 quam
2815 634 3125 699 venerat?
3216 636 3469 720 Nempe
3522 638 3646 705 hoc
3700 662 3901 704 unum
3964 643 4123 706 satis
4178 642 4312 707 cla-

2368 737 2515 780 rum
2560 717 2872 783 indicium
2915 729 3044 799 est,
3105 722 3316 804 qualis
3369 722 3455 786 sit
3498 745 3721 789 eorum
3767 747 3992 808 opera:
4052 725 4311 809 quando

2371 801 2493 866 hoc
2537 802 2710 884 quod
2754 814 2961 888 agunt
3005 806 3283 890 agendo,
3345 808 3507 872 nihil
3554 830 3820 891 prorsus
3864 822 4083 895 agunt.
4175 812 4312 878 Sed

2367 885 2545 950 istud
2596 886 2681 952 ad
2724 890 3136 957 refutandam
3193 915 3415 959 eorum
3469 897 3832 960 vanitatem
3907 898 4115 962 multo
4170 921 4309 964 cer-

2367 972 2497 1037 tius
2537 982 2636 1037 est
2660 984 3176 1071 argumentum,
3223 979 3395 1062 quod
3440 980 3658 1062 palam
3703 991 3833 1060 est,
3893 1004 4001 1048 eos
4044 1006 4126 1048 ne
4172 992 4309 1049 stu-

2366 1056 2519 1122 dere
2565 1059 2858 1141 quidem,
2914 1070 2988 1125 ιιι
3032 1063 3387 1147 quidquam
3441 1067 3813 1149 proficiant:
3880 1070 4037 1150 quin
4093 1071 4309 1152 potius

2366 1142 2519 1207 data
2565 1165 2764 1226 opera
2806 1166 3063 1227 cavere,
3121 1170 3205 1213 ne
3263 1149 3420 1233 quid
3475 1154 3834 1233 proficiant.
3925 1155 4132 1219 Porro
4183 1177 4308 1238 quo

2364 1227 2715 1327 dilucidius
2761 1230 2973 1297 adhue
3017 1236 3441 1317 perspiciant,
3500 1238 3767 1320 ineptiis
3813 1239 3941 1303 illis
3995 1242 4129 1305 suis
4170 1262 4307 1305 om-

2364 1314 2557 1379 mbus
2614 1337 2683 1380 se
2742 1337 3148 1400 nequaquam
3198 1324 3483 1404 assequi,
3549 1331 3623 1387 ut
3676 1347 3758 1387 ne
3812 1324 4044 1407 perfidi
4097 1328 4309 1410 magis

320 1425 435 1485 que
479 1402 702 1486 palpet
743 1411 936 1486 atque
981 1410 1309 1468 attrectet:
1354 1405 1508 1486 quia
1552 1412 1771 1467 tamen
1815 1405 2100 1487 ingenue
2146 1424 2256 1467 ve·
2309 1415 2314 1490 ι
2363 1400 2759 1482 proditores,
2806 1424 3002 1485 quam
3047 1406 3232 1486 probi
3274 1421 3565 1489 pastores
3610 1420 4024 1476 censeantur:
4086 1414 4308 1493 paucis

318 1510 456 1552 rum
514 1488 727 1553 dicere
781 1488 1218 1571 periculosum
1266 1496 1390 1566 est,
1452 1510 1570 1553 nec
1625 1490 1809 1553 suam
1849 1490 2257 1554 vocationem
2309 1497 2312 1524 ²

320 1574 478 1639 tanti
519 1576 899 1652 aestimant,
959 1583 1034 1638 ut
1089 1573 1301 1639 fraudi
1333 1575 1380 1658 ¹)
1428 1573 1547 1640 sibi
1595 1596 1733 1639 esse
1777 1573 2032 1651 velint,‘
2066 1575 2135 1636 in
2182 1593 2259 1637 ea

318 1657 600 1726 docenda
650 1661 1112 1726 obscuritatem
1156 1660 1308 1726 data
1352 1682 1549 1744 opera
1589 1668 1656 1724 et
1696 1661 2026 1725 vafritiem
2071 1658 2256 1723 adhi-

317 1746 497 1818 bent,
559 1767 685 1828 qua
730 1747 834 1811 vel
893 1748 1338 1813 acutissimum
1384 1748 1705 1829 quemque
1749 1746 1972 1810 fallere
2015 1764 2256 1809 conan-
2305 1711 2312 1840 i

318 1841 432 1896 tur.
521 1831 817 1911 Istudne,
863 1852 1118 1915 quaese,
1167 1831 1394 1898 docere
1439 1840 1557 1910 est,
1603 1854 1802 1915 quum
1849 1831 2021 1914 apud
2057 1830 2255 1895 rusti·
2306 1845 2310 1904 ι
2359 1849 2635 1892 numero
2680 1832 2948 1912 posthac
2993 1853 3062 1897 se
3107 1834 3418 1898 eximant.

2305 1911 2310 1936 ⁴
2359 1914 2447 1978 sit
2491 1916 2806 1998 episcopis
2851 1916 3136 1983 tenenda
3179 1918 3455 1985 docendi
3508 1923 3705 2001 ratio,
3764 1926 4136 1989 summatim
4191 1924 4301 1990 de·

317 1939 504 1983 canos
541 1917 1027 1996 homunciones,
1064 1925 1306 1983 natura
1339 1928 1473 1983 no‘n
1495 1917 1686 1983 valde
1724 1927 2012 2001 argutos,
2050 1936 2255 1999 prava

317 2005 506 2067 etiam
542 2004 954 2069 institutione
980 2005 1336 2081 hebetatoS,
1376 2003 1675 2070 habenda
1710 2013 1809 2068 est
1842 2004 2066 2080 oratio,
2105 2022 2253 2065 sen-

318 2091 548 2153 tentias
591 2111 708 2172 per
752 2112 821 2154 se
867 2089 1205 2154 hominum
1266 2091 1528 2174 ingenio
1583 2089 1907 2167 difficiles,
1967 2090 2061 2154 sic
2104 2109 2253 2170 per-

315 2175 517 2258 plexis
564 2175 1044 2259 aenigmatibus
1098 2176 1464 2259 implicare,
1524 2196 1648 2257 quo
1700 2177 1772 2239 in
1826 2175 1957 2239 illis
2011 2173 2252 2239 intelli-

317 2260 539 2345 gendis
584 2259 879 2344 Oedipus
923 2283 1176 2345 quoque
1222 2262 1361 2345 ipse
1404 2260 1695 2326 laboret?
1785 2260 1959 2326 Nam
1995 2261 2048 2325 si
2093 2258 2250 2342 quid

317 2346 522 2412 dicere
568 2345 879 2412 eiusmodi
927 2349 1296 2425 instituunt,
1343 2347 1518 2412 unde
1561 2348 1681 2413 sibi
1726 2345 1969 2429 aliquid
2004 2346 2248 2428 negotii

315 2433 727 2499 molestiaeve
778 2433 916 2497 fore
970 2435 1411 2516 suspicentur,
1470 2433 1632 2497 illud
1689 2432 1871 2498 velut
1923 2431 2252 2513 concept-is

316 2519 526 2584 verbis
570 2519 1026 2584 obscurissime
1071 2520 1380 2584 effantur:
1428 2526 1506 2583 ut
1549 2519 1607 2583 si
1650 2519 2000 2584 discrimen
2034 2517 2250 2582 immi-

315 2614 480 2682 neat,
517 2605 1056 2689 tergiversatione
1093 2626 1350 2688 semper
1384 2603 1554 2669 elabi
1587 2604 1858 2688 possint.
1928 2604 2148 2686 Atque
2183 2602 2252 2668 id

315 2692 720 2772 potissimum
745 2696 890 2769 [pag.
917 2697 1024 2771 60]
1051 2691 1130 2756 iis
1152 2692 1219 2755 in
1241 2691 1438 2756 rebus
1460 2713 1584 2756 usu
1609 2691 1806 2768 venit,
1843 2710 2002 2772 quas
2040 2689 2248 2772 expli-

318 2776 633 2842 catissime
667 2783 734 2841 et
763 2776 934 2841 tradi
967 2791 1032 2841 et
1061 2778 1355 2842 enarrari
1393 2776 1787 2841 christianae
1819 2775 2127 2840 ecclesiae
2149 2796 2251 2838 re·

315 2862 579 2928 ferebat:
626 2860 1151 2945 quandoquidem
1196 2872 1271 2928 ut
1314 2862 1595 2945 quidque
1649 2861 1732 2926 ad
1788 2860 2252 2927 stabiliendum

317 2946 557 3013 Christi
600 2969 879 3032 regnum
935 2948 1224 3013 maxime
1278 2948 1601 3027 conducit,
1660 2949 1754 3012 ita
1809 2945 2095 3012 Satanae
2153 2953 2254 3011 est

315 3034 786 3100 odiosissimum
823 3036 1092 3117 eiusque
1127 3036 1347 3100 furore
1368 3035 1706 3119 impetitur
1727 3035 2057 3100 acerrime.
2114 3034 2250 3099 Ita-

314 3141 430 3202 que
472 3122 567 3186 sic
611 3119 690 3184 de
734 3121 861 3185 fide
907 3122 1390 3197 concionantur,
1451 3130 1527 3186 ut
1569 3121 1774 3205 plebis
1820 3119 2250 3185 diffidentiam

313 3205 514 3271 nihilo
550 3206 902 3271 emendent
936 3208 1164 3290 magiS,
1209 3229 1401 3290 quam
1441 3209 1494 3272 si
1532 3214 1838 3274 tacerent.
1907 3205 2018 3272 Sic
2057 3205 2249 3271 Chri-

313 3300 479 3355 stum
521 3292 948 3357 mediatorem
998 3292 1381 3371 ostendunt,
1442 3302 1519 3356 ut
1572 3294 1643 3357 in
1696 3293 1937 3357 sanctis
1994 3312 2251 3375 semper

313 3376 673 3442 haereatur.
766 3376 877 3444 Sic
923 3373 1052 3442 Dei
1096 3379 1380 3462 gratiam
1434 3378 1835 3461 praedicant,
1892 3385 1968 3442 ut
2021 3376 2249 3442 eadem

311 3464 691 3529 meritorum
734 3465 952 3547 propri
1073 3485 1157 3528 ue
1201 3464 1489 3529 iustitiae
1531 3464 1952 3530 hallucinatio
1992 3484 2250 3545 semper

312 3560 587 3614 maneat.
658 3547 769 3614 Sic
812 3550 994 3615 verbi
1096 3550 1154 3614 ei
1199 3551 1618 3615 autoritatem
1658 3548 2133 3627 commendant,
2177 3554 2251 3612 ut

309 3634 510 3717 pluris
543 3638 710 3699 fiant
745 3634 1037 3700 fabulosa
1072 3636 1417 3700 hominum
1449 3644 1832 3700 commenta.
1892 3632 2005 3700 Sic
2029 3636 2250 3698 Deum

312 3742 511 3785 unum
553 3720 898 3786 colendum
943 3721 1200 3798 docent,
1248 3729 1323 3785 ut
1364 3721 1640 3786 eandem
1683 3742 1939 3804 semper
1981 3718 2250 3785 idolola-

311 3808 500 3872 triam
551 3806 941 3890 relinquant.
1032 3806 1145 3872 Sic
1203 3805 1282 3871 de
1325 3828 1487 3872 vera
1542 3807 1664 3872 reli
1713 3809 1856 3872 ione
1901 3804 2248 3884 disserunt,

311 3902 381 3955 ιιι
423 3914 458 3957 e
502 3900 603 3956 tot
658 3894 875 3975 impiis
931 3894 1498 3976 superstitionibus
1552 3894 1667 3958 nul
1695 3913 1799 3957 am
1859 3892 2247 3957 convellant.

311 3977 611 4060 Denique
667 3979 760 4044 sic
815 3980 1158 4043 veritatem
1213 3986 1610 4062 proponunt,
1670 3986 1747 4043 ut
1801 3987 1928 4043 stet
1982 3977 2251 4042 menda-

313 4062 482 4127 cium
525 4084 784 4146 semper
838 4064 1177 4129 incolume.
1280 4066 1600 4150 Apagesis
1655 4064 2252 4147 tergiversatoriam

313 4149 494 4214 istam
553 4149 975 4214 calliditatem
1030 4157 1097 4215 et
1147 4150 1647 4233 perplexitatem
1703 4152 2108 4228 affectatam,
2169 4151 2250 4215 ab

313 4255 383 4298 eo
423 4236 532 4317 qui
579 4234 855 4301 docendi
911 4258 1152 4301 munus
1209 4238 1579 4319 profitetur:
1633 4237 1821 4302 cuius
1877 4237 2091 4319 prima
2139 4245 2253 4311 ‚est

314 4321 538 4397 virtus,
586 4320 957 4386 auditorum
996 4323 1217 4405 captui
1262 4344 1405 4391 sese
1450 4329 1902 4406 attemperare.
1969 4322 2028 4385 A
2077 4322 2252 4387 chri-

315 4406 519 4471 stiano
559 4427 712 4471 vero
749 4405 1009 4472 doctore
1045 4429 1240 4490 quam
1275 4407 1657 4492 longissime
1700 4416 2016 4485 arceatur,
2053 4428 2092 4471 a
2126 4429 2252 4490 quo

313 4491 471 4556 nihil
505 4492 633 4557 nisi
658 4493 1171 4559 sincerissimum
1206 4501 1271 4559 et
1305 4495 1858 4578 simplicissimum
1894 4492 2107 4558 audiri
2140 4493 2252 4558 de-

313 4575 430 4642 bet.
484 4579 657 4643 Nam
692 4579 745 4644 si
783 4578 1111 4645 docendus
1153 4589 1254 4645 est
1292 4580 1590 4664 populus,
1631 4600 1943 4663 quorsum
1976 4579 2178 4646 istaec
2195 4580 2251 4663 ²)

312 4664 702 4748 aenigmata,
760 4686 927 4748 quae
971 4666 1180 4731 nihilo
1220 4666 1574 4733 doctiorem
1618 4666 1954 4730 dimittant
1997 4666 2251 4731 audito-

445 4955 503 5023 1)
547 4954 640 5010 Sic
685 4956 905 5013 omnino
950 4955 1247 5025 leyendum,
1292 4972 1607 5026 quanquam
1644 4958 2121 5012 edittones'omnes
2154 4958 2249 5013 ha-

309 5022 466 5079 beant
510 5025 657 5079 laudi
671 5068 685 5094 ,
729 5025 847 5079 sola
975 5025 1140 5092 ’πείρα
1184 5031 1405 5093 excepta
1450 5027 1549 5080 ubi
1590 5027 1722 5081 vitio
1769 5041 2061 5096 operarum
2095 5027 2249 5081 raudi

309 5091 515 5161 ὡρίων.
585 5093 772 5148 Ver-sio
801 5111 840 5162 9
897 5094 1003 5148 lica
1039 5108 1254 5147 smum
1287 5094 1416 5148 bene
1449 5097 1780 5162 expressisse
1814 5096 1970 5149 nobis
2004 5094 2219 5149 videtur
2232 5118 2247 5146 .-

308 5160 375 5215 ils
407 5162 710 5217 n'estiment
743 5178 843 5231 pas
879 5169 997 5217 tant
1030 5164 1148 5217 leur
1182 5164 1430 5217 vocation
1465 5180 1568 5232 que
1645 5181 1744 5219 our
1779 5166 1833 5219 la
1869 5165 1988 5218 bien
2026 5179 2248 5219 exercet

309 5228 374 5284 ils
419 5231 675 5286 venillent
719 5237 1075 5286 aucunement
1123 5247 1180 5285 se
1227 5238 1420 5285 mettre
1469 5248 1537 5286 en
1618 5248 1784 5301 anger
1832 5232 1897 5286 de
1944 5233 2091 5287 leurs
2127 5249 2246 5302 per-

312 5313 522 5379 sonnes.
738 5299 799 5361 2)
851 5299 959 5354 Ed.
998 5297 1132 5354 1552
1170 5301 1388 5355 vitiose:
1435 5301 1601 5367 istae;
1649 5300 1779 5355 inde
1820 5303 2144 5356 recentiores
2181 5316 2247 5355 ex

310 5374 646 5423 coauctam.-
677 5370 798 5423 ista.

2368 1507 2516 1550 vcro
2576 1486 3127 1562 demonstremus,
3197 1491 3262 1555 id
3320 1492 3492 1574 quod
3557 1496 3926 1576 pastoribus
3981 1495 4307 1562 Dominus

2362 1570 2732 1652 mandavit,
2800 1595 2994 1656 quam
3048 1574 3145 1638 illi
3204 1577 3375 1642 bona
3428 1578 3557 1644 fide
3611 1590 4071 1664 exsequantur.
4163 1583 4308 1648 Hac

2362 1658 2535 1721 enim
2574 1661 3057 1741 comparatione
3093 1661 3373 1727 obtineri
3411 1664 3596 1729 facile
3633 1687 3821 1748 posse
3856 1675 4030 1749 puto,
4068 1688 4151 1732 ne
4184 1690 4307 1732 nu-

2361 1745 2504 1826 gaci
2547 1745 2766 1809 nescio
2813 1767 2971 1828 quc,
3028 1747 3346 1831 nihilique
3388 1759 3733 1831 praetextu
3790 1753 3971 1831 freti,
4031 1754 4307 1819 aliorum

3512 1835 3840 1916 Quoniam
3876 1847 4095 1903 autem
4141 1861 4307 1921 quae

2359 1999 2634 2065 claravit
2678 2002 3006 2083 apostolus
3052 2005 3208 2087 (Tit.
3256 2010 3306 2083 1,
3347 2009 3435 2089 9),
3482 2004 3640 2070 dum
3679 2017 3978 2074 strenuos
4022 2032 4160 2076 esse
4203 2011 4301 2094 ip-

2359 2106 2464 2150 sos
2507 2087 2727 2165 iussit,
2785 2096 2850 2151 et
2892 2086 2976 2151 ad
3018 2090 3498 2156 exhortandum
3547 2094 3611 2156 in
3661 2093 3954 2159 doctrina
3998 2117 4189 2174 sana,
4235 2105 4300 2161 et

2358 2171 2440 2234 ad
2486 2193 2593 2236 eos
2637 2173 2749 2254 qui
2793 2174 3241 2241 contradicant
3283 2179 3745 2257 revincendos,
3792 2179 3872 2243 ad
3920 2202 4065 2244 cam
4107 2203 4300 2265 regu-

2355 2257 2489 2321 lam
2519 2279 2765 2324 morem
2790 2258 3059 2326 docendi
3095 2262 3371 2327 istorum
3406 2264 3772 2330 metiemur.
3835 2264 4115 2345 Qualem
4148 2289 4303 2352 ergo

2356 2364 2427 2407 se
2472 2346 2643 2427 gerit
2699 2366 2925 2432 eorum
2980 2349 3623 2430 praestantissimus?
3715 2350 3939 2431 Quum
3985 2350 4302 2417 Satanam

2356 2430 2666 2494 ecclcsiae
2710 2431 2834 2496 sibi
2878 2433 3260 2499 commissae
3312 2434 3663 2513 dominari,
3709 2437 3993 2502 afflictae
4037 2459 4301 2521 oppres-

2356 2535 2595 2598 sasque
2651 2517 2778 2581 Dei
2844 2519 3105 2583 veritati
3170 2521 3521 2598 insultare,
3588 2522 3836 2587 laceras
3903 2531 3970 2586 et
4034 2525 4303 2589 mutilas

2357 2601 2610 2666 Christi
2645 2623 2799 2667 oves
2835 2603 2904 2667 in
2940 2603 3247 2687 praedam
3286 2607 3390 2671 abi
3437 2627 3564 2685 ere,
3603 2608 3927 2690 planeque
3961 2628 4080 2673 ceu
4107 2609 4301 2675 Chri-

2357 2693 2456 2751 sto
2498 2685 2844 2771 subiugato
2880 2690 3289 2773 triumphare
3327 2693 3391 2757 vi
3438 2700 3570 2758 eat:
3617 2695 3843 2775 paucis
3880 2695 4039 2758 anni
4074 2694 4301 2762 diebus

2355 2772 2426 2836 in
2458 2773 2835 2839 concionem
2870 2773 3266 2859 defungendi
3302 2785 3566 2843 tantum
3604 2785 3750 2859 [pag.
3778 2783 3884 2856 61]
3921 2800 4117 2845 causa
4151 2802 4301 2863 pro-

2357 2855 2469 2936 dit,
2515 2879 2649 2923 non
2692 2859 2882 2924 aliter
2923 2882 3121 2943 quam
3168 2863 3225 2926 si
3268 2864 3621 2945 tranquilla
3664 2865 3900 2941 omnia,
3946 2872 4140 2947 atque
4184 2887 4299 2948 op-

2354 2945 2516 3008 time
2560 2947 2920 3028 composita
2961 2947 3191 3012 forent.
3280 2949 3603 3029 Rursum,
3652 2971 3780 3033 qua
3823 2949 4002 3014 rabie
4047 2949 4298 3016 Christi

2355 3029 2712 3097 adversarii
2757 3032 2931 3115 apud
2965 3055 3079 3098 vos
3125 3032 3209 3099 ad
3252 3034 3683 3101 evertendum
3716 3038 3855 3101 eius
3891 3056 4172 3119 regnum
4206 3039 4298 3102 fe-

2353 3127 2612 3195 runtur,
2657 3139 2856 3199 quum
2901 3140 3030 3184 non
3073 3120 3347 3185 liberam
3380 3121 3573 3186 modo
3610 3131 3677 3186 et
3712 3130 4134 3200 constantem,
4183 3122 4299 3188 sed

2353 3204 2546 3285 paulo
2604 3205 3024 3269 sinceriorem
3079 3207 3261 3272 verbi
3318 3206 3865 3289 praedicationem
3920 3228 4069 3272 cum
4126 3210 4299 3273 vitae

2352 3310 2507 3353 suae
2563 3289 2940 3355 discrimine
2996 3293 3406 3357 coniunctam
3462 3294 3648 3359 sciat:
3716 3296 3856 3377 ipse
3915 3304 4138 3358 autem
4191 3295 4300 3359 vel

2352 3376 2665 3440 minimae
2719 3376 3112 3459 unguiculas
3166 3379 3484 3444 iacturam
3528 3379 3782 3446 Christi
3837 3401 4031 3446 causa
4087 3381 4299 3446 facere

2351 3459 2745 3539 reformidet,
2794 3464 3132 3529 conciones
3165 3466 3341 3547 ipsas
3386 3466 3479 3530 ita
3523 3466 3920 3543 moderatur,
3968 3476 4045 3530 ιιι
4079 3487 4150 3531 se
4185 3488 4299 3534 ex-

2353 3554 2456 3611 tra
2498 3547 2769 3629 periculi
2816 3548 3025 3613 aleam
3079 3551 3425 3615 contineat.
3516 3553 3701 3618 Haec
3758 3552 4090 3635 praeclara
4144 3560 4302 3619 sunt

2353 3654 2581 3697 eorum
2623 3640 3121 3716 stratagemata,
3169 3656 3446 3718 quorum
3490 3639 3725 3703 merito
3768 3660 3926 3721 prae
3972 3639 4117 3704 aliis
4162 3640 4300 3703 exi-

2353 3719 2467 3783 mii
2509 3717 2734 3782 haberi
2779 3718 3038 3783 volunt:
3086 3722 3152 3784 in
3197 3723 3434 3804 quibus
3481 3726 3535 3787 si
3581 3732 3896 3789 neutrum
3942 3723 4156 3789 adhuc
4194 3745 4299 3788 eo-

2354 3826 2504 3868 rum
2548 3812 2841 3885 spectare
2883 3805 3066 3882 licet,
3121 3827 3286 3889 quae
3328 3810 3643 3892 episcopis
3687 3811 3756 3874 in
3797 3809 3913 3873 illa
3958 3810 4153 3873 Pauli
4197 3830 4299 3873 re-

2401 3891 2511 3954 ula
2553 3890 3105 3972 praescribuntur,
3155 3902 3287 3957 tam
3332 3895 3517 3959 inani
3559 3894 3800 3960 fiducia
3845 3894 4185 3975 superbire
4220 3894 4298 3957 il-

2382 3977 2436 4041 is
2496 3996 2634 4040 non
2687 3976 3050 4041 concedam.
3142 3976 3474 4059 Quorsum
3526 3982 3702 4045 enim
3755 3980 4150 4044 christianae
4197 4000 4301 4045 ec-

2356 4062 2588 4128 clesiae
2632 4062 2995 4139 conciones,
3043 4064 3170 4127 nisi
3206 4066 3440 4146 quibus
3476 4087 3638 4131 sana
3671 4065 3965 4129 doctrina
4000 4066 4305 4131 institua-

2357 4148 2512 4214 tur?
2605 4145 2795 4227 Quae
2840 4155 3062 4214 autem
3107 4172 3268 4215 sana
3325 4151 3657 4217 institutio
3716 4149 3887 4214 tradi
3942 4151 4022 4214 ab
4068 4172 4142 4215 eo
4188 4171 4304 4233 po-

2356 4245 2501 4311 test,
2545 4235 2659 4317 qui
2696 4233 2862 4297 nihil
2898 4236 3027 4302 nisi
3070 4256 3218 4301 cum
3255 4235 3545 4302 Satanae
3580 4255 3739 4318 pace
3775 4236 4153 4320 experitur?
4222 4237 4302 4301 Id

2355 4322 2410 4386 si
2454 4319 2695 4403 alioqui
2739 4319 3007 4386 dubium
3055 4330 3241 4401 esset,
3287 4323 3411 4406 ipsi
3458 4343 3575 4388 suo
3621 4320 4010 4387 documento
4053 4322 4304 4388 faciunt

2356 4407 2814 4472 certissimum.
2885 4405 3218 4491 Quidquid
3252 4406 3332 4473 de
3366 4428 3526 4474 vera
3560 4407 3789 4472 orandi
3827 4410 4078 4473 ratione
4114 4429 4301 4491 prae-

2355 4494 2619 4576 cipiant,
2656 4514 2788 4557 non
2826 4493 3025 4558 alium
3060 4502 3281 4559 tamen
3315 4494 3542 4560 orandi
3578 4496 3645 4558 in
3684 4494 3921 4577 populo
3958 4516 4074 4559 suo
4110 4516 4304 4559 nsum

2356 4600 2497 4645 esse
2541 4578 2785 4658 vident,
2830 4599 3027 4661 quam
3070 4580 3423 4662 pessimam
3459 4580 3647 4644 illam
3682 4581 3995 4646 orationis
4028 4588 4298 4662 pestem,

2354 4666 2621 4731 inanem
2665 4663 3107 4748 battologiam,
3155 4687 3284 4750 qua
3328 4666 3555 4731 eadem
3601 4666 3877 4731 subinde
3915 4665 4115 4731 verba
4158 4667 4301 4730 sine

2354 4760 2595 4829 mente,
2643 4751 2783 4815 sine
2829 4750 3040 4829 corde,
3088 4752 3230 4817 sine
3274 4753 3631 4831 intellectu,
3676 4754 3930 4837 magico
3967 4772 4147 4815 more
4189 4752 4301 4817 de-

2353 4843 2800 4903 murmurant:
2859 4842 2933 4901 ut
2974 4837 3107 4901 illis
3148 4860 3281 4903 non
3324 4834 3503 4903 aliud
3548 4840 3636 4904 sit
3681 4860 3895 4915 orare,
3954 4858 4151 4919 quam
4195 4859 4301 4902 ro-

2350 4924 2507 4988 sarii
2541 4922 2855 4989 circulum
2889 4923 3208 4990 evolvere.
3276 4926 3512 5009 Atqui,
3550 4925 3672 4990 hoc
3706 4925 3952 4989 malum
3986 4925 4139 5006 quia
4173 4925 4301 4989 nisi

2352 5010 2715 5091 periculose
2773 5009 3097 5092 attingere
3153 5031 3287 5075 non
3344 5011 3521 5089 licet,
3581 5032 3804 5075 secure
3860 5008 4296 5075 dissimulant.

2351 5096 2701 5178 Utcunque
2745 5092 2824 5157 de
2869 5116 3022 5160 vero
3064 5096 3195 5161 Dei
3252 5097 3433 5162 cultu
3486 5094 3838 5161 disserant:
3895 5097 4008 5178 qui
4064 5104 4139 5160 ut
4195 5097 4296 5162 in-

2350 5183 2587 5247 teriore
2630 5179 2844 5246 cordis
2889 5180 3143 5260 fiducia,
3190 5184 3361 5248 seria
3402 5182 3841 5261 invocatione,
3887 5180 4100 5247 laudis
4142 5201 4297 5246 con-

2351 5268 2631 5333 fessione
2675 5274 2945 5344 constat,
2990 5267 3086 5333 ita
3130 5275 3307 5335 totus
3344 5266 3703 5351 spiritualis
3741 5288 3883 5333 esse
3920 5266 4139 5333 debet:
4181 5289 4296 5351 po-

2350 5353 2580 5436 pulum
2626 5360 2848 5417 tamen
2889 5354 3041 5436 quia
3085 5353 3235 5419 inde
3271 5353 3466 5418 avelli
3501 5353 3667 5418 citra
3703 5375 3974 5438 gravem
4009 5352 4297 5420 Satanae

3785 5454 3894 5510 19*
