5100 6061
2020 427 2672 497 PROLEGOMEN
2672 431 2755 496 A.
4183 432 4387 499 XLV

374 618 642 684 doletus
700 618 1040 701 episcopus
1100 615 1776 700 Carpentoractensis‚
1835 638 2077 703 magna
2131 617 2501 702 eloquentia
2543 626 2610 684 et
2654 618 2996 684 literarum
3039 616 3276 683 studiis
3321 616 3565 698 clarus,
3623 639 3746 683 nec
3786 619 4006 685 minus
4048 641 4088 686 a
4128 643 4389 689 morum

377 729 722 796 sanctitate
764 729 1090 809 laudatus,
1137 736 1205 794 et
1249 728 1387 811 ipse
1433 728 1648 812 aliquo
1692 730 2141 795 reformandae
2186 730 2493 796 ecclesiae
2538 729 2856 795 desiderio
2901 737 3115 795 tactus
3170 729 3796 814 augustinianaeque
3838 731 4202 816 theologiae
4243 753 4386 798 ma-

379 842 483 927 gis
529 840 828 906 addictus
871 861 1070 923 quam
1126 855 1466 918 romanae,
1526 838 1640 905 sed
1684 842 1788 907 cui
1834 840 2189 907 schismata
2231 850 2299 906 et
2341 841 2900 907 novaturientium
2943 841 3212 908 licentia
3252 842 3465 907 multo
3515 841 3766 907 maiora
3815 841 4056 908 damna
4106 852 4176 909 et
4212 846 4386 927 peri-

378 951 532 1019 cula
574 952 882 1019 ecclesiae
937 953 1179 1017 inferre
1229 950 1624 1018 videbantur
1664 973 1857 1035 quam
1905 974 2071 1036 quae
2115 951 2213 1016 illi
2269 952 2432 1018 vitia
2483 951 2852 1036 mendaque
2911 953 3297 1019 invidiosius
3351 954 3834 1038 oppugnabant.
3923 955 4026 1019 De
4071 975 4197 1038 quo
4240 957 4385 1022 viro

378 1086 541 1129 sane
597 1065 797 1130 nimis
851 1084 1080 1129 severe
1137 1062 1453 1129 iudicavit
1507 1063 1711 1143 Beza,
1774 1085 1977 1147 quum
2032 1064 2276 1130 diceret
2330 1084 2481 1129 eum
2534 1064 2784 1147 ingenii
2839 1063 3096 1130 dotibus
3151 1064 3235 1129 ad
3283 1058 3582 1131 veritatis
3626 1064 3835 1130 lucem
3890 1066 4387 1148 opprimendam

373 1175 449 1241 in
496 1177 727 1259 primis
782 1175 1059 1240 abusum
1115 1196 1285 1255 esse,
1349 1196 1468 1240 nec
1522 1174 1718 1239 aliam
1774 1175 1856 1240 ob
1909 1197 2173 1242 causam
2225 1176 2296 1239 in
2343 1174 2775 1241 cardinalium
2819 1195 3166 1240 numerum
3212 1175 3560 1255 adscitum,
3606 1196 3803 1259 quam
3845 1186 3920 1241 ut
3964 1197 4123 1260 quos
4166 1185 4389 1262 posset

282 1337 291 1341 -
375 1286 631 1353 colores
674 1286 875 1353 falsae
919 1286 1221 1371 religioni
1263 1285 1623 1351 induceret.
1726 1285 2168 1367 Quantumvis
2208 1288 2383 1352 enim
2440 1286 2705 1352 infirma
2748 1286 3049 1353 decantet
3101 1295 3490 1371 argumenta
3532 1308 3615 1351 ex
3659 1289 3982 1353 constanti
4024 1289 4276 1354 unitate
4319 1295 4387 1355 et

374 1397 760 1466 veneranda
816 1397 1204 1481 antiquitate
1260 1397 1566 1464 ecclesiae
1622 1398 1979 1465 catholicae
2034 1399 2269 1483 petita,
2329 1399 2564 1481 quibus
2609 1398 2922 1464 lectorum
2970 1397 3187 1463 oculos
3231 1387 3297 1461 et
3349 1399 3601 1463 animos
3645 1405 3942 1465 avertere
3986 1409 4261 1467 conatur
4303 1400 4384 1467 ab

377 1510 463 1576 iis
507 1510 966 1576 controversiis
1012 1515 1080 1574 et
1118 1508 1678 1575 criminationibus
1733 1530 1894 1592 quas
1947 1510 2157 1575 nostri
2200 1512 2486 1574 maxime
2529 1531 2767 1593 urgere
2812 1510 3137 1589 solebant,
3194 1529 3329 1574 non
3373 1517 3593 1573 tamen
3638 1518 3737 1575 est
3779 1511 3949 1594 quod
3997 1511 4386 1594 dubitemus,

378 1620 714 1687 sincerum
760 1641 914 1685 eum
957 1621 1187 1699 fuisse,
1244 1627 1311 1685 et
1355 1619 1479 1685 sibi
1531 1641 1922 1704 persuasum
1975 1620 2280 1686 habuisse
2324 1622 2460 1686 fore
2504 1628 2582 1684 ut
2624 1622 2844 1686 omnia
2888 1623 3132 1704 optime
3171 1620 3598 1703 procederent
3637 1621 3718 1685 ad
3760 1624 4073 1688 maiorem
4132 1623 4387 1689 Christi

379 1732 664 1817 gloriam
677 1784 694 1811 ,
742 1733 799 1797 si
843 1731 1330 1797 reformationis
1376 1733 1712 1817 negotium
1757 1732 2204 1816 episcoporum
2257 1732 2525 1817 collegio
2569 1734 3078 1815 permitteretur.
3171 1731 3507 1816 Quidquid
3553 1732 3656 1811 sit,
3701 1753 3922 1798 mense
3965 1733 4181 1817 Aprili
4225 1738 4386 1800 anni

384 1846 559 1908 1539
618 1841 822 1909 edidit
876 1840 1226 1909 Sadoletus
1279 1843 1647 1926 Epistulam
1703 1843 1785 1933 ad
1842 1842 2168 1911 Senatum
2222 1845 2661 1928 populumque
2720 1865 3152 1929 genevensem
3224 1844 3296 1909 in
3350 1863 3481 1927 qua
3534 1843 3681 1908 illos
3737 1844 4028 1910 suaviter
4079 1851 4147 1909 et
4198 1848 4388 1929 quasi

378 1961 662 2040 paterno
706 1955 925 2019 animo
968 1952 1053 2019 ad
1094 1956 1375 2039 pristina
1420 1975 1605 2022 sacra
1648 1963 1714 2021 et
1754 1956 2060 2021 ecclesiae
2104 1975 2413 2021 romanae
2455 1956 2777 2040 gremium
2822 1966 3103 2021 revocat.
3173 1956 3362 2038 Quae
3406 1976 3608 2039 quum
3648 1954 3852 2019 latino
3898 1976 4196 2021 sermone
4230 1977 4387 2022 con-

382 2066 630 2150 scripta
683 2065 916 2146 fuerit,
969 2066 1054 2131 ad
1109 2067 1323 2152 ipsam
1372 2067 1627 2151 plebem
1682 2065 1969 2150 adeoque
2020 2067 2335 2150 plurimos
2394 2068 2674 2133 civitatis
2731 2068 3170 2134 moderatores
3228 2068 3332 2134 vel
3388 2068 3650 2132 omnino
3705 2086 3834 2130 non
3889 2068 4220 2149 pervenit,
4278 2068 4386 2136 vel

382 2176 563 2263 apud
605 2176 868 2243 eosdem
912 2179 1184 2244 minoris
1226 2179 1539 2263 ponderis
1582 2179 1731 2257 fuit,
1793 2176 1994 2262 digna
2035 2186 2256 2243 tamen
2293 2178 2434 2244 visa
2475 2189 2578 2244 est
2615 2178 3008 2245 doctioribus
3051 2181 3158 2245 cui
3203 2179 3388 2245 docte
3444 2187 3510 2244 et
3561 2178 3819 2242 fortiter
3860 2178 4382 2260 responderetur.

381 2290 607 2373 Atque
651 2288 772 2354 has
813 2298 1035 2372 partes
1079 2289 1399 2358 Calvinus
1444 2292 1524 2357 ab
1571 2290 1799 2356 amicis
1843 2289 2165 2356 excitatus
2200 2290 2323 2354 sibi
2369 2291 2675 2373 sumpsit,
2723 2312 2966 2374 suoque
3011 2292 3221 2357 officio
3265 2293 3358 2356 ita
3400 2289 3746 2356 defunctus
3789 2296 3890 2354 est
3932 2298 4007 2353 ut
4047 2291 4389 2376 egregium

381 2399 701 2480 libellum,
749 2407 943 2483 atque
988 2402 1161 2466 inter
1208 2413 1501 2467 caeteros
1542 2408 1861 2467 tractatus
1916 2422 2067 2466 suos
2123 2402 2410 2466 maxime
2453 2403 2902 2485 conspicuum,
2959 2423 3090 2468 non
3133 2403 3353 2468 minus
3397 2402 3532 2468 stili
3576 2399 3900 2485 elegantia
3943 2408 4010 2465 et
4048 2401 4389 2469 luciditate

385 2533 587 2596 quam
633 2510 1093 2597 disputationis
1129 2514 1195 2578 vi
1241 2521 1307 2578 et
1348 2514 1627 2581 veritate
1669 2513 1943 2591 invicta,
2002 2514 2179 2576 intra
2222 2533 2461 2595 paucos
2505 2511 2643 2578 dies
2687 2514 3059 2579 absolverit.
3150 2514 3264 2581 Sic
3323 2512 3498 2578 eriim
3542 2512 3770 2579 scribit
3812 2511 3894 2577 ad
3935 2513 4274 2579 Farellum
4315 2515 4388 2583 in

380 2622 598 2690 literis
641 2624 1084 2708 Argentorato
1128 2624 1528 2690 Neoeomum
1566 2624 1786 2691 missis
1830 2626 1971 2691 sine
2015 2623 2118 2690 die
2162 2632 2228 2690 et
2271 2624 2534 2690 consule
2549 2675 2566 2703 ‚
2612 2647 2888 2707 quarum
2932 2625 3268 2709 exemplar
3309 2622 3674 2709 αὐτόγραφον
3717 2623 4030 2689 Genevae
4084 2624 4385 2710 legimus,

384 2744 456 2800 et
488 2736 560 2800 in
597 2754 675 2800 eo
715 2734 963 2799 Farelli
1001 2736 1491 2800 annotationem
1537 2757 1665 2819 qua
1709 2757 1778 2800 se
1816 2756 2040 2801 mense
2084 2734 2458 2819 Septembri
2502 2756 2612 2801 eas
2657 2737 2981 2820 accepisse
3026 2744 3329 2802 testatur:
3377 2734 3735 2817 Epi-stolam
3773 2733 4054 2801 Sadoleti
4092 2736 4391 2802 attulerat

380 2844 488 2913 hie
535 2844 858 2913 Salaenos.
945 2845 1049 2911 De
1093 2848 1499 2928 responsione
1539 2867 1667 2911 non
1710 2867 1883 2912 eram
1925 2847 2261 2926 sollicitus,
2315 2846 2428 2910 sed
2480 2847 2725 2913 tandem
2776 2869 2872 2913 me
2925 2848 3356 2931 compulerunt
3407 2848 3613 2914 amici.
3705 2845 3893 2912 Ntmc
3935 2867 4012 2912 ea
4051 2867 4149 2913 me
4192 2851 4387 2912 totum

380 2958 659 3024 distinet.
750 2956 900 3021 Erit
942 2978 1102 3039 opm
1149 2957 1543 3023 hemma-on.
1631 2958 1786 3042 Ipsa
1829 2957 1983 3024 vero
2029 2958 2379 3042 disputatio
2423 2957 2732 3024 Calendis
2774 2956 3269 3045 Septembribus
3311 2961 3570 3045 signata
3614 2966 3730 3023 est.

694 3069 1034 3153 Epistolae
1081 3068 1377 3136 Sadoleti
1423 3079 1638 3136 exstat
1680 3073 1748 3136 in
1791 3092 2018 3138 museo
2060 3078 2284 3136 nostro
2329 3070 2663 3154 exemplar
2703 3070 3017 3156 Lugduni
3058 3083 3230 3138 anno
3279 3075 3440 3136 1539
3486 3072 3880 3155 impressum
3925 3078 4021 3150 et,
4066 3069 4196 3136 nisi
4245 3091 4386 3134 om-

383 3181 500 3246 nia
542 3201 668 3248 nos
710 3181 972 3260 fallunt,
1020 3182 1315 3247 omnium
1358 3183 1914 3266 antiquissimum,
1971 3183 2167 3266 idque
2210 3203 2328 3265 pro
2371 3175 2666 3267 tempore
2719 3183 2988 3250 unicum
3031 3183 3204 3269 quod
3256 3182 3471 3249 adhuc
3524 3182 3816 3267 reperire
3866 3179 4055 3249 nobis
4108 3181 4387 3266 contigit

381 3293 456 3359 in
498 3291 802 3376 plurimis
846 3314 1010 3376 quas
1055 3293 1540 3376 exploravimus
1582 3293 2007 3361 bibliothecis.
2099 3293 2325 3375 Quum
2369 3293 2633 3361 Calvini
2676 3316 3065 3379 responsum
3109 3297 3168 3360 ei
3211 3318 3345 3362 non
3388 3293 3680 3361 additum
3725 3295 3840 3375 sit,
3890 3293 4078 3359 facile
4120 3294 4384 3360 coniici-

386 3424 536 3471 mus
578 3402 749 3469 illud
782 3426 823 3470 a
863 3405 1215 3488 pontificiis
1259 3410 1452 3488 atque
1503 3407 1713 3490 ipsius
1756 3405 2107 3473 cardinalis
2150 3406 2333 3471 iussu
2377 3427 2689 3473 excusum
2744 3408 2944 3474 fiaisse
3001 3407 3198 3474 simul
3243 3429 3319 3474 ac
3362 3406 3443 3472 ab
3488 3416 3718 3482 autore
3769 3413 4113 3486 exaratum
4166 3405 4387 3471 fuerit.

380 3515 619 3600 Itaque
664 3514 749 3580 ad
788 3514 956 3580 illud
997 3517 1286 3581 maxime
1331 3523 1588 3581 textum
1632 3526 1930 3583 nostrum
1976 3519 2377 3583 conformare
2419 3539 2555 3583 non
2598 3517 3062 3584 dubitavimus.
3149 3519 3408 3585 Titulus
3452 3526 3578 3585 est:

695 3612 1120 3698 IACOBI
1239 3613 1434 3698 SA·
1467 3614 1474 3729 Ι
1507 3628 1863 3696 DOLETI
1916 3628 2218 3696 ROMA·
2244 3629 2255 3717 Ι
2279 3638 2360 3694 NI
2415 3638 2763 3694 CARDINA·
2789 3631 2939 3708 '1218
2988 3627 3343 3713 sEpistola
3404 3630 3489 3697 ad
3554 3629 3875 3697 Senatum
3928 3628 4388 3712 Populumque

383 3736 739 3806 Geneuen-
766 3740 775 3824 Ι
799 3753 957 3818 s'em,
1003 3761 1131 3823 qua
1173 3740 1244 3804 in
1289 3739 1725 3806 obedientiam
1759 3741 2045 3807 Romani
2077 3741 2354 3807 Pontifi-
2380 3739 2391 3829 Ι
2417 3741 2508 3807 eis
2542 3760 2655 3806 eos
2689 3740 3002 3808 reducere
3036 3749 3325 3808 conatur.
3399 3749 3752 3817 (Enblema.)
3824 3749 4154 3804 LVGDVNI
4188 3748 4386 3802 APVD

380 3859 531 3915 sas.
568 3857 581 3926 ι
621 3858 1024 3932 aarrnrvm,
1059 3858 1070 3928 ι
1116 3855 1299 3917 1539.
2442 3901 2449 3924 .

701 3960 1052 4027 Emblema
1097 3964 1366 4029 exhibet
1406 3966 1685 4050 figuram
1731 3965 1971 4051 gryphi
2017 3964 2275 4045 cistam,
2330 3985 2494 4048 quae
2538 3961 2826 4043 videtur,
2884 3965 3023 4030 sive
3075 3962 3358 4047 lapidem
3402 3965 3505 4030 vel
3551 3964 3748 4030 aliam
3789 3960 3857 4026 id
3899 3982 4108 4046 genus
4146 3959 4389 4025 molem

381 4072 601 4137 forma
652 4073 1252 4155 παραλληλεπίπεδον
1308 4097 1531 4160 ungue
1584 4077 2014 4157 sublevantis,
2073 4098 2154 4141 ex
2206 4096 2335 4159 qua
2383 4075 2628 4160 pendet
2682 4075 2911 4161 globus
2967 4075 3209 4156 alatus,
3265 4075 3622 4160 epigraphe
3676 4074 3984 4158 utrinque
4027 4071 4388 4154 adscripta:

376 4182 803 4250 VIRTVTE
849 4184 1102 4251 DVCE
1144 4185 1154 4269 Ι
1192 4185 1545 4253 ΟΟΜΙΤΕ
1587 4187 1897 4255 FORTV
1904 4188 1969 4254 N
1969 4189 2050 4255 A.
2140 4188 2386 4253 Forma
2438 4187 2589 4253 libri
2643 4187 3060 4271 quaternaria
3111 4189 3353 4269 minor,
3407 4186 3710 4273 plagulae
3765 4193 4045 4278 quatuor
4086 4183 4387 4270 (A—D),

374 4295 669 4380 paginae
709 4303 1089 4362 numeratae
1135 4298 1408 4383 triginta
1452 4306 1519 4364 et
1561 4321 1711 4365 una.
1780 4301 1951 4386 Typi
1989 4298 2270 4385 grandes
2313 4306 2380 4364 et
2422 4296 2828 4384 spectabiles.
2898 4298 3308 4384 Subscriptio
3349 4301 3593 4385 legitur
3636 4297 3912 4364 seorsim
3951 4297 4163 4383 posita
4194 4296 4386 4363 haec.

374 4405 889 4490 Carpentoracti
942 4407 1098 4473 XV.
1163 4409 1433 4476 Calend.
1495 4410 1771 4494 Aprilis,
1831 4412 1923 4477 M.
1979 4411 2063 4476 D.
2120 4411 2457 4477 XXXIX.
2547 4411 2738 4493 Quae
2791 4418 3013 4477 tamen
3067 4411 3151 4478 ad
3206 4413 3416 4496 ipsam
3471 4409 3810 4495 epistolam
3862 4410 4149 4562 pertinet
4203 4411 4388 4475 cuius

379 4515 564 4582 diem
606 4517 901 4583 natalem
944 4519 1250 4601 declarat,
1295 4542 1428 4587 non
1466 4544 1623 4588 vero
1669 4522 2062 4609 typographi
2104 4544 2367 4607 operam
2412 4542 2489 4586 eo
2533 4521 2637 4588 die
2678 4522 2930 4588 finitam
2973 4521 3230 4589 indicat.

697 4628 964 4695 Calvini
1010 4632 1343 4715 responsio
1388 4633 1530 4717 ipso
1584 4641 1855 4700 curante
1912 4641 1980 4700 et
2032 4634 2615 4717 superintendente
2674 4632 2851 4700 edita
2904 4641 3004 4700 est
3045 4633 3472 4718 Argentorati
3521 4654 3747 4699 mense
3789 4631 4162 4718 Septembri
4216 4631 4388 4697 eius-

373 4738 539 4806 dem
594 4742 782 4821 anni,
850 4750 927 4808 ut
982 4743 1116 4808 iam
1173 4744 1706 4830 significavimus.
1770 4744 1981 4812 .Haec
2046 4747 2244 4812 editio
2297 4746 2602 4831 princeps
2654 4747 2839 4812 cuius
2890 4753 3145 4810 textum
3205 4767 3553 4830 sequemur
3605 4748 3677 4810 in
3731 4743 4095 4813 recudendo
4147 4742 4386 4822 libello,

370 4850 565 4918 hunc
608 4852 811 4918 habet
852 4854 1148 4918 titulum:

693 4950 1119 5036 IAOOBI
1173 4951 1184 5056 Ι
1241 4964 1715 5035 SADOLETI
1770 4967 2072 5034 ROMA·
2097 4969 2107 5054 Ι
2132 4957 2219 5039 ni
2282 4956 2752 5040 Cardinalis
2812 4955 3208 5068 Epistola
3267 4956 3374 5039 ad
3437 4955 3700 5040 Sena,-
3735 4953 3743 5070 Ι
3774 4974 3903 5032 tum
3952 4965 4388 5048 populumque

379 5089 850 5173 Geneumzsem,
894 5115 1024 5176 qua
1070 5095 1141 5158 in
1182 5094 1309 5159 obe-
1334 5093 1344 5181 Ι
1368 5096 1669 5161 dientiam
1715 5096 1994 5162 Romani
2040 5097 2369 5179 Pontificis
2409 5118 2512 5164 eos
2562 5098 2572 5183 Ι
2622 5098 2912 5163 reducere
2950 5102 3225 5163 conatur.
3267 5096 3276 5182 Ι
3413 5085 3750 5168 Ioannis
3813 5082 4147 5166 Caluinl
4205 5081 4386 5165 Re-

373 5234 749 5318 8ΡΟΠΒΙΟ·
809 5207 823 5312 Ι
925 5206 1429 5322 Iryenlorati
1445 5234 1598 5324 per
1636 5207 1705 5301 V
1695 5210 2179 5304 wendelmum
2226 5209 2234 5325 Ι
2273 5225 2613 5292 Rihezium.
2662 5225 2671 5310 Ι
2713 5213 3012 5296 Mense
3043 5212 3545 5326 Septembri.
3603 5220 3614 5322 Ι
3673 5231 3874 5287 ANNo
3919 5232 3995 5286 ia
4032 5232 4098 5286 D
4133 5232 4384 5287 xxxix.

693 5331 941 5397 Forma
980 5344 1083 5400 est
1130 5335 1463 5402 octonaria
1504 5334 1795 5418 minima,
1839 5340 2296 5422 quaterniones
2340 5344 2495 5404 sunt
2536 5359 2654 5404 sex
2709 5336 3211 5423 (A—F),1olia
3267 5338 3428 5424 (non
3471 5335 3783 5421 paginae)
3838 5343 4183 5400 numerata
4225 5354 4386 5417 qua-
