5100 6061
740 415 817 477 31
2372 411 2500 479 DE
2537 410 3097 479 OLEMIEM'PIA
4663 415 4745 479 32

731 602 948 667 fitiari.
1049 600 1273 683 Quum
1348 606 1569 666 autem
1637 602 1806 669 hanc
1866 602 2334 668 confessionem
2389 600 2684 666 tardissi-

731 710 910 752 mam
973 694 1190 764 vocat,
1271 686 1505 752 alludit
1532 686 1649 791 ⁴ad
1718 687 1901 752 illam
1962 686 2223 751 Horatii
2289 688 2685 752 sententiam

734 771 954 858 Satyr.
997 774 1078 839 I.:

973 859 1075 944 Qui
1112 875 1174 929 fit
1208 876 1513 943 Maecenas,
1552 884 1611 929 ut
1643 891 1800 929 nemo
1837 891 1997 944 quam
2034 876 2132 930 sibi
2168 885 2369 931 sortem

974 944 1080 999 Seu
1117 946 1255 998 ratio
1292 943 1500 998 dederit
1553 960 1648 998 seu
1684 944 1797 997 fors
1834 945 2108 1012 obiecerit,
2146 944 2241 998 illa

973 1014 1267 1080 Contentus
1301 1013 1462 1079 vivat,
1499 987 1683 1066 laudet
1717 1012 1930 1067 diversa
1966 1014 2292 1083 sequentes?

905 1100 1025 1164 Ius
1086 1118 1288 1181 supra
1353 1099 1659 1162 iniuriam
1696 1120 1703 1127 ²
1713 1096 2023 1185 positum]
2095 1098 2387 1162 Iniuriae
2443 1121 2683 1165 nomen

731 1186 913 1251 varie
956 1186 1158 1266 accipi
1200 1190 1424 1267 potest.
1509 1182 1586 1248 Si
1628 1184 2089 1249 contumeliam
2133 1183 2484 1269 intelligas,
2532 1207 2682 1250 sen-

731 1294 843 1338 sus
888 1273 1036 1337 erit:
1090 1272 1348 1353 Legum
1392 1268 1710 1352 praesidio
1768 1272 1861 1335 sic
1904 1291 2047 1336 esse
2098 1273 2387 1334 munitos
2426 1270 2539 1355 qui
2583 1272 2682 1336 in-

730 1359 935 1422 iuriae
978 1365 1130 1422 sunt
1173 1356 1469 1432 obnoxii,
1516 1377 1597 1420 ne
1641 1357 1931 1438 potentia
1973 1362 2088 1421 aut
2130 1355 2406 1421 factione
2450 1356 2682 1422 adver-

730 1444 1051 1509 sariorum
1094 1443 1560 1524 opprimantur.
1649 1441 1839 1521 Nam,
1889 1449 1963 1505 ut
2005 1442 2098 1506 ait
2142 1440 2436 1519 Ovidius,

1002 1544 1132 1598 Inde
1170 1543 1329 1599 datae
1367 1545 1534 1613 leges,
1570 1560 1639 1597 ne
1673 1544 1867 1597 fortior
1903 1545 2079 1597 omnia
2112 1551 2317 1612 posset.

727 1631 959 1697 Malim
1028 1638 1251 1695 tamen
1321 1631 1427 1694 hic
1497 1630 1917 1711 interpretari
1989 1631 2431 1713 iniquitatem,
2498 1632 2685 1713 quasi

727 1739 859 1782 non
902 1716 1160 1794 iuriam,
1192 1716 1236 1795 ¹)
1293 1716 1482 1779 iuxta
1525 1715 1710 1780 verbi
1755 1722 2055 1798 etymon,
2116 1724 2186 1781 ut
2231 1716 2418 1783 docet
2455 1717 2685 1801 Ulpia-

728 1825 853 1869 nus
908 1804 979 1866 in
1032 1801 1199 1866 libro
1242 1801 1295 1865 I.
1334 1801 1400 1865 ff.
1459 1800 1538 1864 de
1576 1802 1866 1881 iniuriis;
1924 1810 1998 1866 ut
2052 1802 2433 1885 simpliciter
2477 1804 2683 1887 signi-

588 1956 607 1965 ,
726 1891 878 1954 ficet
929 1908 1066 1952 non
1125 1907 1268 1952 esse
1323 1886 1540 1950 locum
1592 1887 1896 1965 iniuriae,
1953 1889 2066 1953 ubi
2113 1890 2255 1953 iure
2312 1897 2380 1953 et
2431 1888 2684 1973 legibus

727 1974 949 2040 omnia
992 1972 1556 2037 administrantur.
1648 1977 1793 2051 [pag.
1842 1979 1943 2052 19]
1991 1972 2215 2054 Quum
2261 1974 2321 2039 le
2368 1997 2440 2040 es
2486 1974 2685 2040 silent

726 2061 904 2126 inter
957 2079 1168 2136 arma,
1225 2079 1428 2139 quum
1484 2056 1774 2123 iudicum
1841 2061 2198 2125 sententiae
2249 2082 2320 2125 re
2371 2062 2679 2138 ‘muntur‚

727 2148 882 2213 socii
936 2146 1203 2226 impunc
1261 2144 1652 2225 spoliantur,
1724 2166 1949 2210 omnes
2014 2146 2407 2228 reipublicae
2461 2155 2682 2230 partes

727 2228 1258 2314 constuprantur,
1305 2244 1464 2293 tunc
1508 2230 1748 2295 iniuria
1801 2231 1941 2296 iure
1985 2232 2298 2315 superior.
2389 2234 2483 2298 At
2529 2254 2683 2298 vero

727 2318 841 2383 ubi
895 2337 1026 2380 non
1081 2336 1410 2380 armorum
1468 2315 1733 2381 licentia
1786 2317 2090 2382 disiectae
2149 2317 2358 2402 leges,
2425 2318 2564 2383 ubi-
2583 2319 2684 2383 iu-

729 2403 897 2469 dicia
939 2404 1342 2483 incorrupta,
1390 2400 1608 2467 nullae
1652 2404 1974 2468 sociorum
2017 2406 2497 2486 oppressiones,
2544 2426 2684 2468 om-

730 2490 842 2554 nia
895 2487 1287 2570 reipublicae
1350 2487 1646 2553 membra
1702 2491 1862 2554 bene
1915 2489 2298 2572 composita,
2354 2491 2456 2556 ius
2509 2489 2684 2556 iniu-

730 2576 893 2641 riam
942 2581 1220 2656 superat.
2404 2656 2409 2659 ,

907 2658 1029 2726 Oai
1092 2660 1177 2724 ad
1229 2679 1544 2724 summam
1607 2660 1949 2727 libertatem
2017 2660 2181 2726 nihil
2244 2658 2439 2748 dee-et]
2523 2662 2684 2726 Pro-

729 2748 927 2830 lepsis
972 2746 1054 2810 ad
1100 2746 1363 2811 tacitam
1407 2746 1848 2812 obiectionem.
1939 2748 2173 2813 Posset
2215 2748 2394 2812 enim
2428 2747 2681 2831 aliquis,

730 2834 814 2899 ad
858 2853 1179 2898 summam
1224 2832 1448 2914 populi
1481 2832 1858 2899 felicitatem
1888 2832 2259 2898 libertatem
2295 2833 2684 2912 desiderare,

730 2941 857 3003 qua
922 2917 1085 2982 nihil
1151 2917 1496 3000 pretiosius
1562 2920 1992 2985 aestimabant
2057 2920 2367 2984 Romani:
2447 2941 2685 3003 nempe

731 3007 841 3089 qui
886 3006 1249 3089 ingenuum
1293 3025 1434 3069 esse
1479 3005 1805 3085 ducerent,
1845 3005 2058 3089 potius
2101 3005 2200 3072 bis
2244 3006 2439 3082 mori,
2487 3026 2685 3088 quam

729 3093 994 3157 servire.
1086 3088 1529 3169 Quamobrem
1592 3091 1774 3156 addit
1825 3092 2196 3157 libertatem
2250 3091 2333 3156 ad
2385 3113 2462 3157 ea
2515 3093 2686 3158 bona

729 3176 966 3261 quibus
1001 3177 1315 3259 principis
1352 3175 1737 3242 liberalitate
1763 3178 2040 3261 populus
2062 3177 2417 3243 fruebatur.
2466 3176 2684 3258 Quam

729 3272 951 3328 tamen
1009 3269 1280 3326 eatenus
1324 3269 1687 3346 temperat,
1745 3284 1829 3328 ne
1876 3272 2175 3329 vertatur
2227 3264 2298 3327 in
2354 3264 2683 3330 licentiam

729 3345 1062 3432 pereundi.
1153 3347 1379 3429 Neque
1436 3348 1561 3414 hoc
1604 3350 1852 3431 agitur,
1915 3358 1989 3414 ut
2037 3349 2419 3415 monarchia
2462 3350 2682 3415 demo-

730 3435 971 3500 cratiae
1036 3433 1469 3515 praeferatur,
1525 3442 1640 3498 aut
1696 3436 2162 3501 aristocratiae:
2223 3435 2338 3501 sed
2392 3458 2531 3501 rem
2578 3457 2681 3500 ro·

728 3540 997 3584 manam
1042 3539 1118 3582 eo
1163 3519 1292 3582 iam
1343 3518 1686 3584 devenisse
1730 3521 1978 3600 innuit,
2025 3530 2099 3586 ut
2145 3529 2317 3587 stare
2360 3544 2491 3587 non
2533 3543 2682 3605 pos-

731 3606 818 3669 sit
852 3606 1003 3670 -sine
1055 3604 1375 3670 libertatis
1427 3612 1961 3688 temperamento.
2053 3607 2136 3672 In
2180 3629 2373 3691 quam
2418 3619 2682 3673 senten-

728 3693 890 3756 tiam
932 3692 1270 3755 Lucanus:

935 3792 1123 3846 Invida
1157 3791 1390 3845 fatorum
1427 3794 1610 3862 series,
1649 3795 1969 3863 summisque
2006 3803 2255 3864 negatum

937 3861 1093 3915 Stare
1130 3859 1236 3926 diu,
1273 3861 1539 3929 nimioque
1577 3878 1768 3930 graves
1807 3864 1904 3917 sub
1940 3865 2179 3932 pondere
2217 3866 2420 3934 lapsuS,

934 3930 1051 3984 Nec
1088 3945 1146 3982 se
1186 3929 1355 3982 Roma
1390 3931 1588 3984 ferenS.

727 4017 1045 4082 Horatius
1087 4016 1157 4079 in
1202 4014 1482 4098 Epodis:

1209 4117 1330 4172 Suis
1367 4126 1424 4172 et
1457 4119 1576 4187 ipsa
1612 4119 1783 4173 Roma
1820 4122 2018 4176 viribus
2054 4123 2175 4175 ruit.

729 4207 1197 4290 Imposuerunt
1255 4205 1430 4268 enim
1484 4205 1607 4287 ipsi
1672 4204 1801 4280 sibi
1866 4208 2280 4294 monarchiae
2334 4211 2682 4275 necessita—

730 4300 897 4369 tem,
951 4312 1154 4374 quum
1207 4288 1369 4354 illud
1427 4311 1660 4373 corpus
1732 4292 1898 4356 bene
1962 4303 2368 4376 compactum
2432 4298 2683 4360 mutuis

727 4378 1121 4444 factionibus
1176 4375 1592 4459 dissiparunt.
1682 4376 1877 4443 Nunc
1918 4378 2001 4444 ad
2047 4381 2245 4445 verba
2288 4382 2534 4448 autoris
2580 4381 2683 4447 re-

730 4465 1053 4538 deamus„
1119 4460 1369 4526 Omnes
1423 4464 1558 4527 fere
1623 4465 2080 4548 panegyristae
2144 4467 2320 4531 inter
2372 4468 2684 4550 principis

726 4550 955 4615 laudes
998 4548 1310 4628 temporis
1356 4549 1460 4612 sui
1499 4548 1870 4614 libertatem
1914 4561 2325 4616 enumerant:
2383 4562 2459 4617 ut
2501 4555 2684 4618 Mar-

729 4637 902 4701 tialis
945 4633 1051 4698 lib.
1100 4632 1217 4696 V.:

1109 4733 1220 4789 Sub
1257 4752 1359 4803 quo
1396 4737 1619 4792 libertas
1652 4739 1892 4807 principe
1931 4746 2082 4793 tanta
2116 4739 2234 4794 fuit.

730 4821 1123 4908 Imperatori
1179 4842 1312 4885 non
1364 4828 1499 4886 tam
1556 4845 1834 4908 regnum
1850 4875 1865 4901 ,
1931 4846 2126 4907 quam
2165 4823 2686 4908 procurationem

733 4909 1059 4994 quandam
1104 4908 1361 4974 civilem
1416 4920 1734 4974 asserunt
1826 4908 2333 4976 Observandum
2390 4920 2491 4978 est
2534 4934 2683 4978 ver-

733 4995 890 5060 bum
932 4994 1236 5059 licentiae
1282 4993 1387 5060 hie
1432 4995 1715 5077 positum
1760 4996 1830 5059 in
1864 4996 2104 5060 malam
2139 5005 2411 5081 partem,
2458 5020 2684 5081 quem-

735 5081 1085 5145 admodum
1164 5081 1299 5145 fere
1363 5081 1673 5163 accipitur
1743 5081 1916 5164 apud
1991 5092 2274 5150 autores:
2353 5093 2429 5149 ut
2490 5084 2687 5151 Valla

769 5373 776 5382 ·
875 5337 933 5406 1)
973 5336 1084 5391 Ed.
1118 5335 1287 5392 Amet.
1325 5344 1377 5393 et
1410 5338 1555 5392 aliae
1588 5337 1912 5396 nonnullae:
1945 5339 2206 5396 iniuriam.

2789 601 3141 666 annotavit.
3258 600 3708 683 Quintilianus
3774 595 3940 666 libro
3986 601 4144 666 1th
4216 599 4406 682 Quae
4469 601 4538 666 in
4604 602 4747 667 aliis

2788 687 3055 753 libertas
3097 696 3229 762 est,
3288 689 3358 752 in
3412 688 3557 753 aliis
3612 687 3876 753 licentia
3919 695 4211 752 vocatur.
4302 686 4538 753 Livius
4581 688 4746 753 libro

2788 774 2908 838 IV.
2955 773 3110 838 belli
3146 772 3514 839 Macedon:
3562 771 3883 839 Omnium
3927 794 4152 859 rerum
4188 772 4575 853 libertatem,
4615 774 4746 839 imo

2788 860 3151 938 licentiam,
3198 860 3253 924 si
3296 880 3454 926 vera
3497 858 3711 923 dicere
3756 860 4090 937 volumus,
4138 857 4528 924 desiderant.
4618 861 4747 924 Er-

2788 955 2895 1009 rat
2946 956 3161 1009 tamen
3218 945 3561 1023 Erasmus,
3622 964 3777 1027 pace
3832 946 3972 1010 eius
4014 945 4326 1022 dixerim,
4393 946 4505 1029 qui
4546 952 4747 1029 negat

2787 1031 2857 1095 in
2914 1032 3150 1096 bonam
3200 1038 3458 1114 partem
3511 1032 3817 1114 usurpari
3878 1052 4068 1114 posse
4123 1032 4265 1096 sine
4324 1030 4742 1098 barbarismo·

2787 1117 2961 1181 Nam
3026 1124 3103 1180 ut
3169 1118 3466 1181 omittam
3530 1117 4023 1181 iurisconsultos
4101 1116 4332 1200 probos
4397 1116 4746 1183 latinitatis

2789 1211 3050 1268 autores
3067 1254 3083 1281 ,
3143 1201 3379 1285 quibus
3433 1202 3554 1268 hoe
3612 1201 3883 1267 verbum
3937 1210 4038 1267 est
4100 1202 4455 1268 identidem
4499 1205 4570 1268 in
4612 1224 4743 1283 ore,

2788 1310 2923 1353 non
2958 1289 3288 1353 abstinent
3325 1287 3437 1352 alii
3473 1288 3743 1353 classici.
3814 1289 4044 1355 Cicero
4081 1286 4269 1355 Offic.
4308 1289 4395 1354 I.:
4442 1289 4536 1354 Ut
4569 1289 4747 1353 enim

2788 1375 3009 1457 pueris
3076 1395 3207 1438 non
3264 1394 3521 1438 omnem
3582 1374 3917 1440 licentiam
3980 1374 4247 1439 ludendi
4302 1373 4564 1453 damus,
4630 1374 4746 1440 sed

2788 1481 2933 1525 eam
2976 1481 3140 1542 quae
3184 1461 3265 1524 ab
3311 1460 3600 1524 honestis
3645 1460 4008 1526 actionibus
4052 1481 4186 1524 non
4230 1463 4309 1525 fit
4352 1461 4582 1525 aliena.
4649 1461 4746 1525 Et

2790 1544 3136 1610 Cornelius
3193 1546 3484 1611 Tacitus:
3541 1545 3648 1610 Ad
3705 1568 3782 1611 ea
3835 1545 4096 1611 Drusus
4153 1568 4354 1628 quum
4399 1547 4746 1612 arbitrium

2791 1641 3057 1711 senatus
3104 1643 3170 1696 et
3211 1632 3418 1714 patris
3463 1632 3860 1709 obtenderet,
3909 1632 4191 1697 clamore
4236 1633 4569 1711 turbatur,
4627 1654 4747 1698 eur

2790 1719 3075 1783 venisset
3127 1739 3337 1799 neque
3394 1716 3711 1800 augendis
3764 1719 4049 1782 militum
4094 1718 4437 1801 stipendiis
4456 1770 4471 1796 ,
4533 1740 4744 1801 neque

2791 1803 3169 1868 adlevandis
3211 1802 3569 1880 laboribus,
3632 1803 3909 1887 denique
3954 1804 4136 1868 nulla
4181 1804 4621 1869 benefaciendi
4662 1804 4744 1868 li-

2789 1892 3020 1956 centia.
3110 1888 3296 1954 Idem
3352 1887 3460 1953 lib.
3503 1888 3723 1954 XIV.:
3787 1891 4140 1954 Caeterum
4185 1911 4283 1970 se,
4344 1891 4455 1973 qui
4498 1892 4744 1955 severi-

2788 1984 2993 2041 tatem
3044 1974 3536 2041 decernentium
3585 1976 4018 2058 impediturus
4069 1976 4298 2053 fuerit,
4357 1975 4746 2041 moderatio-

2790 2083 2942 2126 nem
2986 2081 3121 2125 non
3165 2060 3539 2144 prohibere3
3584 2062 3953 2126 statuerent
3991 2070 4065 2125 ut
4099 2062 4364 2140 vellent,
4413 2062 4632 2126 datam
4676 2070 4746 2127 et

2787 2147 3167 2212 absolvendi
3209 2146 3560 2212 licentiam.
3650 2147 3821 2211 Nam
3866 2147 4112 2212 Iulium
4158 2146 4606 2230 Capitolinum
4647 2149 4743 2213 al·
4816 2224 4830 2233 ,

2785 2234 3003 2317 legare
3055 2233 3231 2311 nole,
3290 2234 3402 2315 qui
3446 2242 3735 2299 veterem
3787 2235 4039 2297 romani
4080 2236 4397 2299 sermonis
4444 2239 4593 2313 [pag.
4633 2239 4743 2313 20]

2786 2321 3144 2403 puritatem
3186 2319 3520 2383 interdum
3564 2319 3858 2403 negligit.
4255 2375 4267 2383 .

2964 2403 3222 2471 Caetera
3264 2405 3421 2469 bona
3464 2426 3589 2486 pro
3632 2406 3923 2487 portione
3974 2403 4297 2491 fortunae]
4356 2406 4627 2472 ‘Potest
4678 2413 4747 2471 et

2788 2489 3052 2557 divisim
3108 2490 3273 2574 legi,
3330 2512 3444 2574 pro
3489 2492 3798 2573 portione,
3843 2499 3909 2555 et
3953 2499 4028 2556 ut
4070 2492 4158 2556 sit
4199 2513 4406 2555 unum
4449 2491 4742 2571 verbum,

2712 2600 2728 2614 ’
2788 2598 2919 2642 uno
2974 2576 3331 2659 eodemque
3397 2586 3611 2641 stante
3676 2597 3888 2642 sensu.
3995 2577 4339 2659 Propertio
4392 2585 4492 2643 est
4548 2598 4746 2661 quam

3819 2662 4012 2728 Unde
4078 2663 4253 2746 apud
4318 2663 4747 2729 Aristotelem

2790 2748 2899 2813 lib.
2950 2748 3031 2813 V.
3084 2749 3474 2815 Ethicorum
3528 2749 3636 2813 ius
3693 2748 4078 2832 analogum,
4138 2749 4324 2832 quasi
4379 2751 4746 2831 proportio-

2790 2835 2938 2898 nale
2983 2836 3087 2918 (ut
3129 2836 3220 2898 ita
3263 2834 3503 2918 dicam)
3547 2833 3719 2917 quod
3760 2836 3832 2898 in
3879 2834 4347 2900 distribuendis
4390 2834 4745 2901 honoribus

2789 2930 3107 2998 versatur,
3153 2921 3630 3003 comparatione
3664 2922 3967 3003 utrinque
4005 2922 4242 2986 habita.
4308 2916 4557 2986 Probat
4589 2942 4746 3006 ergo

2790 3004 3043 3072 Seneca
3085 3007 3347 3072 virtutis
3392 3006 3587 3072 huius
3625 3006 4077 3073 excellentiam
4122 3006 4202 3072 ab
4242 3007 4544 3086 utilitate,
4592 3009 4748 3091 quia

2789 3095 3072 3157 maxime
3114 3094 3200 3158 sit
3260 3093 3626 3176 popularis:
3682 3095 3868 3158 cuius
3922 3095 4175 3159 fructus
4221 3093 4304 3157 ad
4346 3114 4573 3158 omnes
4615 3098 4745 3160 rei-

2787 3179 3084 3262 publicae
3126 3178 3386 3244 ordines
3428 3180 3770 3262 pertineat.
3861 3180 4253 3245 Liberalitas
4299 3180 4566 3271 quidem
4609 3182 4743 3244 vir-

2791 2663 3033 2728 Graeci
3086 2661 3404 2744 ἀναλογίαν
3457 2671 3709 2729 vocant.

2787 3273 2893 3329 tus
2946 3273 3046 3330 est
3097 3287 3249 3329 vere
3306 3265 3514 3349 regia,
3571 3264 3686 3329 sed
3743 3287 3875 3330 non
3917 3265 4188 3349 perinde
4231 3267 4300 3330 in
4344 3286 4572 3330 omnes
4620 3264 4744 3331 dif-
4827 3271 4844 3276 ”
4925 3335 4948 3348 ,

2787 3351 3101 3415 funditur.
3204 3352 3286 3416 In
3343 3351 3836 3434 magistratibus
3881 3351 4228 3435 eligendis,
4287 3352 4357 3415 in
4403 3351 4744 3417 conferen-

2788 3437 2888 3502 dis
2935 3437 3362 3520 dignitatibus
3417 3436 3610 3501 debet
3675 3438 3926 3522 habere·
3971 3437 4274 3521 princeps
4328 3459 4487 3520 prae
4541 3437 4745 3503 oculis

2786 3523 2890 3588 ius
2924 3522 3089 3588 illud
3126 3523 3497 3607 analogum,
3537 3544 3619 3587 ne
3655 3525 3740 3588 sit
3782 3524 4006 3607 iniqua
4041 3522 4428 3589 distributio.
4520 3521 4746 3603 Quare

2788 3630 2920 3673 non
2975 3616 3188 3692 potest
3241 3609 3705 3674 liberalitatem
3758 3610 4124 3691 promiscue
4179 3628 4502 3674 exercere.
4594 3608 4746 3674 Cle-

2788 3697 3072 3760 mentiae
3117 3697 3320 3760 vitam
3366 3702 3693 3777 acceptam
3730 3695 4184 3759 indifferenter
4226 3695 4468 3773 ferunt,
4508 3695 4748 3777 quibus

2787 3782 3111 3863 parcitum
3156 3789 3273 3860 est,
3319 3782 3459 3846 sive
3502 3781 3811 3845 senatorii
3856 3782 3990 3844 sint
4035 3780 4302 3860 ordiniS,
4340 3780 4481 3846 sive
4518 3782 4748 3846 infima

2772 3866 2870 3931 -de
2913 3866 3119 3949 plebis
3163 3867 3356 3932 faece.

2966 3953 3096 4017 Nec
3138 3958 3230 4016 est
3269 3950 3631 4038 quisquam]
3691 3953 3815 4017 Est
3870 3953 4231 4034 occupatio,
4291 3972 4457 4033 quae
4504 3951 4745 4017 transi-

2789 4048 2932 4103 tum
2974 4038 3132 4103 facit
3174 4038 3255 4102 ad
3301 4039 3673 4121 proximum
3718 4046 3941 4121 eaput,
3999 4058 4083 4101 ne
4128 4038 4232 4103 cui
4276 4037 4577 4103 videatur
4619 4038 4745 4102 mi-

2790 4146 2915 4188 nus
2960 4124 3253 4189 consulte
3309 4123 3585 4202 dietum,
3644 4144 3872 4189 omnes
3927 4122 4105 4187 idem*
4145 4144 4184 4186 a
4227 4123 4574 4188 clementia
4628 4145 4744 4187 ex-

2789 4218 3101 4292 spectare,
3149 4212 3455 4291 quoniam
3497 4209 3901 4288 innoeentes,
3945 4209 4059 4291 qui
4102 4209 4536 4275 conscientiae
4574 4207 4745 4274 fidu-

2789 4298 2890 4361 cia
2936 4297 3254 4371 nituntur,
3301 4295 3538 4360 nolunt
3576 4295 3697 4359 sibi
3733 4296 3981 4379 ignosci
4027 4297 4083 4359 si
4126 4294 4283 4377 quid
4328 4294 4743 4377 deliquerint.

2790 4383 2966 4447 Hinc
3019 4381 3132 4445 illa
3187 4381 3455 4446 Catonis
3511 4402 3641 4447 vox
3693 4381 3888 4464 plena
3947 4381 4344 4459 securitatis,
4406 4401 4476 4446 se
4532 4383 4747 4464 gratia

2789 4489 2983 4550 quam
3020 4488 3102 4530 ex
3138 4467 3489 4532 benefactis
3525 4467 3961 4550 exspectabat,
4009 4468 4254 4549 privari
4288 4466 4502 4546 malle,
4545 4487 4749 4550 quam

2789 4573 2920 4617 non
2966 4553 3145 4617 luere
3190 4573 3469 4635 poenam
3513 4573 3677 4635 quae
3720 4574 3804 4616 ex
3846 4553 4165 4618 maleficio
4206 4553 4327 4619 sibi
4373 4551 4743 4617 deberetlu.

2789 4638 3043 4702 Verum
3099 4637 3353 4704 Seneca
3406 4638 3592 4717 dicit,
3652 4638 3908 4703 nullum
3962 4639 4286 4704 obstinate
4329 4639 4490 4703 adeo
4540 4637 4748 4703 fidere

2789 4725 3242 4802 conscientiae,
3290 4734 3367 4788 ut
3406 4746 3537 4790 non
3577 4724 3766 4788 malit
3809 4727 4069 4790 veniam
4114 4725 4235 4790 sibi
4270 4734 4568 4807 paratam
4601 4743 4748 4789 esse

2790 4812 2847 4875 si
2902 4811 3158 4893 quando
3215 4811 3293 4875 de
3350 4812 3457 4874 via
3513 4809 3878 4888 deflexerit,
3941 4831 4140 4895 quam
4182 4811 4597 4876 severitatem
4639 4809 4744 4874 in-

2790 4896 3203 4961 exorabilem.
3302 4896 3457 4961 Huc
3519 4897 3716 4961 etiam
3772 4898 3958 4976 tacit,
4020 4897 4190 4980 quod
4244 4917 4499 4960 errores
4554 4895 4745 4975 dixit,

2788 5004 3029 5048 nomen
3074 4983 3345 5049 levioris
3391 4982 3626 5048 delicti.
3718 4980 4000 5050 Ovidius
4043 4984 4096 5047 I.
4145 4983 4491 5049 Tristium:

3505 5085 3582 5139 Et
3614 5102 3698 5140 me
3735 5102 3887 5141 meus
3921 5086 4144 5140 abstulit
4177 5101 4346 5155 error,

3133 5154 3414 5224 Stultaque
3452 5172 3602 5210 mens
3637 5156 3809 5223 nobis,
3846 5172 3956 5209 non
3992 5154 4259 5209 scelerata
4291 5153 4412 5209 fuit.

2788 5240 2881 5305 Et
2922 5240 3076 5307 alibi
3117 5240 3381 5324 pluries.
