5100 6061
393 419 511 479 181

386 624 542 670 mus
586 621 838 687 quoque
880 600 1127 679 incidit,
1175 600 1333 666 dum
1390 602 1595 667 nimia
1647 604 2060 668 contentione
2113 622 2346 684 prove-

387 689 576 754 hitur
621 697 850 755 contra
881 687 1150 754 insanos
1193 687 1897 771 anthropomorphitas.
1956 687 2091 753 Sed
2141 689 2346 772 scrip-

390 786 546 841 tura
588 795 722 839 non
757 774 1006 857 patitur
1040 774 1132 839 sic
1176 795 1247 840 se
1283 774 1476 839 eludi.
1535 774 1708 840 Nam
1732 775 1970 853 Moses,
1995 795 2080 839 ne
2106 776 2251 857 quis
2275 775 2347 838 in

389 861 676 927 hominis
719 880 917 925 carne
961 860 1135 925 hanc
1176 859 1533 944 imaginem
1575 862 2034 938 constitueret,
2080 861 2263 944 prius
2308 879 2346 925 e

388 947 551 1012 limo
574 956 791 1011 terrae
812 966 1047 1028 corpus
1080 946 1434 1011 formatum
1467 954 1710 1026 narrat,
1746 945 1861 1012 sed
1897 946 2146 1010 nullam
2180 946 2342 1010 ima-

392 1034 617 1117 ginem
659 1032 786 1098 Dei
831 1032 1141 1097 referens.
1232 1031 1491 1097 Deinde
1528 1034 1620 1096 ait
1656 1032 1939 1097 inditum
1985 1033 2161 1097 luteo
2205 1052 2345 1097 cor-

392 1120 538 1202 pori
581 1119 756 1186 vitae
811 1119 1239 1199 spiraculum:
1299 1125 1373 1182 ut
1422 1126 1566 1182 tum
1622 1117 1888 1183 demum
1949 1118 2236 1183 eluceret
2272 1118 2345 1182 in

391 1205 658 1270 homine
684 1204 814 1269 Dei
849 1203 1083 1286 imago,
1121 1225 1321 1287 quum
1344 1205 1647 1269 omnibus
1685 1205 1820 1269 suis
1854 1203 2154 1289 partibus
2188 1224 2344 1267 con-

389 1300 612 1356 staret.
703 1288 880 1371 Quid
924 1289 1170 1373 igitur?
1230 1288 1472 1354 dixerit
1515 1290 1769 1372 aliquis,
1815 1311 1904 1354 an
1945 1289 2344 1373 spiraculum

390 1376 555 1442 illud
596 1377 805 1454 vitae,
850 1376 1208 1459 imaginem
1254 1396 1395 1441 esse
1451 1377 1578 1441 Dei
1634 1375 1868 1458 putas?
1958 1376 2107 1440 Non
2166 1396 2340 1440 sane.

393 1461 791 1545 Quanquam
832 1460 902 1525 id
930 1481 1076 1525 cum
1121 1462 1378 1538 multis,
1424 1482 1547 1525 nec
1579 1462 1857 1527 fortasse
1890 1461 2199 1544 improbe,
2247 1461 2343 1524 di-

391 1571 539 1615 cere
567 1556 882 1632 poteram.
914 1549 961 1627 ¹)
1031 1546 1211 1628 Quid
1247 1547 1441 1624 enim,
1467 1547 1524 1613 si
1547 1547 1941 1613 contendam
1984 1545 2178 1613 verbo
2215 1546 2342 1611 Dei

390 1637 828 1700 constitutum
852 1632 1218 1712 discrimen,
1264 1655 1389 1715 quo
1422 1634 1598 1698 istud
1642 1634 1818 1699 vitae
1859 1633 2261 1716 spiraculum
2306 1654 2345 1697 a

390 1719 737 1787 beluarum
759 1720 995 1784 animis
1017 1719 1503 1803 distinguatur?
1548 1719 1745 1785 Unde
1766 1720 1940 1784 enim
1965 1720 2210 1784 habent
2235 1741 2340 1784 or-

392 1816 533 1871 tum
589 1806 866 1871 aliorum
922 1806 1307 1869 animalium
1360 1805 1661 1871 animae?
1723 1806 2055 1870 Producat
2099 1805 2346 1888 (inquit

387 1894 608 1976 Deus)
663 1900 843 1956 terra
884 1891 1173 1955 animam
1225 1893 1589 1970 viventem,
1649 1898 1715 1956 et
1760 1899 2034 1958 caetera.
2123 1891 2231 1956 Ita
2272 1891 2343 1954 in

390 1985 639 2043 terram
661 1977 1092 2055 resolvantur,
1118 1998 1284 2060 quae
1306 1978 1387 2042 de
1410 1985 1587 2042 terra
1610 1984 2036 2042 emerserunt.
2096 1978 2344 2042 Anima

388 2084 547 2129 vero
594 2064 878 2128 hominis
923 2084 1056 2127 non
1101 2063 1181 2128 dc
1227 2071 1402 2127 terra
1437 2071 1553 2141 est,
1601 2062 1718 2128 sed
1760 2085 1842 2128 ex
1885 2084 1997 2128 ore
2041 2064 2339 2128 Domini:

389 2150 516 2215 hoc
559 2160 661 2214 est
705 2170 789 2213 ex
839 2150 1089 2215 virtute
1132 2157 1400 2214 secreta.
1491 2147 1625 2214 Sed
1671 2150 1807 2228 hic,
1854 2152 2152 2232 inquam,
2208 2169 2342 2213 non

388 2236 647 2315 haere0,
694 2258 778 2299 ne
820 2256 1112 2318 pugnam
1156 2235 1319 2299 mihi
1361 2236 1629 2300 faciant:
1678 2234 1792 2300 sed
1831 2236 2043 2299 unum
2081 2242 2339 2300 tantum

388 2322 684 2387 obtinere
728 2320 909 2385 volo:
958 2322 1313 2403 imaginem
1356 2322 1568 2403 ipsam
1613 2342 1754 2385 esse
1797 2328 1987 2386 extra
2045 2342 2340 2399 carnem;

387 2406 652 2490 alioqui,
697 2428 830 2472 non
875 2406 1226 2471 admodum
1260 2407 1670 2490 praeclarum
1705 2407 1875 2472 foret
1909 2406 2194 2491 elogium
2229 2407 2343 2471 ho-

386 2494 611 2571 minis,
641 2492 812 2576 quod
847 2492 929 2556 ad
964 2493 1319 2575 imaginem
1355 2493 1483 2558 Dei
1520 2493 1733 2558 factus
1755 2494 1866 2557 sit:
1908 2493 2340 2576 quod⁸tamen

388 2580 581 2645 nobis
624 2587 984 2668 tantopere·
1017 2579 1357 2662 scripturis
1389 2578 1905 2657 commendatur,
1954 2601 2029 2644 ac
2064 2578 2341 2643 subinde

1912 412 2481 483 PSYOHOPAN
2481 416 2543 480 N
2549 414 2783 480 YCHI
2792 416 2867 479 A.

4281 420 4404 481 182

2448 610 2652 669 tores:
2695 622 2977 686 quorum
3021 602 3188 667 alte'r
3223 601 3501 686 (Eccles.
3554 606 3651 682 17,
3705 605 3784 685 l),
3826 626 4026 687 quum
4070 605 4405 675 hominem

2451 688 2799 775 distribuat
2831 690 2905 752 in
2940 687 3103 754 duas
3140 694 3376 769 partes,
3417 707 3652 770 corpus
3697 689 3778 753 de
3823 700 4003 757 terra
4043 701 4400 776 sumptum,

2451 783 2517 840 et
2561 777 2866 853 animam,
2914 773 2998 840 ad
3036 794 3235 856 quam
3279 775 3482 838 refert
3524 774 3654 839 Dei
3697 775 4072 859 imaginem,
4117 779 4405 846 breviter

2449 860 2830 943 complexus
2851 859 3146 942 estquod
3172 860 3390 925 Moses
3414 859 3677 943 longius
3700 872 4134 946 prosequutus
4168 866 4401 931 fuerat.

2450 945 2746 1024 Oreavit,
2791 946 3022 1029 inquit,
3066 946 3253 1011 Deus
3307 945 3667 1025 hominem',
3726 955 3794 1013 et
3836 950 4200 1014 secundum
4241 952 4403 1017 ima·

2449 1034 2676 1116 ginem
2718 1052 2906 1097 suam
2948 1031 3104 1096 fecit
3154 1030 3360 1096 illum.
3452 1032 3645 1097 Alter
3698 1054 3856 1097 vero
3914 1033 4101 1118 (Sap.
4153 1039 4222 1113 2,
4270 1038 4402 1123 23),

2448 1139 2650 1201 quum
2694 1119 3028 1200 exegetice
3063 1116 3261 1182 vellet
3296 1116 3662 1201 designare,
3689 1140 3828 1201 ,quo
3866 1123 4223 1202 pertineret
4267 1122 4394 1188 Dei

2447 1206 2683 1287 imago,
2722 1203 2981 1269 vocavit
3015 1202 3349 1266 hominem
3383 1205 4045 1284 inexterminabilem,
4085 1209 4197 1289 qui
4222 1226 4402 1275 crea-

2449 1297 2559 1355 tus
2595 1296 2771 1355 esset
2805 1289 2886 1354 ad
2922 1288 3276 1385 imaginem
3311 1290 3456 1353 Dei.
3528 1288 3830 1370 Quorum
3857 1293 4245 1374 scriptorum
4283 1316 4403 1359 au-

2450 1377 2714 1441 toritate
2749 1374 3159 1440 adversanos
3181 1381 3437 1438 nostros
3459 1396 3590 1439 non
3628 1377 3819 1442 valde
3854 1399 4238 1460 premerem,
4275 1381 4404 1446 nisi

2450 1482 2562 1527 eos
2614 1462 2792 1545 ipsos
2845 1460 3033 1525 nobis
3089 1467 3511 1541 opponerent.
3606 1460 3737 1542 Qui
3792 1469 4015 1527 tamen
4072 1473 4402 1548 utcunque

2449 1548 2668 1631 aliquo
2723 1548 2862 1612 loco
2916 1545 3102 1611 nobis
3152 1564 3292 1609 esse
3350 1544 3614 1610 debent:
3670 1549 3723 1611 si
3779 1570 3912 1613 non
3969 1558 4044 1613 ut
4087 1552 4399 1631 canonici,

2447 1643 2625 1698 certe
2669 1641 2744 1697 ut
2787 1641 3058 1708 veteres,
3104 1638 3180 1694 ut
3224 1630 3344 1712 pii,
3383 1637 3459 1695 ut
3501 1632 3863 1697 multorum
3909 1636 4241 1719 suffragiis
4298 1657 4402 1701 re-

2449 1721 2635 1802 cepti.
2713 1719 2968 1783 Verum
3021 1738 3130 1781 eos
3178 1718 3587 1797 omittamus,
3648 1718 3829 1783 illam
3877 1723 4228 1804 imaginem
4275 1724 4404 1788 Dei

2447 1806 2516 1869 in
2565 1806 2829 1870 homine
2870 1804 3290 1881 retineamus,
3336 1823 3534 1886 quae,
3578 1804 3706 1869 nisi
3749 1805 3819 1870 in
3877 1809 4130 1889 spiritu,
4180 1809 4402 1873 sedem

2448 1891 2693 1957 habere
2739 1912 2870 1955 non
2910 1896 3142 1972 potest.

2622 2062 2756 2128 Sed
2801 2063 2953 2140 iam,
2980 2082 3146 2144 quae
3181 2061 3474 2142 apertius
3499 2060 3578 2124 de
3603 2063 3821 2126 anima
3848 2064 4175 2146 scriptura
4196 2064 4405 2146 loqui-

2447 2158 2575 2225 tur,
2602 2148 2959 2213 audiamus.
3012 2145 3235 2227 Quum
3274 2146 3355 2210 de
3390 2148 3760 2211 animarum
3796 2148 4007 2213 salute
4032 2150 4274 2214 Petrus
4310 2149 4404 2214 lo-

2446 2236 2688 2318 quitur,
2728 2242 2795 2299 et
2836 2255 3040 2316 quum
3090 2232 3377 2297 carnalia
3412 2232 3732 2298 desideria
3773 2234 4055 2300 militare
4097 2236 4408 2301 adversus

2446 2322 2730 2386 animam
2762 2320 2935 2396 dicit,
2964 2331 3031 2384 et
3050 2338 3253 2401 quum
3281 2318 3639 2383 castificare
3663 2319 3916 2384 animas
3943 2328 4197 2402 nostras
4221 2342 4409 2403 prae-

2446 2408 2620 2490 cipit,
2660 2414 2726 2471 et
2754 2406 3092 2472 Christum
3118 2413 3309 2470 vocat
3346 2404 3720 2487 episcopum
3756 2408 4122 2471 animarum
4155 2414 4409 2472 nostra-

2447 2516 2595 2558 rum
2625 2492 2685 2575 (1
2725 2493 2904 2557 Petr.
2941 2496 2992 2569 l,
3026 2495 3082 2556 9.
3101 2495 3203 2563 Ἰ,22
3233 2502 3302 2555 et
3331 2495 3389 2568 2,
3421 2495 3517 2556 11.
3544 2492 3675 2573 25),
3704 2490 3861 2573 quid
3884 2493 4005 2558 sibi
4032 2494 4250 2573 vellet,
4277 2495 4408 2560 nisi

2449 2580 2706 2645 animae
2743 2588 2961 2642 essent
2996 2599 3161 2659 quae
3184 2575 3614 2654 salvarentur,
3654 2597 3820 2659 quae
3865 2587 4407 2662 oppugnarentur

389 2667 732 2748 repetitur.
802 2663 978 2745 Quid
1014 2665 1192 2729 enim
1225 2686 1386 2747 opus
1423 2674 1581 2742 erat,
1622 2666 1837 2729 Deum
1874 2664 2341 2729 deliberantem
2389 2224 2398 2821 i
2449 2687 2487 2729 a
2521 2666 2742 2748 pravis
2780 2662 3134 2742 desideriis,
3161 2683 3324 2744 quae
3347 2662 3880 2741 castificarentur‚
3920 2685 4085 2746 quae
4122 2665 4204 2729 ab
4241 2668 4408 2748 epis-

388 2751 725 2828 inducere,
817 2759 885 2814 et
926 2751 1111 2833 quasi
1156 2751 1225 2813 in
1262 2751 1608 2816 consilium
1644 2752 1923 2830 mittere,
1972 2752 2027 2816 si
2070 2751 2343 2834 vulgare
2448 2772 2607 2834 copo
2665 2772 2782 2815 suo
2841 2748 3118 2825 Christo.
3162 2747 3592 2832 regerentur?
3692 2748 3784 2811 Et
3841 2750 3910 2813 in
3974 2750 4248 2816 historia
4288 2753 4407 2817 Iob

388 2837 645 2920 aliquid
666 2837 957 2902 facturus
993 2835 1175 2901 erat?
1243 2836 1413 2900 Nam
1451 2836 1705 2918 reliqua
1739 2837 1961 2901 omnia
1994 2844 2069 2900 ut
2105 2844 2341 2914 essent,
2394 2828 2398 2865 ³
2447 2838 2759 2921 legimus:
2810 2834 3074 2916 Quanto
3119 2834 3330 2916 magis
3386 2832 3495 2914 qui
3551 2831 3853 2897 habitant
3909 2835 4131 2901 domos
4173 2836 4406 2916 luteas,

387 2921 582 3002 dixit,
629 2932 696 2988 et
735 2924 909 2988 facta
943 2931 1116 2987 sunt.
1206 2920 1428 3003 Quum
1466 2922 1548 2987 ad
1586 2923 1752 2988 hanc
1786 2923 2142 3006 imaginem
2184 2944 2345 2987 ven·
2452 2933 2520 2987 et
2538 2932 2877 2988 terrenum
2896 2920 3142 2985 habent
3173 2918 3674 2983 fundamentum
3699 2919 3864 3002 (Iob.
3900 2927 3958 3001 4,
4000 2922 4151 3007 19)ἱ>
4216 2919 4408 3001 Quod

390 3016 544 3084 tum
588 3017 706 3089 est,
752 3008 936 3074 velut
979 3007 1313 3093 singulare
1359 3008 1689 3092 specimen
1734 3008 2047 3089 editurus,
2091 3009 2345 3091 sapien·
2451 3029 2610 3076 sane
2652 3008 2731 3075 de
2769 3008 2988 3073 anima
3029 3004 3478 3088 intelligemus
3522 3004 3668 3082 dici,
3707 3007 3761 3071 si
3806 3008 4074 3089 propius
4116 3007 4411 3073 animad-

394 3097 564 3161 tiam
615 3117 805 3161 suam
849 3104 916 3160 et
958 3096 1277 3160 virtutem
1332 3093 1633 3172 advocat,
1694 3104 1762 3160 et
1805 3117 2027 3161 secum
2085 3094 2343 3178 cogitat,
2453 3104 2792 3162 vertamus
2820 3096 2892 3178 ¹),
2929 3113 3095 3177 quae
3130 3093 3200 3156 in
3225 3112 3489 3173 corpore
3524 3091 3702 3155 luteo
3727 3092 3996 3158 habitat.
4056 3095 4208 3158 Non
4233 3095 4404 3158 enim

394 3190 753 3266 antequam
805 3203 1078 3247 manum
1137 3180 1484 3246 admoveat
1540 3182 1738 3263 operi.
1841 3182 1984 3246 Hos
2040 3202 2196 3266 ergo
2251 3181 2347 3245 lo-
2453 3182 2789 3247 hominem
2827 3201 2947 3246 vas
2987 3179 3241 3244 luteum
3277 3177 3652 3261 appellavit,
3700 3177 3814 3242 sed
3860 3179 4027 3243 dixit
4043 3181 4100 3264 2)
4147 3202 4264 3244 vas
4308 3181 4409 3244 lu-

395 3266 642 3351 quendi
678 3275 917 3350 tropm,
965 3268 1077 3349 qui
1120 3265 1663 3351 ἀνθρωποπαθῶς,
1712 3266 1795 3334 ad
1836 3267 2154 3333 balbutiei
2198 3289 2348 3331 nos·
2400 3339 2403 3346 ι
2453 3276 2638 3334 teum
2680 3267 2988 3332 incolere:
3050 3265 3238 3348 quasi
3291 3264 3463 3328 bona
3516 3281 3672 3348 pars
3730 3264 4014 3330 hominis
4071 3268 4267 3348 (quae
4310 3276 4413 3330 est

394 3360 540 3419 trae
580 3353 907 3433 modulos,
956 3354 1317 3418 Dominum
1352 3351 1786 3438 ἀνεξερεύνητον
1815 3354 2005 3420 nobis
2040 3355 2346 3438 figurant,
2401 3363 2405 3428 t
2455 3354 2703 3431 anima)
2744 3352 3069 3418 domicilio
3123 3350 3237 3415 illo
3299 3357 3559 3414 terreno
3603 3351 4031 3416 contineatur.
4123 3350 4235 3416 Sic
4280 3353 4407 3416 Pe-

392 3461 484 3504 an
547 3441 626 3505 de
680 3439 890 3504 nihilo
945 3448 1079 3504 tam
1135 3440 1329 3504 anxie
1386 3440 1607 3505 Moses
1667 3439 2040 3506 affectavit?
2099 3460 2173 3503 ac
2216 3460 2348 3503 non
2400 3443 2405 3516 1
2452 3448 2631 3505 trus:
2679 3440 2959 3517 Iustum,
3003 3439 3234 3521 inquit,
3282 3436 3581 3515 arbitror,
3630 3436 3940 3518 quamdiu
3985 3458 4131 3503 sum
4176 3440 4244 3501 in
4289 3437 4410 3503 hoc

390 3526 617 3609 potius
659 3527 1015 3614 imaginem
1053 3523 1200 3604 Dei,
1239 3545 1405 3607 quae
1439 3526 1510 3589 in
1546 3525 1809 3590 homine
1855 3525 2120 3603 relucet,
2166 3545 2349 3607 mag·
2401 3523 2405 3590 !
2453 3524 2892 3600 tabernaculo,
2931 3525 3216 3588 excitare
3256 3545 3368 3588 vos
3404 3544 3521 3605 per
3555 3524 4156 3589 commonitionem:
4205 3546 4411 3607 quum

394 3613 590 3676 nifice
614 3611 1139 3677 commendavit?
1168 3632 1287 3676 nec
1322 3610 1524 3675 semel
1551 3611 1795 3676 dixisse
1818 3618 2180 3689 contentus,
2207 3631 2349 3674 sae·
2456 3611 2658 3677 sciam
2702 3610 2883 3674 brevi
2928 3611 3241 3686 futurum,
3290 3616 3365 3672 ιιι
3400 3608 3722 3691 deponam
3762 3608 3887 3675 hoc
3930 3632 4155 3674 meum
4195 3611 4411 3676 taber-

394 3699 544 3781 pius
580 3697 841 3780 reperit.
934 3695 1265 3780 Quidquid
1303 3704 1641 3779 nugentur
1677 3697 1781 3762 vel
1817 3696 2206 3780 philosophi,
2245 3695 2347 3761 vel
2403 3729 2406 3766 ι
2455 3697 2766 3762 naculum
2825 3699 2889 3777 (2
2922 3696 3102 3759 Petr.
3148 3699 3200 3770 1,
3243 3695 3367 3773 13).
3459 3694 3611 3773 Qua
3656 3693 3968 3776 loquendi
4010 3697 4237 3772 forma,
4286 3697 4413 3760 nisi

398 3785 510 3849 isti
555 3784 1006 3862 somniatores,
1046 3783 1363 3847 habemus
1402 3783 1568 3847 nihil
1607 3805 1748 3849 esse
1785 3782 1953 3865 quod
1989 3783 2350 3867 imaginem
2402 3789 2407 3838 Ι
2454 3780 2645 3849 valde
2683 3780 2927 3864 stupidi
2967 3801 3211 3858 sumus,
3249 3800 3594 3862 possumus
3635 3779 4012 3864 intelligere
4058 3790 4124 3846 et
4161 3780 4410 3862 aliquid

396 3870 527 3935 Dei
568 3871 766 3944 ferat,
814 3870 942 3935 nisi
985 3870 1308 3951 spiritum,
1358 3876 1431 3932 ut
1473 3869 1661 3933 Deus
1704 3871 1972 3951 spiritus
2014 3876 2130 3933 est.
2222 3868 2352 3932 Hic
2402 3847 2407 3934 l
2455 3890 2598 3934 esse
2654 3869 2725 3931 in
2783 3865 3202 3932 tabernaculo
3247 3873 3313 3929 et
3357 3864 3606 3947 aliquid
3648 3865 3822 3946 quod
3866 3874 4150 3931 exuatur
4194 3867 4411 3931 taber-

399 3976 531 4020 non
576 3963 680 4021 est
720 3956 1046 4038 agendum
1091 3955 1507 4031 coniecturis,
1564 3963 1641 4019 ut
1683 3955 2123 4038 inquiramus,
2187 3974 2351 4037 quae
2455 3954 2722 4019 naculo:
2745 3953 2851 4019 vel
2875 3953 2984 4037 (ut
3014 3952 3309 4033 aitipse)
3343 3950 3841 4016 tabernaculum
3876 3952 4174 4034 deponat.
4233 3952 4411 4015 Ean-

403 4042 488 4105 sit
528 4043 731 4107 huius
765 4042 1072 4125 imaginis
1117 4040 1474 4105 similitudo
1519 4040 1601 4106 ad
1647 4062 1845 4105 suum
1889 4039 2117 4106 archet
2207 4061 2340 4104 um:
2459 4042 2610 4106 dem
2656 4039 3142 4105 distinctionem
3185 4039 3403 4102 carnis
3448 4059 3487 4101 a
3530 4037 3764 4119 spiritu
3807 4037 4221 4102 manifestam
4279 4047 4413 4102 sta-

402 4128 665 4209 quando
724 4127 790 4191 id
847 4128 1036 4194 facile
1076 4149 1157 4191 ex
1218 4127 1508 4209 apostolo
1581 4125 1749 4211 (Col.
1817 4132 1887 4205 3,
1941 4128 2048 4209 10)
2149 4127 2352 4191 iscere
2457 4127 2587 4192 tuit
2643 4134 2835 4191 autor
2887 4124 3204 4206 epistolae
3258 4121 3340 4189 ad
3393 4123 3763 4188 Hebraeos:
3847 4143 4052 4204 quum
4103 4129 4412 4207 parentes

403 4213 580 4278 licet:
632 4214 744 4296 qui
789 4212 947 4277 dum
982 4213 1302 4295 praecipit
1341 4227 1416 4276 ut
1458 4210 2099 4292 induamusnovum
2143 4212 2353 4275 homi·
2402 4145 2409 4284 i
2457 4213 2677 4278 carnis
2697 4219 2977 4290 nostrae,
3003 4232 3042 4275 a
3063 4209 3297 4293 quibus
3321 4210 3528 4293 geniti
3551 4229 3797 4285 sumus,
3838 4210 4166 4274 nominat:
4205 4230 4413 4273 unum

404 4321 584 4378 nem,
633 4300 745 4382 qui
789 4307 1148 4363 renovatur
1190 4299 1261 4361 in
1302 4300 1669 4381 agnitione,
1718 4299 2077 4364 secundum
2121 4299 2352 4381 imagi·
2404 4297 2407 4322 ”
2457 4308 2680 4363 autem
2720 4300 2969 4377 Deum,
3015 4304 3269 4380 patrem
3317 4295 3668 4379 spirituum
3714 4293 3944 4374 (Hebr.
3999 4300 4096 4374 12,
4145 4294 4232 4379 9).
4323 4296 4415 4360 Ει

402 4407 557 4449 nem
602 4385 743 4450 eius
800 4385 909 4467 qui
957 4385 1205 4450 creavit
1257 4385 1473 4460 illum,
1524 4384 1768 4467 liquido
1826 4384 2141 4463 ostendit,
2188 4405 2353 4466 quae
2404 4341 2408 4434 i
2457 4385 2654 4468 paulo
2689 4392 2838 4467 post
2882 4383 3065 4467 (ibid.
3118 4387 3214 4461 12,
3263 4386 3404 4466 22),
3450 4401 3653 4464 quum
3696 4400 3922 4463 regem
3966 4381 4264 4447 coelestis
4307 4381 4414 4445 Ie-

402 4471 493 4536 sit
526 4473 688 4538 haec
723 4470 958 4554 imago,
986 4479 1103 4535 aut
1148 4472 1219 4534 in
1242 4492 1369 4552 quo
1404 4472 1735 4537 consistat.
1784 4472 1878 4534 Et
1897 4471 2052 4536 alibi
2080 4470 2350 4554 (Ephes.
2458 4471 2747 4536 rusalem
2784 4470 3003 4534 Deum
3039 4470 3465 4548 nominasset,
3497 4464 3757 4531 subiicit
3790 4466 3983 4546 cives,
4023 4467 4308 4552 angeIOS,
4347 4474 4415 4531 et

399 4564 477 4636 4,
523 4558 637 4642 24)
691 4554 848 4621 dum
907 4555 1156 4621 scribit:
1212 4556 1476 4621 Induite
1524 4573 1770 4620 novum
1830 4557 2196 4636 hominem,
2243 4556 2353 4639 qui
2404 4477 2409 4632 i
2458 4558 2726 4639 spiritus
2769 4558 3092 4622 iustorum
3136 4555 3590 4637 perfectorum.
3680 4552 3820 4617 Nec
3864 4550 4052 4618 video
4096 4552 4413 4637 quomodo

395 4644 761 4710 secundum
784 4642 1008 4707 Deum
1042 4651 1300 4708 creatus
1336 4651 1452 4721 est,
1498 4643 1570 4706 in
1612 4643 1863 4709 iustitia
1898 4651 1965 4708 et
2008 4643 2355 4708 sanctitate
2405 4645 2410 4722 l
2460 4644 2652 4708 aliter
2686 4642 2966 4725 intelligi
3005 4641 3208 4724 possit
3265 4640 3428 4704 illud
3464 4638 3659 4704 Pauli
3710 4639 3777 4722 (2
3817 4638 3965 4704 Cor.
4006 4644 4062 4719 7,
4116 4641 4210 4721 1):
4269 4639 4414 4703 Has

397 4730 721 4796 veritatis.
780 4727 968 4809 Quae
1007 4731 1227 4793 omnia
1268 4750 1471 4811 quum
1513 4751 1643 4794 uno
1685 4730 1883 4795 verbo
1927 4728 2354 4811 comprehen-
2457 4730 2663 4813 igitur
2684 4729 3001 4794 habentes
3034 4726 3513 4809 promissioneS,
3552 4726 3947 4790 mundemus
3971 4747 4089 4790 nos
4123 4725 4204 4790 ab
4235 4724 4416 4789 omni

398 4816 555 4881 dere
590 4816 915 4895 volumus,
951 4815 1226 4880 dicimus
1259 4815 1610 4892 hominem,
1636 4815 1995 4881 secundum
2027 4815 2351 4896 spiritum,
2456 4816 2952 4899 inquinamento
2996 4813 3211 4878 carnis
3247 4821 3313 4877 et
3357 4812 3642 4895 spiritus.
3721 4812 3893 4876 Nam
3930 4811 4091 4876 satis
4136 4817 4410 4889 constat,

399 4904 649 4968 factum
707 4922 849 4966 esse
905 4901 1290 4984 participem
1346 4901 1738 4983 sapientiae,
1785 4901 2074 4966 iustitiae
2120 4905 2240 4980 [fol.
2287 4903 2351 4978 5]
2456 4901 2593 4966 illic
2626 4923 2760 4966 non
2803 4893 2947 4965 esse
2987 4898 3418 4977 collationem,
3467 4919 3596 4981 qua
3640 4897 3794 4962 alibi
3839 4898 3936 4961 uti
3968 4897 4160 4962 solet:
4207 4918 4408 4980 quum

400 4994 477 5052 et
513 4989 826 5054 bonitatis
862 4985 1007 5051 Dei.
1097 4987 1244 5052 Hoc
1281 4987 1538 5068 sequuti
1576 4995 1731 5052 sunt
1767 4987 1896 5052 duo
1942 4986 2108 5052 sacri
2150 4986 2354 5068 scrip·
3875 5019 3881 5030 ›

398 5166 451 5173 0-—

758 5165 791 5169 -
2599 5141 2656 5204 1)
2698 5138 2792 5193 Sic
2838 5140 2955 5192 sola
3005 5138 3116 5192 Ea.
3154 5136 3316 5207 1542,
3365 5138 3739 5206 adstipulante
3783 5137 4031 5190 versione
4074 5137 4310 5205 yalliea:
4356 5137 4413 5191 Si

2458 5225 2597 5265 nous
2621 5207 2968 5263 considerons
2996 5209 3114 5262 cela
3138 5207 3205 5262 de
3231 5209 3353 5261 bien
3420 5224 3525 5275 res,
3555 5207 3594 5261 il
3624 5207 3675 5259 le
3708 5205 3825 5260 faut
3854 5205 4112 5260 entendre
4143 5207 4209 5261 de
4238 5206 4411 5261 l'ame.

544 5278 600 5347 1)
635 5280 876 5335 Hilarius
920 5281 975 5334 in
1021 5279 1163 5335 Psal.
1207 5277 1293 5333 63.
1373 5279 1706 5346 Augustinus
1756 5279 1892 5334 libro
1942 5279 2008 5333 de
2057 5277 2247 5345 spiritu
2299 5285 2356 5332 et
2467 5278 2726 5332 Caeterae
2758 5277 2968 5345 legrunt:
3005 5275 3162 5344 Quod
3199 5292 3327 5332 sane
3402 5292 3432 5330 e
3468 5277 3671 5343 anima,
3709 5275 3756 5327 si
3789 5290 3889 5342 pro
3932 5274 4043 5328 rius
4078 5276 4412 5330 animadver-

402 5350 582 5404 anima
618 5366 662 5402 c.
695 5347 781 5402 39.
841 5349 1073 5404 Basilius
1109 5348 1368 5402 Hexaem.
1403 5348 1547 5402 hom.
1581 5346 1631 5401 8.
2461 5354 2562 5415 tas,
2602 5346 2704 5400 dici
2739 5346 3025 5415 intelliges.
3232 5343 3293 5410 2)
3332 5345 3459 5399 dicit
3495 5341 3630 5396 1552
3666 5359 3807 5412 seqq.
3845 5343 3886 5405 (i
3947 5358 3981 5396 a
4015 5343 4137 5404 dit).

3898 5425 4007 5480 12*
