5100 6061
2078 462 2578 530 EPINICION.

1141 654 1282 720 Nee
1323 655 1546 718 minus
1582 667 1695 718 aut
1735 654 2045 717 miserum
2093 652 2339 718 Christi
2387 655 2709 738 dispergit
2751 654 2947 735 ovile,

1315 739 1624 805 Mendaei
1668 747 1785 804 aut
1820 747 2060 804 tetrum
2109 740 2288 805 virus
2334 741 2413 804 ab
2452 761 2563 804 ore
2609 742 2828 806 vomit.

1141 826 1282 891 Neo
1324 828 1541 891 minus
1585 827 1657 889 in
1698 834 1960 892 sanctos
1995 826 2172 901 furit,
2219 826 2587 907 insontique
2628 834 2936 892 cruentas

1213 917 1218 926 '
1319 911 1660 995 Sanguine
1704 933 1883 977 nune
1927 911 2172 994 passim
2214 912 2429 995 tingit,
2474 920 2550 974 ut
2589 924 2759 989 ante,
2801 933 3056 978 manus.

1145 997 1280 1064 Sed
1316 999 1470 1080 quia
1512 1018 1689 1062 mors
1732 999 1869 1062 vita
1913 1006 2028 1072 est,
2081 1006 2141 1060 et
2188 1021 2350 1062 frux
2389 998 2660 1062 victoria-
2706 998 2980 1064 Christi:

1315 1084 1429 1148 Nil
1475 1083 1656 1148 dirae
1693 1081 2054 1166 impedient
2096 1087 2335 1166 gaudia·
2379 1094 2605 1148 nostra
2646 1085 2879 1150 minae.

1142 1170 1268 1236 me
1309 1172 1406 1234 sui
1448 1169 1678 1235 similis
1722 1183 1958 1245 manet,
2006 1182 2476 1251 aeternumque
2511 1170 2818 1245 manebit,

1316 1257 1617 1332 Vineere,
1665 1278 1796 1319 non
1846 1256 2036 1332 vinei,
2085 1254 2199 1337 qui
2244 1255 2548 1337 patiendo
2585 1255 2764 1319 solet.

1145 1340 1370 1423 Quum
1408 1342 1733 1424 premitur
1776 1343 2166 1423 patiturque,
2205 1363 2279 1405 ao
2324 1342 2703 1422 desperatus
2749 1342 3051 1407 habetur:

1317 1428 1480 1492 Inde
1525 1428 1649 1492 sibi
1694 1437 1888 1508 atque
1934 1428 2069 1491 suis
2115 1427 2388 1509 pulchra
2432 1428 2745 1509 trophaea
2787 1436 2991 1509 parat.

1143 1514 1337 1579 Nune
1383 1513 1614 1578 stolide
1660 1515 1928 1577 effertur
1974 1525 2233 1577 terrena
2278 1515 2609 1595 superbia:
2655 1514 2764 1577 sed
2812 1536 2967 1578 mox

1316 1601 1638 1680 Praeceps
1674 1601 1815 1681 ipsa
1860 1621 1977 1663 suo
2021 1599 2207 1680 pulsa
2255 1602 2475 1662 furore
2515 1615 2679 1663 ruet.

1145 1684 1432 1750 Sanetus
1470 1695 1537 1748 at
1572 1685 1680 1748 ille
1726 1706 1934 1760 eruor,
1978 1685 2188 1748 divini
2234 1698 2518 1749 assertor
2564 1686 2848 1764 honoris‘,

1319 1771 1739 1855 Gignendam
1785 1771 1861 1834 ad
1910 1771 2191 1834 sobolem
2238 1772 2506 1834 seminis
2556 1773 2764 1835 instar
2808 1774 2950 1837 eritb

1147 1858 1300 1922 Vox
1340 1858 1597 1935 gladius
1642 1858 1908 1922 Christo
1954 1869 2072 1932 est,
2120 1868 2183 1920 et
2217 1857 2443 1922 lancea
2487 1859 2758 1939 spiritus
2803 1861 2958 1923 oris:

1319 1946 1598 2008 Hostem
1643 1945 1844 2026 igitur
1890 1944 2103 2006 subita
2147 1957 2437 2007 sternere
2485 1965 2641 2009 voce
2680 1955 2903 2024 potest.

1146 2032 1346 2095 Hune
1391 2029 1680 2113 gladium
1728 2029 1854 2092 hue
1902 2029 2058 2093 illue
2099 2030 2226 2092 iam
2276 2029 2580 2110 quintum
2626 2030 2904 2112 denique
2947 2030 3233 2096 lustrum

1317 2118 1556 2180 Vibrat
1601 2137 1801 2197 agens
1847 2114 2079 2190 valida,
2129 2137 2256 2178 non
2301 2117 2440 2179 51110
2486 2115 2697 2192 caede,
2735 2138 2953 2181 manu.

1144 2203 1364 2268 Elusit
1401 2202 1681 2267 Satanas
1719 2222 1878 2282 quos
1915 2201 2193 2265 antehae
2237 2201 2508 2282 pertulit
2543 2203 2710 2265 ictus

1321 2287 1696 2368 Sacrilegae
1742 2287 2044 2368 princeps
2091 2296 2158 2350 et
2201 2288 2384 2368 Papa
2428 2288 2718 2350 militiae.

1144 2376 1338 2441 Nune
1383 2376 1592 2456 magis
1637 2374 1891 2454 experti
1927 2394 2054 2454 quo
2100 2385 2353 2456 pungat
2397 2373 2711 2446 acumine,
2752 2373 3018 2438 tandem

1318 2460 1596 2525 Saucius
1640 2459 1900 2522 insolito
1945 2459 2216 2522 vulnere
2261 2469 2532 2540 uterque
2570 2461 2788 2542 gemit.

1144 2547 1325 2611 Hine
1369 2558 1486 2623 est,
1530 2546 1698 2627 quod
1744 2543 2167 2626 stupidusque
2211 2545 2431 2626 Papae
2477 2546 2919 2628 attonitusque
2964 2544 3224 2612 satelles

1319 2632 1587 2706 Pendet,
1633 2641 1699 2694 et
1734 2632 2057 2694 exanimis
2102 2631 2294 2694 turba
2339 2632 2609 2712 profana
2655 2643 2867 2712 pavet.

1145 2719 1322 2783 Hine-
1363 2727 1476 2796 est,
1524 2715 1692 2798 quod
1739 2716 2013 2798 strepitu
2059 2717 2416 2798 implentur
2464 2718 2767 2799 varioque
2812 2716 3120 2797 tumultU‚

1317 2802 1581 2869 Infandi
1627 2817 1692 2866 et
1735 2802 2066 2883 trepidant
2101 2802 2346 2884 perfida
2393 2813 2608 2868 eastra
2653 2804 2853 2868 (lueis.

1147 2889 1425 2974 Saepius
1465 2899 1529 2954 et
1563 2888 1766 2954 variis
1812 2888 2144 2952 alternant
2188 2889 2502 2952 motibus:
2550 2899 2628 2951 ut
2671 2891 2781 2971 qui

1316 2977 1458 3042 Iam
1504 2977 1710 3041 fracta
1751 2981 1962 3039 tentat
1993 2975 2239 3058 proelia
2285 2996 2543 3039 summa
2585 2996 2805 3041 manu.

1144 3065 1559 3147 Compositae
1603 3064 1854 3126 interea
1896 3063 2082 3126 nobis
2119 3060 2353 3126 fiducia
2399 3064 2658 3141 mentiS,

1315 3152 1408 3216 Et
1450 3149 1704 3234 placido
1750 3156 2007 3213 constat
2043 3158 2301 3232 pectore
2336 3150 2530 3212 firma
2575 3151 2775 3232 quies.

1145 3237 1312 3319 Quis
1358 3237 1699 3301 Christum
1737 3235 1844 3300 hie
1885 3246 2080 3317 neget
2125 3235 2204 3299 ad
2244 3234 2610 3317 perdendos
2649 3236 2944 3300 funditus¹
2990 3234 3211 3300 hostes

1315 3324 1641 3387 Exserere
1679 3322 1921 3386 invicta
1964 3323 2269 3385 flammea
2312 3320 2440 3383 tela
2486 3322 2732 3385 manu?

1145 3411 1312 3491 Quis
1368 3420 1562 3491 neget
1616 3408 1738 3471 1100
1778 3407 2047 3471 victoris
2092 3428 2255 3489 opus
2291 3408 2754 3472 memorabile?
2802 3409 3031 3490 quisve

1317 3495 1622 3559 Invideat
1665 3502 1850 3556 tanto
1896 3491 2122 3556 laurea
2165 3504 2342 3557 serta
2387 3492 2579 3556 duci?

1148 3582 1496 3648 Certatum
1535 3590 1635 3644 est
1680 3580 1844 3644 acie:
1887 3586 2142 3662 partem
2189 3579 2311 3643 sibi
2354 3578 2543 3642 miles
2587 3579 2856 3643 honoris

1316 3666 1657 3742 vendicat,
1706 3686 1779 3728 ae
1825 3664 2101 3728 solidum
2149 3686 2277 3727 11011
2325 3665 2483 3729 sinit·
2527 3688 2667 3728 esse
2714 3664 2912 3729 ducis.

1148 3753 1325 3834 Quid
1372 3754 1424 3816 si
1470 3753 1673 3835 igitur
1717 3751 1869 3815 vieti
1916 3749 2178 3813 laudem
2225 3751 2344 3814 sibi
2392 3751 2693 3815 Christus
2740 3762 2813 3813 ut
2857 3750 3063 3816 hostis

1317 3840 1606 3916 Asserat,
1653 3838 1895 3919 absque
1938 3835 2278 3899 hominum
2327 3837 2590 3900 vincere
2635 3846 2845 3900 marte
2888 3836 3090 3903 velit?

1145 3925 1432 3989 Vincere
1478 3925 1544 3987 vi
1588 3944 1904 4006 magnum
1950 3932 2049 3985 est
2094 3921 2366 3997 hostem,
2407 3921 2562 4003 quid
2608 3932 2901 3986 sternere
2945 3921 3152 4001 nutui?

1319 4010 1575 4075 Pellero
1610 4010 1753 4073 laus
1799 4020 2114 4090 quantum
2159 4007 2391 4071 stando
2436 4010 2665 4090 fugare
2703 4008 2946 4073 decus?

1144 4099 1317 4163 Eeee
1362 4095 1753 4178 quiescendo
1795 4095 2045 4171 sternit,
2092 4092 2429 4175 funditque
2465 4094 2733 4171 silendO,

1320 4182 1501 4263 Quos
1541 4181 1782 4246 rabidis
1827 4180 2073 4243 similes
2112 4180 2402 4244 constitit
2445 4202 2586 4245 esse
2631 4182 2801 4245 feris.

1146 4270 1382 4333 Nonne
1425 4270 1494 4332 hi
1537 4279 1710 4342 sunt,
1759 4268 2000 4349 passim
2048 4287 2210 4347 quos
2258 4277 2503 4330 norunt
2549 4288 2761 4347 nuper
2807 4285 3026 4331 amaro

1318 4357 1421 4419 De
1464 4354 1768 4436 pulmone
1812 4374 2047 4435 graves
2088 4354 2452 4416 evomuisse
2495 4353 2750 4417 minas?

1146 4441 1288 4507 Cur
1330 4448 1639 4523 concepta
1681 4441 1859 4503 intus
1901 4439 2111 4503 rabies
2153 4438 2407 4502 inclusa
2450 4438 2784 4502 moratur?

1319 4531 1428 4591 An
1467 4526 1640 4609 quod
1679 4548 1831 4607 opes
1868 4538 2054 4588 atrox
2098 4546 2230 4587 non
2273 4526 2470 4588 habet.
2515 4527 2615 4588 ira
2657 4524 2891 4605 pares?

1143 4614 1486 4678 Praesidio
1532 4634 1658 4695 quo
1700 4633 1836 4675 non
1879 4612 2232 4675 instructos
2278 4610 2645 4675 cernimus?
2696 4622 2835 4674 arte

1317 4700 1678 4781 Nequitiae,
1717 4697 1970 4780 gladiis,
2017 4697 2448 4779 improbitate,
2497 4696 2677 4761 dolis.

1144 4786 1281 4849 Nos
1326 4784 1593 4856 modica.
1631 4782 1930 4857 imbellis,
1976 4781 2151 4845 nuda
2197 4792 2661 4864 exarmataque
2704 4783 2911 4859 turba,

1317 4871 1683 4935 Horribiles
1729 4870 1930 4934 veluti
1977 4889 2140 4950 grex
2186 4868 2410 4932 ovium
2455 4882 2607 4931 ante
2650 4869 2857 4952 lupos.

1146 4959 1254 5022 An
1299 4978 1432 5019 non
1476 4957 1750 5020 mirifica
1795 4967 1894 5019 est
1937 4955 2111 5036 regis
2156 4955 2424 5018 vietoria
2468 4954 2761 5019 Christi?

1317 5043 1558 5107 Nostra
1601 5042 1770 5123 quod
1807 5040 2132 5122 intrepido
2177 5038 2372 5105 eorda
2407 5041 2630 5123 vigore
2674 5041 2865 5104 fovet.

1144 5130 1324 5211 Ergo
1370 5128 1751 5208 triumphali
1799 5126 2136 5190 redimitus
2181 5134 2474 5207 tempora
2519 5127 2702 5189 lauro

1320 5212 1715 5295 Quadriiugi
1761 5214 2044 5276 emineat
2081 5212 2467 5294 conspicuus
2513 5214 2694 5275 soli0.

1143 5300 1433 5366 Edomiti
1477 5321 1764 5373 currum,
1810 5301 2148 5381 positoque
2191 5300 2427 5375 furore,
2475 5306 2835 5379 sequantur

1320 5384 1449 5465 Qui
1495 5408 1639 5449 eum
1687 5406 1868 5449 saero
1914 5384 2055 5448 eius
2097 5384 2367 5447 numine
2410 5383 2581 5447 bella
2616 5392 2872 5467 gerunt.

4210 470 4341 532 426
