5100 6061
1850 1634 2865 1717 LECTORIBUS.

652 1853 878 1936 Quum
924 1853 1433 1937 disputationem
1477 1856 1648 1921 hanc
1692 1856 2071 1940 relegerem,
2119 1857 2572 1931 animadverti,
2616 1858 2932 1940 quaedam
2980 1859 3155 1924 inter
3200 1859 3560 1925 disserendi
3608 1862 4108 1941 contentionem,
4156 1865 4352 1947 paulo

336 1958 555 2024 acrius
580 1966 779 2041 atque
803 1957 1002 2023 etiam
1036 1959 1329 2040 asperius
1362 1979 1504 2023 esse
1538 1958 1739 2024 dicta:
1774 1980 1939 2042 quae
1972 1981 2163 2025 aures
2196 1959 2605 2044 quorundam
2637 1960 3020 2027 delicatulas
3053 1960 3284 2026 radere
3318 1962 3596 2027 fortasse
3631 1971 3916 2046 possent.
3964 1965 4056 2028 Et
4094 1965 4352 2047 quando
4389 1964 4392 1967 ’

336 2062 469 2127 scio
524 2059 877 2126 nonnullos
924 2081 1066 2126 esse
1132 2060 1327 2126 bonos
1373 2062 1551 2128 viros
1567 2113 1583 2139 ‚
1640 2063 1877 2145 quibus
1921 2063 2000 2128 de
2060 2064 2182 2130 hoc
2237 2084 2465 2129 somno
2526 2063 2771 2148 aliquid
2815 2066 2885 2129 in
2930 2065 3223 2129 animum
3282 2066 3674 2129 instillatum
3718 2066 3942 2145 fuerit,
3992 2068 4093 2132 vel
4149 2070 4354 2135 nimia

336 2163 646 2230 credendi
691 2164 1028 2242 facilitate,
1075 2165 1180 2229 vel
1232 2166 1603 2247 ignorantia
1647 2167 2035 2249 scripturae,
2082 2189 2210 2249 qua
2254 2165 2335 2231 ad
2375 2165 2847 2246 resistendum,
2894 2189 3012 2250 pro
3056 2175 3370 2250 tempore,
3417 2190 3548 2233 non
3595 2168 3842 2233 fuerint
3883 2172 4043 2235 satis
4085 2174 4349 2237 armati:

332 2267 407 2332 in
451 2288 683 2333 eorum
727 2268 1152 2333 offensionem
1219 2268 1555 2351 (quoniam
1601 2291 1731 2333 non
1774 2271 2201 2351 pervicaciter
2257 2279 2560 2352 peccant,
2608 2293 2730 2336 nec
2774 2271 3125 2354 malitiose)
3170 2270 3381 2352 quoad
3425 2291 3545 2353 per
3588 2292 3697 2335 eos
3741 2271 3953 2352 liceat,
4006 2274 4210 2339 nolim
4253 2278 4354 2339 in-

334 2390 617 2436 currere.
687 2371 889 2436 Volui
928 2372 1133 2455 igitur
1178 2372 1285 2438 hic
1329 2371 1741 2437 commodum
1784 2393 1892 2437 eos
1935 2393 2392 2454 praemonere,
2434 2373 2545 2455 qui
2591 2372 2753 2437 tales
2798 2382 2968 2450 sunt,
3014 2396 3098 2438 ne
3144 2373 3496 2456 quidquam
3541 2374 3613 2437 in
3656 2376 4122 2441 contumeliam
4167 2398 4356 2442 suam

331 2474 636 2547 trahant3
681 2473 797 2539 sed
841 2477 1091 2558 quoties
1134 2476 1351 2558 aliqua
1395 2474 1653 2540 dicendi
1694 2475 1991 2541 libertate
2035 2477 2308 2557 evehor,
2354 2478 2567 2542 sciant
2609 2498 2715 2540 me
2759 2497 2951 2562 agere
2995 2499 3146 2543 cum
3184 2477 3578 2559 nequissimo
3623 2476 3735 2541 illo
3774 2478 4354 2562 Anabaptistarum

333 2599 535 2661 grege
593 2577 660 2658 (e
703 2599 982 2661 quorum
1027 2580 1338 2644 scatebris
1394 2578 1555 2643 haec
1609 2579 1896 2661 primum
1915 2630 1928 2657 ,
1984 2590 2060 2643 ut
2104 2580 2274 2656 dixi,
2334 2601 2504 2663 aqua
2545 2580 2887 2661 profluxit)
2945 2581 3059 2663 qui
3113 2601 3233 2645 nec
3277 2581 3368 2644 sic
3422 2578 3688 2661 quidem
3741 2601 3861 2662 pro
3915 2582 4171 2647 meritis
4216 2585 4352 2648 suis

334 2688 725 2746 tractantur.
816 2680 988 2746 Cum
1041 2683 1277 2764 quibus
1335 2683 1426 2747 sic
1481 2702 1774 2764 pugnam
1817 2683 2107 2759 institui,
2154 2691 2230 2746 ut
2273 2684 2328 2747 si
2374 2683 2443 2746 in
2488 2692 2824 2765 posterum
2867 2681 3317 2757 obluctentur,
3366 2683 3623 2748 sensuri
3668 2684 3833 2761 sint,
3882 2684 3937 2747 si
3981 2704 4117 2748 non
4161 2685 4353 2751 valde

330 2785 652 2866 peritum,
706 2793 880 2850 certe
935 2793 1343 2850 constantem
1398 2786 1697 2849 veritatis
1753 2784 2189 2863 defensorem,
2235 2794 2327 2863 et,
2390 2799 2464 2849 ut
2505 2786 2672 2849 mihi
2714 2785 2922 2850 audeo
2969 2786 3049 2850 de
3092 2788 3307 2870 gratia
3350 2786 3479 2849 Dei
3537 2787 3946 2868 promittere,
4007 2788 4348 2853 invictum.

332 2884 734 2969 Quanquam
778 2909 899 2953 nec
955 2899 1182 2953 cont-ra
1234 2910 1371 2965 eos,
1430 2889 1555 2951 nisi
1605 2887 1871 2965 modice,
1918 2889 2114 2953 bilem
2160 2889 2393 2954 effudi:
2454 2901 2527 2953 ut
2571 2890 2682 2971 qui
2724 2889 2805 2954 ab
2851 2877 3028 2952 omni
3083 2890 3477 2971 procacitate
3523 2898 3590 2951 et
3635 2888 3942 2971 loquendi
3985 2889 4354 2971 petulantia

330 3003 650 3075 perpetuo
695 2991 1148 3057 abstinuerim:
1211 2993 1429 3075 sicque
1482 2992 1615 3056 fere
1661 2992 1899 3075 ubique
1946 2992 2190 3076 stylum
2237 2992 2769 3076 temperaverim‚
2827 2999 2901 3056 ut
2946 2990 3233 3058 docendo
3270 2998 3442 3057 esset
3484 2991 3727 3074 aptior,
3791 3013 3985 3075 quam
4030 2992 4348 3075 cogendo:

331 3097 599 3160 trahere
646 3107 866 3160 tamen
911 3104 1133 3179 posset
1176 3117 1283 3160 eos
1327 3098 1439 3178 qui
1486 3095 1634 3161 duci
1680 3096 1904 3159 nolint.
1996 3094 2246 3160 Omnes
2290 3105 2465 3161 certe
2508 3097 2577 3160 in
2621 3097 2794 3160 viam
2841 3095 3148 3160 reducere
3193 3097 3402 3179 magis
3447 3117 3644 3178 quam
3689 3096 4045 3173 incessere,
4092 3098 4350 3160 animus

331 3201 471 3264 fuit.
567 3201 878 3264 Lectores
923 3210 1160 3276 autem,
1210 3200 1262 3262 si
1310 3199 1420 3280 qui
1466 3199 1668 3263 futuri
1712 3207 1886 3274 sunt,
1935 3201 2163 3263 hortor
2200 3209 2266 3263 et
2310 3199 2599 3264 obtestor
2644 3219 2760 3281 per
2798 3219 3039 3263 nomen
3063 3198 3192 3264 Dei
3236 3209 3304 3263 et
3328 3197 3598 3263 Domini
3643 3201 3852 3262 nostri
3898 3199 4050 3264 Iesu
4074 3198 4342 3275 Christi,

332 3315 406 3365 ut
446 3305 791 3386 integrum
828 3301 1145 3366 iudicium
1191 3302 1271 3366 ad
1330 3302 1681 3386 legendum
1728 3301 2059 3378 adferant,
2118 3315 2184 3366 et
2228 3304 2519 3366 animum
2539 3355 2553 3380 ,
2610 3305 2792 3384 quasi
2839 3315 3136 3385 paratam
3181 3302 3444 3366 veritati
3490 3302 3729 3366 sedem.
3831 3301 3983 3368 Scio
4026 3310 4341 3385 quantum

331 3408 585 3489 gratiae
650 3405 890 3470 habeat
944 3407 1203 3469 novitas
1261 3405 1342 3468 ad
1402 3405 1868 3470 demulcendas
1932 3405 2340 3487 quorundam
2404 3426 2610 3470 aures.
2718 3404 2852 3470 Sed
2909 3403 3219 3470 'debemus
3286 3405 3601 3489 cogitare,
3674 3428 3874 3469 unam
3927 3426 4067 3470 esse
4120 3426 4346 3471 vocem

330 3511 537 3576 vitae:
587 3531 754 3592 quae
799 3518 898 3573 est
942 3530 1023 3573 ex
1067 3529 1179 3573 ore
1224 3510 1512 3573 Domini.
1601 3508 1779 3573 Huic
1821 3510 1935 3572 uni
1978 3518 2200 3590 patere
2247 3509 2481 3573 debere
2527 3529 2719 3572 aures
2764 3517 3059 3588 nostrae,
3105 3531 3309 3591 quum
3356 3509 3436 3572 de
3481 3509 3776 3574 doctrina
3819 3510 4050 3574 salutis
4095 3509 4344 3593 agitur:

330 3615 608 3680 caeteris
652 3613 956 3678 omnibus
1000 3613 1257 3678 clausas
1302 3632 1459 3676 esse.
1547 3611 1757 3687 Illius,
1805 3612 2088 3693 inquam,
2136 3613 2410 3677 verbum
2452 3633 2587 3675 non
2628 3633 2874 3677 novum
2915 3621 3050 3677 est:
3098 3610 3211 3676 sed
3256 3609 3429 3693 quod
3474 3611 3600 3676 fuit
3646 3634 3685 3677 a
3727 3613 4068 3695 principiO,
4116 3620 4234 3690 est,
4282 3620 4349 3677 et

336 3739 600 3802 semper
640 3718 779 3780 erit.
871 3717 963 3780 Et
999 3737 1197 3798 quam
1242 3724 1481 3787 errant,
1529 3715 1641 3796 qui
1688 3714 1961 3779 verbum
2004 3715 2151 3792 Dei,
2197 3734 2508 3797 perverso
2570 3736 2691 3778 usu
2736 3725 2802 3779 et
2855 3715 3120 3798 ignavia
3167 3712 3478 3792 desitum,
3539 3735 3738 3797 quum
3785 3717 3852 3779 in
3895 3715 4110 3781 lucem
4156 3716 4342 3794 redit,

334 3823 647 3887 novitatis
692 3821 957 3883 nomine
1000 3819 1350 3882 infamant:
1396 3825 1534 3880 tam
1578 3827 1855 3907 peccant*
1891 3819 1960 3880 in
2007 3817 2282 3882 alteram
2326 3826 2582 3900 partem
2627 3817 2757 3899 qui,
2805 3816 2986 3880 velut
3030 3815 3420 3893 arundines,
3478 3819 3710 3900 quovis
3757 3826 3953 3882 vento
3996 3818 4343 3899 impellun-

336 3937 473 3990 tur:
520 3926 655 3989 imo
701 3923 783 3988 ad
828 3922 1186 4004 quamlibet
1228 3921 1440 3985 levem
1484 3941 1710 3985 auram
1756 3929 2000 3984 nutant
2042 3929 2107 3984 et
2149 3922 2589 3986 inflectuntur.
2648 3921 2758 3983 An
2797 3919 2921 3984 hoc
2966 3927 3066 3983 est
3109 3919 3450 3983 Christum
3495 3918 3760 3999 discere,
3808 3918 4148 4002 quibusvis
4192 3919 4345 3984 doc-

337 4030 545 4106 trinis,
592 4028 791 4091 etiam
825 4027 1019 4103 veriS,
1066 4025 1206 4090 sine
1252 4025 1450 4091 verbo
1494 4022 1624 4089 Dei
1669 4046 1892 4089 aurem
1938 4023 2466 4090 accommodare?
2569 4020 2646 4087 Si
2702 4022 2939 4105 accipis
2994 4031 3070 4087 ut
3111 4023 3192 4087 ab
3253 4023 3544 4086 homine:
3602 4044 3821 4087 nonne
3885 4033 3952 4086 et
4004 4020 4345 4090 mendacia

335 4131 566 4197 eadem
609 4130 923 4196 facilitate
966 4128 1270 4194 hauries?
1338 4125 1515 4208 Quid
1559 4128 1736 4192 enim
1773 4128 1967 4192 homo
2012 4149 2206 4192 suum
2252 4125 2467 4204 habet,
2514 4127 2641 4190 nisi
2687 4125 3092 4190 vanitatem?
3154 4127 3247 4190 At
3289 4146 3421 4189 non
3464 4127 3556 4190 sic
3601 4126 3713 4202 illi,
3761 4126 3872 4207 qui
3917 4146 4121 4207 quum
4167 4147 4344 4191 rece-

331 4237 588 4318 pissent
633 4232 935 4310 verbum,
981 4231 1445 4297 scrutabantur
1488 4232 1867 4313 scripturas,
1916 4253 2000 4295 an
2047 4231 2207 4296 haec
2251 4232 2343 4293 ita
2387 4252 2455 4294 se
2501 4231 2822 4294 haberent
2874 4231 3046 4302 (Act.
3092 4232 3185 4306 17,
3233 4228 3381 4312 ll)?
3471 4228 3894 4294 Praeclarum
3939 4228 4336 4310 exemplum,

322 4340 389 4404 ‘si
434 4338 700 4421 quidem
744 4337 1181 4401 imitaremur:
1250 4355 1482 4399 verum
1538 4356 1657 4399 nos
1700 4335 1919 4398 nescio
1963 4355 2092 4416 qua
2138 4332 2413 4409 desidia,
2462 4353 2576 4397 seu
2621 4333 2839 4414 potius
2882 4341 3285 4414 contemptu,
3347 4332 3622 4396 verbum
3668 4331 3798 4394 Dei
3842 4331 4222 4413 recipimus:
4264 4340 4342 4395 ut

332 4462 537 4523 quum
581 4448 718 4505 tres
763 4439 1050 4523 syllabas
1096 4437 1534 4515 didicerimus,
1579 4438 1800 4502 statim
1845 4438 2146 4520 opinione
2192 4437 2550 4518 sapientiae
2606 4446 2987 4518 turgeamus
3005 4488 3021 4514 ,
3069 4447 3135 4499 et
3176 4444 3399 4498 tamen
3426 4436 3475 4518 ¹)
3532 4454 3668 4498 non
3726 4453 4096 4516 crepemus,
4154 4434 4340 4499 nobis

331 4545 573 4611 divites
617 4566 692 4609 ac
736 4564 940 4628 reges.
1030 4542 1207 4607 Hinc
1253 4550 1390 4605 tam
1433 4540 1675 4604 multos
1721 4540 1972 4619 videas,
2034 4540 2145 4623 qui
2189 4541 2255 4603 in
2300 4540 2595 4603 omnium
2653 4538 3057 4604 saeculorum
3102 4537 3540 4620 ignorantiam
3585 4538 3831 4621 tragice
3879 4537 4336 4616 vociferantur,

329 4671 462 4714 non
506 4650 728 4712 minus
772 4647 898 4730 ipsi
942 4644 1202 4710 indocti.
1295 4643 1430 4732 Sed
1474 4642 1630 4726 quid
1674 4643 1916 4708 facias?
2009 4642 2373 4707 Christiani
2419 4641 2626 4706 videri
2671 4642 2930 4718 volunt,
2978 4648 3046 4705 et
3087 4641 3425 4706 dicuntur:
3484 4641 3638 4723 quia
3692 4641 3941 4724 aliquot
3982 4640 4200 4721 capita
4242 4638 4338 4702 lo-

331 4773 559 4817 corum
615 4748 1062 4816 communium
1115 4746 1504 4813 delibarunt.
1605 4746 1699 4810 Et
1752 4767 1954 4827 quum
2008 4747 2260 4810 nescire
2316 4744 2559 4828 aliquid
2602 4744 2871 4827 pudeat,
2919 4743 2999 4808 de
3040 4744 3346 4809 omnibus
3389 4744 3975 4820 confidentissime,
4023 4743 4207 4826 quasi
4254 4763 4338 4807 ex

330 4854 607 4938 tripode,
653 4852 1068 4936 respondent.
1161 4852 1339 4915 Hinc
1382 4870 1645 4914 rursum
1691 4857 1791 4912 tot
1831 4848 2216 4926 schismata,
2278 4853 2377 4911 tot
2413 4868 2700 4925 errores,
2748 4854 2845 4911 tot
2886 4846 3037 4910 fidei
3082 4857 3346 4911 nostrae
3390 4845 3712 4912 scandala.
3803 4845 3956 4928 Qua
3999 4847 4336 4910 occasione

333 4979 575 5022 nomen
618 4978 695 5022 ac
739 4955 1011 5021 verbum
1056 4954 1186 5017 Dei
1227 4952 1722 5035 blasphematur
1778 4953 1952 5016 inter
2008 4952 2258 5034 impios.
2351 4950 2647 5015 Tandem
2704 4948 2903 5031 (quod
2949 4957 3048 5014 est
3104 4958 3299 5032 caput
3341 4949 3530 5034 mali)
3588 4948 3742 5015 dum
3799 4949 4120 5014 obstinate
4163 4950 4334 5013 tueri

644 5251 702 5315 1)
744 5247 836 5303 Sic
871 5245 1026 5316 1542,
1063 5251 1113 5301 et
1147 5247 1322 5299 versio
1354 5244 1586 5313 gallica.-
1622 5253 1678 5300 et
1713 5244 2002 5300 toutesfois
2040 5260 2165 5306 sans
2203 5259 2407 5298 crever.
2483 5240 2740 5294 Caeterae
2773 5255 2956 5294 omnes
2989 5239 3217 5294 habent.-
3250 5247 3473 5293 tantum.
3552 5237 3706 5305 Quae
3742 5241 3793 5291 si
3825 5237 4128 5294 ernendatio
4161 5242 4334 5306 fuerit

330 5352 396 5390 ex
432 5337 744 5391 coniectura
778 5343 930 5400 nata,
966 5335 1224 5402 optimam
1260 5346 1392 5385 sane
1427 5330 1649 5387 dixeris.
1723 5330 2008 5384 Alluditur
2044 5329 2121 5383 ad
2156 5328 2186 5380 1
2230 5328 2350 5383 Gor.
2385 5327 2435 5397 4,
2473 5325 2522 5380 8.
