5100 6061
792 415 827 473 7
835 415 873 475 9
2430 406 2558 471 DE
2604 404 3150 472 CLEMENTIA
3312 506 3321 525 “
4686 413 4757 473 80

788 600 895 665 nis
937 598 1079 663 dari
1122 597 1387 662 solitum
1430 597 1603 681 apud
1626 590 1997 674 Romanos,
2042 592 2593 677 quemadmodum
2636 615 2738 659 se-

790 686 1115 750 natoriam
1178 683 1593 766 dignitatem,
1672 694 1739 747 et
1817 683 1945 747 alia
2014 680 2272 763 publica
2298 701 2303 705 ·
2334 689 2734 745 ornamenta.

789 771 1020 837 Cicero
1077 770 1364 835 Verrina
1418 769 1606 833 VIL:
1682 768 2068 833 Sententiae
2123 765 2438 830 dicendae
2506 766 2736 844 locum,

791 867 1010 942 togam
1052 867 1479 939 praetextam,
1525 853 1753 920 sellam
1797 853 2110 927 curulem,
2156 852 2262 915 ius
2301 852 2610 934 imaginis
2657 851 2740 916 ad

792 944 1177 1007 memoriam
1223 942 1787 1024 posteritatemque
1832 938 2253 1022 prodendam.

969 1028 1156 1093 Hauc
1184 1025 1478 1113 poenam]
1533 1024 1802 1103 Scilicet
1845 1024 2414 1107 exprobrationem
2473 1046 2743 1089 suorum

797 1115 1256 1181 beneficiorum
1303 1122 1369 1177 et
1410 1111 1902 1196 ingratitudinis
1943 1111 2209 1176 Cinnae.

983 1201 1190 1264 Vitam
1230 1199 1345 1263 tibi
1386 1200 1609 1262 iterum
1652 1195 1758 1283 do]
1808 1197 2148 1261 Peroratio
2163 1248 2177 1273 ,
2223 1196 2293 1259 in
2337 1216 2466 1278 qua
2509 1195 2741 1279 Augu-

797 1296 937 1352 stus
982 1285 1265 1351 Cinnam
1308 1283 1644 1361 admonet,
1704 1293 1770 1346 et
1813 1304 1929 1365 pro
1975 1290 2220 1364 quanto
2261 1281 2574 1346 beneficio
2617 1282 2743 1346 sibi

795 1383 931 1437 tam
973 1371 1143 1436 male
1188 1372 1368 1453 prius
1419 1371 1699 1453 gratiam
1743 1369 2139 1450 reposuerit,
2197 1378 2263 1432 et
2306 1374 2628 1450 quantum
2669 1368 2743 1431 in

793 1467 1123 1542 posterum
1176 1455 1517 1521 debiturus
1573 1456 1674 1519 sit.
1772 1455 1994 1519 Vitam
2037 1453 2238 1518 semel
2282 1455 2585 1537 Augusto
2631 1453 2741 1517 de-

784 1544 997 1621 bebat,
1042 1564 1237 1625 quam
1282 1541 1488 1607 hostis
1535 1542 1706 1606 hosti
1751 1541 2203 1606 concessisset:
2263 1560 2439 1604 nunc
2485 1540 2584 1604 bis
2629 1538 2740 1605 de-

786 1630 916 1708 bet,
964 1638 1031 1693 et
1075 1630 1134 1693 ei
1179 1628 1461 1711 quidem,
1508 1628 1612 1692 cui
1659 1637 1937 1690 mortem
1982 1634 2082 1690 est
2121 1626 2552 1691 machinatus.

962 1714 1338 1780 Insidiatori
1416 1734 1489 1777 ac
1553 1710 1952 1798 parricidae]
2032 1712 2361 1792 Quoniam
2427 1720 2502 1775 ut
2567 1712 2741 1794 apud

787 1800 1245 1883 Tranquillum
1308 1799 1615 1882 legimus,
1696 1798 2055 1881 parricidae
2130 1799 2344 1862 vocati
2410 1807 2567 1862 sunt
2629 1798 2741 1879 qui

785 1887 1053 1953 Caesari
1118 1905 1354 1949 manus
1422 1885 1784 1949 attulerant
1854 1886 1924 1948 in
1990 1883 2201 1961 curia,
2278 1883 2465 1966 quasi
2528 1884 2739 1965 patris

785 1973 1031 2057 publici
1085 1973 1430 2047 occisores,
1488 1979 1556 2035 et
1608 1971 1755 2035 idus
1809 1969 2086 2034 martiae
2142 1968 2566 2052 parricidium
2618 1990 2739 2033 no-

2845 594 3157 676 Lepidum
3201 595 3505 676 quamdiu
3549 595 3709 659 mori
3739 614 3982 674 passus
4014 615 4139 659 non
4181 594 4316 660 est?
4404 592 4522 659 Per
4562 596 4760 663 multos

2843 701 3041 745 armos
3084 682 3226 744 tulit
3258 687 3623 747 ornamenta
3645 682 3965 761 principis
3997 682 4370 746 retinentem.
4437 678 4595 747 Eius
4623 704 4760 764 pou-

2844 768 3145 848 tificatum
3187 768 3537 831 maximum
3571 787 3695 832 non
3733 767 3864 829 uisi
3910 771 4146 831 mortuo
4189 767 4298 832 illo
4341 767 4665 848 transferri
4703 771 4761 832 in

2842 874 2912 918 se
2956 873 3198 933 passus
3248 859 3357 917 est.
3450 852 3688 917 Maluit
3740 854 3905 916 enim
3963 853 4146 917 illum
4214 853 4499 917 honorem
4557 857 4762 933 vocari,

2780 972 2786 977 =
2843 959 3035 1021 quam
3078 939 3363 1019 spolium.
3455 939 3628 1003 Haec
3671 958 3812 1001 eum
3853 939 4169 1003 clementia
4213 940 4299 1003 ad
4333 939 4588 1004 salutem
4620 960 4764 1005 secu-

2843 1026 3209 1105 ritatemque
3231 1025 3554 1105 perduxit.
3626 1024 3799 1088 Haec
3829 1029 4078 1109 qratum
4107 1025 4620 1106 favorabilemque
4648 1027 4765 1091 red-

2845 1111 3038 1181 didit,
3083 1112 3371 1191 quamvis
3415 1111 3685 1175 nondum
3724 1110 3995 1175 subactis
4036 1110 4414 1192 reipublicae
4456 1112 4768 1177 cervicibus

2844 1216 3104 1260 manian
3141 1198 3549 1278 imposuisset.
3637 1196 3811 1261 Haec
3855 1196 4032 1261 hodie
4061 1202 4349 1276 praestat
4392 1197 4490 1262 illi
4529 1196 4765 1278 famam,

2846 1302 3007 1363 quae
3060 1285 3172 1346 via>
3225 1283 3387 1347 vivis
3433 1282 3838 1364 principibus
3891 1285 4096 1346 servit.
4184 1282 4398 1347 Deum
4449 1303 4604 1361 esse,
4660 1305 4770 1349 uon

2844 1374 3147 1449 tanquam
3180 1370 3362 1446 iussi,
3409 1369 3719 1432 credimus
3761 1369 3983 1432 bouum
4015 1370 4232 1449 princ-i
4224 1389 4372 1451 pem
4416 1369 4767 1452 Auyustum,

2845 1460 2902 1518 et
2945 1454 3087 1518 bene
3134 1455 3233 1518 illi
3268 1456 3613 1519 convenisse
3644 1455 3932 1535 parentis
3966 1475 4182 1518 nomeu
4213 1458 4506 1535 fatemur,
4552 1456 4620 1521 ob
4652 1457 4773 1521 nul-

2844 1540 2974 1604 lam
3028 1541 3226 1605 aliam
3291 1560 3549 1605 causam
3565 1590 3579 1617 ,
3648 1560 3839 1620 quam
3888 1541 4051 1621 quod
4107 1542 4505 1606 contumelias
4555 1562 4771 1624 quoque

2843 1647 3016 1701 suas,
3053 1644 3210 1707 quae
3253 1626 3591 1690 acerbiores
3626 1627 4026 1708 principibus
4065 1627 4265 1691 solent
4297 1648 4428 1693 esse
4471 1648 4656 1708 quam
4692 1630 4775 1691 in-

2844 1713 3073 1790 iuriae,
3119 1712 3300 1777 nulla
3342 1713 3702 1777 mcdelitate
3744 1712 4218 1792 exsequebatur.-
4272 1715 4435 1794 quod
4466 1714 4774 1795 probrosis

2844 1800 2913 1861 iu
2957 1818 3023 1862 se
3065 1799 3252 1863 dictis
3296 1800 3553 1862 arrisit.-
3611 1800 3772 1877 quod
3828 1799 3983 1861 dare
4027 1799 4210 1863 illum
4244 1820 4483 1880 poenas
4528 1821 4772 1882 appare-

2844 1883 2972 1962 bat,
3028 1906 3224 1965 quum
3265 1885 3563 1967 exiyeret:
3627 1885 3790 1965 quod
3843 1903 4228 1964 quoscunque
4292 1885 4360 1948 ob
4418 1886 4777 1951 adulterium

2841 1969 3133 2050 familiae
3178 1990 3332 2035 suae
3371 1971 3794 2049 damnaverat,
3838 1972 3990 2034 adeo
4033 1992 4155 2034 uon
4195 1972 4429 2050 oceidit,
4474 1977 4542 2035 ut
4574 1973 4776 2039 dimis-

784 2062 1092 2125 minatae.
1183 2056 1412 2121 Cicero
1456 2055 1563 2120 lib.
1601 2057 1761 2120 XII.
1810 2057 2257 2138 Epistolarum
2292 2055 2552 2120 Cassio:
2599 2057 2743 2119 Au-‘
2790 2098 2794 2165 ι
2844 2075 2964 2133 sis,
3026 2077 3144 2137 quo
3209 2058 3462 2120 tutiores
3526 2061 3753 2133 essent,
3819 2056 4164 2153 diplomata
4229 2058 4425 2122 daret.
4523 2058 4652 2122 Hoc
4702 2065 4778 2124 est

789 2156 899 2230 get
940 2151 1099 2207 tuus
1144 2144 1390 2208 amicus
1435 2144 1723 2207 furorem
1766 2144 1838 2206 in
1873 2140 2043 2206 dies:
2092 2144 2375 2224 primum
2414 2142 2483 2204 in
2521 2150 2740 2205 statua

789 2251 982 2314 quam
1042 2230 1257 2311 posuit
1309 2231 1381 2292 in
1422 2230 1678 2303 rostris,
1744 2228 2105 2315 inscripsit:
2163 2228 2435 2292 Parenti
2491 2226 2737 2309 optimo
2789 2292 2794 2311 1
2841 2233 2898 2289 te
2952 2230 3343 2293 irascantur.-
3414 2234 3471 2292 et
3536 2229 3648 2292 tibi
3704 2229 3907 2292 alieno
3963 2231 4270 2311 sanquine
4322 2230 4777 2312 munificam,

786 2317 1036 2380 merito.
1125 2315 1221 2380 Ut
1257 2336 1389 2378 non
1431 2314 1625 2383 modo
1671 2314 1916 2392 sicarii,
1974 2314 2087 2378 sed
2132 2313 2330 2377 etiam
2376 2312 2740 2395 parricidae
2791 2318 2794 2327 '
2843 2334 2962 2377 non
3007 2314 3160 2377 dare
3203 2320 3445 2378 tantum
3486 2315 3771 2391 salutem,
3815 2315 3922 2377 sed
3959 2321 4300 2395 praestare.

786 2401 1183 2466 indicemini.
1254 2400 1363 2465 Ad
1404 2400 1472 2465 id
1517 2402 1715 2464 etiam
1760 2400 1982 2464 allusit
2026 2399 2339 2463 Valerius
2383 2398 2492 2463 lib.
2530 2399 2584 2463 Ι.
2645 2399 2736 2463 M.

789 2489 988 2552 etiam
1041 2486 1237 2550 Bruti
1292 2486 1529 2570 dignus
1585 2483 1870 2551 admisso
1927 2484 2274 2568 parricidio
2320 2492 2596 2550 eventus
2641 2494 2740 2549 est

789 2575 1003 2638 omine
1046 2572 1446 2656 designatus.
1534 2573 1627 2636 Et
1668 2573 1734 2635 in
1783 2571 1928 2636 aliis
1974 2572 2224 2653 aliquot
2263 2570 2434 2635 locis.

961 2658 1069 2723 Ex
1110 2659 1405 2723 hodierno
1452 2656 1579 2745 die]
1631 2656 1882 2723 Sensus
1926 2665 2057 2723 est:
2117 2655 2230 2722 sio
2278 2666 2580 2721 mutuam
2638 2658 2739 2721 in-

790 2766 1017 2810 eamus
1084 2744 1632 2823 benevolentiam,
1692 2745 1875 2826 quasi
1932 2743 2117 2807 nulla
2180 2742 2457 2808 antehac
2512 2744 2737 2807 fuerit:

790 2852 1015 2896 omnes
1058 2830 1331 2894 iniurias
1367 2829 1694 2895 oblivione
1730 2822 2175 2905 conteramus,⁸
2201 2830 2530 2911 fingamus
2569 2850 2740 2893 nun-

790 2938 985 3001 quam
1043 2917 1240 2981 fuisse
1297 2914 1695 2999 diremptum
1752 2937 2067 2992 amorem,
2123 2937 2206 2980 ne
2263 2936 2391 2997 qua
2445 2915 2742 2980 labecula

787 3003 1052 3082 incidat,
1098 3007 1246 3082 [pag.
1286 3008 1393 3081 70]
1451 3023 1616 3084 quae
1661 3002 1962 3068 obscuret
2003 3012 2413 3085 praesentem
2458 3001 2740 3067 benevo-

789 3090 1081 3154 lentiam.
1173 3089 1520 3154 Certemus
1563 3109 1646 3153 ex
1689 3089 1813 3155 hoc
1859 3089 1961 3153 die
2006 3089 2264 3167 officiis,
2311 3087 2502 3152 modo
2544 3089 2740 3153 intel—

786 3176 955 3260 ligas
1001 3188 1065 3240 te
1108 3175 1291 3240 velut
1344 3175 1636 3239 debitum
1680 3175 2083 3257 persolvere,
2143 3195 2248 3238 me
2288 3174 2461 3238 ultro
2504 3188 2740 3257 provo-

788 3282 968 3326 casse
1011 3282 1212 3343 quum
1255 3259 1421 3324 nihil
1468 3259 1787 3326 deberem.

978 3346 1201 3411 Utrum
1244 3366 1347 3429 eqo
1387 3347 1636 3411 meliore
1668 3347 1792 3426 fide
1883 3344 1997 3411 Sic
2052 3366 2093 3410 a
2135 3345 2364 3411 Curtio
2408 3346 2742 3411 inducitur

789 3431 1172 3497 Alexander
1215 3432 1415 3497 verba
1447 3432 1689 3497 faciens
1861 3432 2132 3497 milites:
2178 3432 2432 3497 Eadem
2473 3431 2601 3497 fide
2637 3454 2740 3497 re-

793 3518 926 3581 dite
983 3539 1237 3582 mecum
1308 3519 1378 3581 in
1444 3519 1750 3601 gratiam,
1829 3539 1959 3601 qua
2024 3519 2357 3583 vobiscum
2422 3526 2736 3582 revertor.

791 3604 983 3668 Bona
1025 3603 1185 3668 fides
1231 3602 1354 3681 hic,
1400 3623 1566 3685 quae
1611 3604 1885 3670 Graecis
1926 3609 2210 3667 ἐπιείκεια
2253 3609 2353 3666 καὶ
2392 3604 2738 3688 χρηστότης,

790 3688 862 3753 id
905 3699 1006 3754 est
1046 3690 1335 3773 probitas
1380 3704 1447 3752 et
1488 3691 1826 3754 sinceritas
1867 3692 1936 3754 in
1996 3692 2335 3756 servandis
2379 3692 2738 3772 promissis.

791 3775 1210 3857 Tranquillus
1255 3777 1324 3839 in
1366 3777 1699 3858 Augusto:
1747 3777 1996 3858 Populo
2043 3777 2434 3859 promissum
2478 3779 2740 3861 congia-

789 3862 966 3926 rium
1008 3862 1388 3942 reposcenti,
1437 3861 1786 3943 respondit,
1834 3883 1902 3926 se
1946 3861 2156 3928 bonae
2193 3862 2341 3927 fidei
2389 3883 2549 3927 esse.
2620 3861 2741 3928 Se-

790 3969 951 4012 neca
997 3947 1206 4031 Epist.
1257 3951 1358 4010 12:
1420 3948 1775 4030 Nunquam
1821 3948 1990 4013 bona
2028 3949 2155 4013 fide
2199 3950 2362 4012 vitia
2403 3970 2741 4014 mansues-

793 4041 965 4098 cunt.

967 4118 1183 4184 Nullis
1233 4120 1516 4200 amplius
1571 4117 1856 4206 insidiis]
1933 4119 2245 4185 Clausala
2296 4126 2460 4202 quae
2517 4142 2739 4185 exem-

789 4205 973 4355 plum
1027 4205 1124 4269 rei
1177 4205 1506 4287 praesenti
1565 4205 2023 4271 accommodat.
2123 4207 2292 4270 Erat
2350 4207 2525 4270 enim
2591 4228 2738 4289 pro-

837 4292 1110 4367 andum‚
1180 4292 1405 4373 augeri
1472 4313 1511 4355 a
1583 4292 1846 4374 regibus
1909 4292 2325 4356 inimicorum
2392 4314 2739 4356 numerum

792 4375 1097 4452 tollendo,
1143 4377 1297 4457 quia
1330 4385 1633 4458 parentes
1669 4386 1734 4441 et
1766 4378 2113 4461 propinqui
2148 4379 2217 4442 in
2252 4378 2741 4444 demortuorum

722 4535 735 4547 ·
793 4462 1012 4527 locum
1060 4461 1432 4527 succedunt.

1552 4753 1854 4822 CAPUT
1897 4756 1983 4820 X.

967 4892 1216 4976 Iyuovit
1268 4893 1507 4958 abavus
1566 4897 1711 4956 tuus
1766 4893 1960 4957 victis.
2056 4893 2227 4956 Nam
2281 4896 2341 4957 si
2398 4915 2522 4958 uon
2574 4895 2745 4977 iquo-

794 4979 981 5042 visset
998 5030 1011 5057 ,
1079 4979 1304 5061 quibus
1360 4977 1774 5059 imperasset?
1870 4978 2250 5057 Salustium,
2321 4979 2622 5058 Cocceios,
2689 4985 2744 5044 et

797 5063 1068 5129 Deillios
1084 5117 1097 5144 ‚
1154 5070 1207 5129 et
1251 5068 1438 5129 totam
1480 5064 1781 5127 eohortem
1817 5066 2100 5143 primam
2142 5066 2466 5129 interioris
2509 5067 2743 5131 admis-

795 5150 993 5214 sionis
1036 5171 1113 5214 ex
1158 5150 1668 5216 adversariorum
1706 5151 1932 5215 castris
1966 5151 2344 5231 conscripsit.
2414 5151 2591 5215 Nam
2613 5152 2744 5217 Do-

794 5237 1022 5314 mitios,
1069 5236 1405 5312 Messalas,
1451 5234 1720 5299 Asinios
1734 5285 1750 5314 ,
1802 5234 2148 5313 Cicerones,
2194 5242 2250 5300 et
2291 5238 2599 5321 quidquid
2634 5239 2745 5316 slo-

793 5322 893 5386 ris
941 5323 1011 5384 in
1050 5323 1299 5386 civitate
1342 5325 1500 5399 erat,
1557 5320 1907 5386 elementiae
1955 5342 2109 5386 suae
2163 5322 2424 5387 debebat.
2516 5323 2743 5404 Ipsum

2846 2146 2993 2219 [pag.
3022 2148 3129 2220 71]
3177 2144 3508 2225 iquoscere,
3554 2164 3746 2223 quum
3786 2163 3953 2207 scias
3994 2143 4218 2207 multos
4249 2146 4503 2223 futuros
4536 2146 4644 2226 qui
4669 2165 4776 2227 pro

3016 2466 3211 2548 Quod
3253 2469 3336 2533 ad
3381 2468 3663 2551 exempli
3708 2469 4202 2534 similitudinem
4245 2473 4636 2554 pertinebat,
4681 2493 4781 2536 ex-

2844 2554 3142 2636 peditum
3188 2566 3307 2633 est,
3355 2564 3615 2619 tantum
3661 2555 4006 2636 profecisse
4053 2557 4437 2640 Augustum
4482 2580 4604 2623 sua
4645 2579 4786 2640 erga

2845 2638 3131 2704 Cinnam
3174 2641 3548 2719 clementia,
3608 2650 3684 2704 ut
3727 2648 3794 2705 et
3835 2642 4021 2706 illum
4073 2643 4194 2707 sibi
4240 2645 4531 2709 amicum
4572 2644 4785 2709 redde-

2844 2734 2974 2802 ret,
3043 2738 3109 2791 et
3168 2726 3366 2792 nullis
3432 2727 3714 2810 amplius
3781 2727 4034 2793 insidiis
4099 2729 4180 2792 ab
4248 2728 4382 2794 ullo
4450 2737 4786 2813 peteretur.

2844 2812 2969 2877 Est
3015 2813 3218 2897 igitur
3262 2814 3540 2878 alterum
3586 2813 3993 2895 exemplum,
4044 2815 4231 2879 victis
4275 2816 4617 2899 ignovisse
4662 2818 4788 2880 Au-

2845 2904 3147 2981 gustum‚'
3181 2899 3372 2981 idque
3417 2899 3513 2963 illi
3559 2899 3834 2964 feliciter
3876 2900 4171 2977 cessisse,
4220 2923 4346 2983 quo
4395 2902 4484 2967 ad
4529 2902 4791 2968 eandem

2846 2985 3226 3051 facilitatem
3271 2987 3600 3051 Neronem
3646 2984 3906 3050 alliciat.
3978 2985 4256 3052 Ovidius
4299 2987 4476 3054 libro
4521 2989 4613 3054 II.
4660 2987 4791 3053 Tri-

2847 3072 3046 3135 stium
3091 3072 3155 3163 id
3199 3073 3415 3155 ipsum
3465 3081 3742 3138 testatur
3786 3071 3870 3135 ad
3914 3073 4291 3157 Augustum
4337 3075 4660 3142 scribens:

3051 3191 3260 3246 Divitiis
3299 3194 3458 3245 etiam
3496 3193 3693 3247 multos
3732 3202 3787 3245 et
3820 3194 4114 3247 honoribus
4153 3201 4347 3248 auctos

3153 3262 3291 3329 Vidi,
3329 3263 3418 3328 qui
3454 3262 3692 3315 tulerant
3725 3263 3777 3315 in
3816 3270 3984 3330 caput
4018 3279 4168 3315 arma
4202 3271 4372 3317 tuum.

3053 3328 3308 3399 Quaeque
3345 3329 3459 3383 dies
3495 3330 3711 3399 bellum,
3747 3331 3874 3384 belli
3909 3332 4004 3385 tibi
4040 3331 4258 3384 sustulit
4292 3333 4460 3387 iram:

3155 3399 3393 3466 Parsque
3433 3400 3584 3453 simul
3621 3401 3836 3467 templis
3875 3408 4100 3467 utraque
4139 3400 4282 3453 dona
4322 3402 4472 3455 tulit.

2844 3491 3031 3557 Idem
3073 3491 3180 3558 lib.
3227 3494 3280 3557 I.
3330 3492 3409 3558 de
3454 3494 3697 3558 Ponto:

3051 3595 3156 3648 Sed
3193 3597 3346 3665 piger
3381 3597 3450 3649 ad
3486 3613 3691 3665 poenas
3729 3599 3996 3666 princepS,
4034 3598 4103 3650 ad
4138 3599 4388 3666 praemia
4427 3600 4622 3654 velox:

3154 3665 3360 3733 Quique
3399 3666 3548 3719 dolet
3582 3668 3793 3734 quoties
3831 3669 4038 3735 cogitur
4075 3682 4194 3720 esse
4229 3666 4414 3721 ferox.

3051 3731 3152 3799 Qui
3187 3736 3351 3787 vincit
3386 3750 3614 3802 semper,
3653 3736 3804 3788 victis
3841 3745 3901 3788 ut
3976 3751 4161 3788 arcere
4196 3737 4408 3803 possit:

3156 3802 3362 3856 Clausit
3396 3811 3451 3856 et
3487 3810 3708 3856 aeterna
3746 3805 3915 3857 civica
3986 3803 4092 3856 ella
4128 3820 4267 3857 sera.

3051 3870 3228 3925 Multa
3262 3881 3407 3926 metu
3443 3887 3672 3940 poenae,
3708 3889 3886 3939 poena
3923 3873 4013 3940 qui
4047 3888 4222 3940 pauca
4259 3886 4514 3943 coercet,

3151 3939 3225 3993 Et
3259 3942 3386 3994 iacit
3419 3942 3584 3993 invita
3618 3940 3841 3993 fulmina
3875 3957 3998 3993 rara
4032 3957 4209 3994 manu.

3017 4035 3280 4099 Abavus
3323 4032 3496 4120 tuus]
3587 4035 3735 4098 Non
3801 4045 4044 4099 temere
4098 4039 4400 4118 reperias
4470 4040 4590 4122 qui
4642 4058 4806 4103 asse-

2844 4131 3100 4206 quatur,
3158 4119 3476 4202 quomodo
3529 4122 3649 4185 hoc
3705 4120 3914 4203 gradu
3976 4124 4389 4205 cognationis
4451 4126 4540 4190 ad
4582 4126 4806 4207 Augu-

2844 4218 3020 4275 stum
3060 4207 3422 4289 pertineret
3466 4206 3659 4269 Nero,
3725 4207 3898 4271 Nam
3943 4206 4188 4272 abavus
4232 4210 4385 4276 eius
4435 4212 4671 4295 stirpis
4704 4229 4811 4294 pa-

2843 4304 3068 4359 ternae
3103 4293 3227 4357 fuit
3249 4292 3579 4357 Domitius
3614 4292 3690 4371 is,
3728 4293 3840 4376 qui
3873 4301 4137 4375 praetor
4164 4293 4538 4362 Gaesarem
4577 4299 4811 4362 abeun-

2845 4389 2979 4445 tem
3025 4378 3394 4455 consulatu,
3453 4399 3646 4460 quem
3693 4388 3923 4443 contra
3967 4379 4145 4462 leges
4186 4384 4633 4467 auspiciaque
4678 4404 4812 4468 ges·

2846 4467 3008 4531 sisse
3052 4465 3483 4542 existimabat,
3530 4462 3613 4528 ad
3657 4463 4172 4547 disquisitionem
4220 4479 4512 4535 senatus
4543 4470 4812 4537 vocavit.

2847 4553 3006 4617 Mox
3049 4550 3275 4614 consul
3328 4552 3784 4631 imperatorem
3830 4550 3911 4615 ab
3955 4553 4358 4618 exercitibus
4406 4557 4677 4640 gallicis
4719 4576 4813 4620 re-

2848 4639 3109 4702 trahere
3155 4637 3456 4701 tentavit:
3518 4657 3977 4718 successorque
4022 4639 4080 4701 ei
4127 4658 4244 4721 per
4288 4641 4667 4708 factionem
4710 4662 4817 4706 no·

2848 4725 3174 4800 minatus,
3221 4722 3537 4804 principio
3582 4722 3793 4787 civilis
3834 4723 3986 4787 belli
4033 4723 4114 4787 ad
4160 4723 4633 4808 Corphinium
4676 4747 4819 4810 cap-

2847 4817 2956 4874 tus
3001 4819 3117 4884 est,
3163 4809 3424 4889 acieque
3470 4808 3734 4872 demum
3779 4809 4164 4875 Pharsalica
4206 4814 4568 4892 occubuit,
4618 4814 4823 4897 inquit

2849 4894 3287 4977 Tranquillus.
3395 4892 3548 4973 Qua
3611 4896 3864 4959 ratione
3921 4895 4263 4978 Augustus
4339 4921 4488 4964 non
4558 4902 4820 4974 abavus,
4989 4919 4990 4990 χ

2849 4981 2964 5046 sed
3019 4980 3500 5063 proavunculus
3556 4978 3868 5045 dicendus
3928 4990 4116 5045 esset.
4208 4980 4585 5067 Siquidem
4632 4987 4824 5053 Octa·
4989 4993 4990 5006 ¹

2849 5070 2995 5133 vius
3052 5075 3239 5150 pater
3293 5066 3577 5149 Augusti
3641 5066 3841 5130 filiam
3908 5067 4139 5131 habuit
4193 5067 4605 5152 Octaviam,
4666 5091 4822 5155 quac

2848 5153 3139 5218 Antonio
3181 5152 3253 5215 in
3296 5153 3783 5217 matrimonium
3820 5152 4147 5232 collocata,
4194 5175 4284 5219 ex
4323 5179 4408 5223 eo
4452 5159 4629 5225 duas
4665 5159 4825 5226 filias

2847 5238 3133 5314 sustulit,
3179 5259 3458 5320 quarum
3503 5240 3712 5303 maior
3756 5239 4047 5303 Antonia
4086 5240 4394 5320 nomine,
4458 5267 4553 5311 ex
4598 5244 4825 5311 Domi-

2849 5325 2943 5389 tio
2987 5345 3110 5388 avo
3153 5325 3406 5406 peperit
3447 5323 3814 5389 Domitium
3856 5333 4130 5407 patrem.
4221 5326 4526 5398 Abavus
4587 5339 4828 5398 mater-
