5100 6061
386 395 506 458 201

1902 390 2851 459 PSYOHOPANNYCHIA.

4255 405 4379 466 202

385 579 483 645 illi
526 602 785 645 mecum
830 581 977 659 sint,
1023 587 1098 645 ut
1139 579 1409 645 videant
1450 580 1817 645 claritatem
1861 601 2092 658 meam,
2140 603 2335 664 quam
2439 582 2605 645 nihil
2649 583 2921 660 mirum,
2979 582 3033 647 si
3080 582 3221 647 sine
3274 606 3538 666 corpore
3582 586 3924 665 subsistat,
3981 608 4102 652 nec
4156 597 4381 670 pereat

388 666 627 732 dedisti
670 667 837 731 mihi
882 667 1139 750 (Ioann.
1184 671 1280 744 17,
1322 666 1451 750 24).

560 787 753 851 Hanc
796 788 1000 871 igitur
1042 785 1268 864 fidem,
1329 785 1632 851 omnibus
1686 787 2077 869 prophetiiS,
2134 809 2334 852 evan-

433 873 596 937 elica
653 873 957 949 veritate,
1017 871 1283 937 Christo
1338 873 1476 954 ipso
1536 871 1883 937 subnixam
1904 924 1917 949 ,
1979 882 2333 939 teneamus,

388 894 713 1041 {piritum
767 959 1125 1043 imaginem
1184 979 1324 1023 esse
1367 958 1525 1034 Dei,
1582 960 1793 1022 instar
1850 960 2038 1023 cuius
2095 960 2333 1043 vigeat,

386 1044 732 1128 intelligat,
769 1053 1073 1109 aeternus
1107 1045 1209 1108 sit.
1280 1042 1612 1124 Quamdiu
1645 1046 1716 1106 in
1748 1064 2016 1128 corpore
2048 1054 2165 1123 est,
2204 1047 2335 1109 vir-

385 1139 563 1195 tutes
610 1151 762 1195 suas
807 1148 1134 1195 exserere:
1181 1150 1384 1211 quutn
1427 1152 1511 1192 ex
1554 1129 1664 1193 illo
1710 1130 2041 1212 ergastulo
2083 1130 2335 1214 egredi-

384 1227 510 1293 tur,
558 1215 642 1281 ad
686 1216 903 1280 D'eum
948 1217 1251 1298 migrare,
1298 1215 1481 1292 quius
1527 1235 1722 1279 sensu
1766 1216 2034 1279 interim
2077 1218 2334 1295 fruitur,

386 1302 544 1366 dum
588 1304 659 1365 in
705 1323 819 1383 spe
859 1303 1090 1367 beatae
1134 1300 1629 1365 resurrectionis
1684 1301 2047 1383 requiescit.
2139 1303 2336 1369 Hanc

382 1388 697 1470 requiem,
738 1386 838 1451 illi
883 1409 1024 1451 esse
1071 1386 1463 1470 paradisum.
1531 1383 1851 1469 Spiritum
1890 1409 2045 1452 vero
2078 1389 2338 1470 reprobi

383 1472 691 1546 hominis,
731 1472 891 1537 dum
928 1471 1216 1537 terribile
1252 1471 1563 1536 iudicium
1600 1473 1669 1536 in
1707 1492 1777 1536 se
1814 1481 2164 1554 exspectat,
2203 1482 2337 1538 tor-

381 1560 572 1641 queri
616 1559 729 1622 illa
772 1560 1270 1641 exspectatione,
1317 1578 1510 1640 quam
1553 1557 1803 1622 Paulus
1833 1559 1881 1641 ¹)
1940 1560 2020 1624 ob
2054 1559 2121 1623 id
2158 1564 2336 1642 φοβε-

383 1642 518 1727 ράν,
554 1644 623 1708 1(1
661 1653 780 1724 est,
817 1643 1291 1709 formidabilem
1313 1644 1574 1709 vocavit
1608 1642 1839 1725 (Hebr.
1886 1649 1980 1721 10,
2023 1646 2150 1724 27).
2216 1646 2336 1711 Ul-

380 1740 488 1794 tra
531 1731 881 1813 inquirere,
930 1752 1000 1794 se
1042 1732 1435 1813 immergere
1479 1737 1579 1793 est
1620 1729 1690 1792 in
1737 1728 2045 1814 abyssum
2088 1744 2335 1816 myste-

380 1817 632 1881 riorum
666 1817 822 1880 Dei:
870 1838 1071 1898 quum
1116 1817 1274 1880 satis
1316 1815 1403 1880 sit
1446 1812 1767 1894 didicisse,
1814 1815 1988 1897 quod
2026 1819 2182 1882 satis
2220 1818 2337 1881 ha-

380 1900 527 1966 buit
572 1901 865 1967 docuisse
911 1903 1180 1984 spiritus
1221 1902 1505 1983 optimus
1539 1902 1871 1983 magister.
1941 1901 2149 1967 Cuius
2185 1925 2336 1968 ver-

380 1987 546 2052 bum
591 1996 720 2051 est:
770 1987 1013 2052 Audite
1046 2009 1170 2064 me,
1219 1999 1284 2050 et
1322 1987 1499 2051 vivet
1535 1987 1753 2051 anima
1785 1994 2026 2051 vestra.
2085 1993 2201 2067 [fol.
2229 1995 2338 2067 23]

384 2071 603 2153 Quam
646 2073 758 2137 ille
794 2075 1140 2155 sapienter,
1185 2093 1341 2155 prae
1377 2072 1651 2138 istorum
1688 2072 2337 2154 vaniloquentissima

382 2159 792 2243 arrogantia:
840 2159 1174 2224 Iustorum
1216 2160 1473 2222 animae
1517 2160 1587 2220 in
1632 2179 1833 2222 manu
1876 2159 2007 2223 Dei
2051 2167 2224 2237 sunt,
2271 2172 2337 2224 et

381 2265 517 2308 non
561 2253 792 2328 tanget
841 2244 988 2310 illos
1034 2252 1431 2308 tormentum
1477 2245 1722 2309 mortis.
1792 2244 1940 2309 Visi
1984 2254 2138 2310 sunt
2180 2246 2332 2310 obu-

380 2329 464 2396 lis
507 2331 937 2412 insipientum
981 2330 1177 2407 mori,
1236 2329 1336 2393 illi
1389 2337 1609 2394 autem
1655 2338 1810 2394 sunt
1851 2331 1921 2394 in
1964 2350 2153 2413 pace,
2211 2340 2329 2397 etc.

381 2416 515 2480 Hic
557 2416 712 2481 finis
755 2425 858 2480 est
902 2426 1162 2480 nostrae
1199 2416 1578 2497 sapientiae,
1624 2435 1805 2498 quae,
1853 2425 1930 2479 ut
1963 2416 2179 2481 sobria
2214 2426 2331 2496 est,

382 2514 451 2567 et
487 2503 634 2566 Deo
680 2502 998 2579 subiecta,
1059 2502 1152 2565 ita
1204 2503 1392 2567 novit
1445 2522 1553 2566 eos
1598 2502 1711 2583 qui
1753 2522 1954 2584 supra
1997 2524 2067 2567 se
2110 2503 2332 2568 nitun-

379 2597 508 2666 tur,
557 2608 819 2670 semper
863 2608 1184 2653 corruere.

553 2724 750 2789 Nunc
795 2743 998 2789 cunas
1040 2725 1464 2803 excutiemus,
1510 2724 1579 2789 in
1622 2723 1856 2805 quibus
1901 2726 2144 2807 sopitas
2189 2726 2331 2789 ani-

378 2829 525 2873 mas
571 2815 996 2891 componunt:
1036 2818 1104 2873 et
1147 2830 1435 2893 papaver
1470 2809 1818 2887 diluemus,
1858 2810 2026 2891 quod
2071 2809 2201 2875 illis
2248 2811 2332 2875 ad

380 2896 864 2961 conciliandum
893 2917 1195 2960 somnum
1215 2898 1586 2980 propinant.
1626 2896 2117 2961 Circumferunt
2155 2898 2331 2960 enim

377 2981 628 3064 aliquot
665 2982 1024 3065 scripturae
1059 2981 1249 3059 locos,
1287 2982 1400 3065 qui
1436 2982 1750 3049 videntur
1784 2981 1893 3047 isti
1930 3002 2156 3047 somno
2194 2983 2329 3047 suf-

374 3069 654 3152 fragari:
714 3079 887 3144 tum,
945 3069 1130 3150 quasi
1186 3067 1269 3132 ad
1324 3068 1646 3152 liquidum
1702 3068 2006 3133 dormitio
2058 3070 2331 3152 probata

377 3154 486 3232 sit,
533 3154 890 3218 fulminant
932 3155 1000 3216 in
1027 3175 1153 3233 eos,
1201 3156 1312 3236 qui
1355 3176 1488 3219 non
1530 3156 1751 3221 statim
1795 3155 1999 3218 errori
2026 3175 2141 3219 8110
2178 3175 2330 3220 0011-

375 3240 694 3304 sentiunt.
786 3236 1124 3305 Obiiciunt
1174 3241 1462 3322 primurn
1503 3263 1636 3306 non
1681 3240 1880 3305 aliam
1937 3239 2186 3304 homini
2228 3242 2328 3304 in-

375 3325 593 3389 fusam
639 3324 928 3389 animam
953 3324 1176 3403 aDeo,
1222 3346 1418 3409 quam
1455 3347 1625 3409 quae
1665 3326 1755 3391 sit
1803 3326 1898 3389 illi
1935 3345 2084 3390 cum
2106 3326 2328 3393 bestiis

376 3410 688 3475 omnibus
710 3412 1089 3476 communie.
1138 3410 1462 3476 Omnibus
1475 3414 1650 3476 enim
1673 3434 1755 3476 ex
1787 3431 1990 3494 aequo
2005 3413 2328 3494 scriptura

374 3495 684 3561 attribuit
718 3497 1006 3561 animam
1042 3498 1391 3563 viventem.
1455 3497 1551 3563 Ut
1584 3519 1783 3580 quum
1822 3495 2085 3561 dicitur:
2125 3496 2326 3562 Crea-

373 3581 478 3648 vit
513 3583 701 3647 Deus
736 3591 875 3647 cete
911 3581 1207 3665 grandia,
1246 3591 1314 3647 et
1356 3603 1617 3648 omnem
1657 3583 1945 3647 animam
1989 3583 2323 3647 viventem

374 3667 583 3753 (Gen.
621 3673 673 3746 1,
706 3667 835 3752 21).
926 3669 1130 3747 Item,
1177 3669 1350 3733 Bina
1406 3689 1489 3733 ex
1538 3670 1715 3733 omni
1782 3689 2008 3747 carne,
2067 3669 2138 3731 in
2197 3690 2325 3752 qua

373 3761 526 3818 erat
569 3755 842 3837 spiritus
877 3754 1015 3819 vita
1059 3755 1258 3836 (Gen.
1309 3758 1365 3832 7,
1412 3754 1549 3837 15):
1596 3764 1663 3819 et
1707 3754 1837 3820 alia
1879 3753 2167 3818 eiusdem
2213 3775 2324 3837 ge-

370 3840 573 3905 neris.
631 3841 724 3904 Et
747 3840 804 3904 si
833 3860 1160 3922 nusquam
1185 3862 1408 3906 sacrae
1441 3841 1669 3905 literae
1696 3840 2166 3918 meminissent,
2205 3862 2324 3905 nos

371 3934 605 3989 tamen
646 3924 889 4008 liquide
936 3924 1272 3990 admoneri
1316 3927 1397 4001 ab
1443 3926 1750 4009 apost010,
1808 3926 2098 3990 animam
2140 3924 2321 3990 illam

368 4011 711 4075 viventem
765 4010 933 4075 nihil
988 4010 1250 4077 differre
1309 4033 1347 4076 a
1401 4014 1732 4096 praesenti
1790 4013 1949 4088 vita,
2008 4031 2139 4093 qua
2183 4032 2321 4077 cor-

367 4117 504 4179 pus
553 4096 675 4162 hoc
718 4104 1080 4181 vegetatur.
1140 4096 1361 4163 Verba
1405 4106 1585 4164 sunt:
1645 4095 2023 4163 Seminatur
2068 4096 2135 4161 in
2182 4118 2321 4161 cor-

368 4183 698 4264 ruptione,
744 4191 972 4266 surget
1013 4183 1081 4246 in
1126 4185 1638 4266 incorruptione:
1698 4184 2061 4249 seminatur
2105 4182 2175 4245 in
2217 4184 2321 4246 in-

368 4269 719 4347 firmitate,
781 4276 1008 4352 surget
1052 4269 1119 4332 in
1166 4271 1441 4335 virtute:
1500 4271 1861 4337 seminatur
1902 4288 2135 4351 corpus
2179 4268 2319 4333 ani-

366 4353 576 4430 male,
640 4361 869 4438 surget
921 4355 1277 4436 spirituale.
1381 4354 1952 4437 Quemadmodum
2004 4355 2319 4435 scriptum

366 4447 493 4518 est,
540 4441 787 4506 Factus
832 4448 933 4505 est
976 4440 1225 4523 primus
1271 4442 1486 4506 Adam
1530 4444 1598 4506 in
1642 4443 1931 4506 animam
1964 4441 2317 4519 viventem,

365 4526 771 4591 novissimus
828 4526 896 4589 in
952 4527 1256 4608 spiritum
1316 4528 1754 4593 vivificantem
1810 4531 1870 4608 (1
1915 4525 2062 4590 Cor.
2105 4529 2201 4603 15,
2237 4529 2317 4588 42

364 4610 507 4694 ss).
598 4613 843 4677 Fateor
909 4611 1196 4677 animam
1261 4614 1592 4680 viventem
1661 4635 1793 4678 non
1859 4612 2059 4676 semel
2130 4611 2320 4676 attri-

369 4697 607 4762 butam
660 4698 918 4775 bestiis,
976 4698 1129 4780 quia
1182 4708 1247 4762 et
1301 4701 1479 4782 ipsae
1534 4700 1738 4766 vitam
1797 4719 1985 4762 suam
2042 4697 2318 4781 degunt:

362 4804 602 4848 verum
649 4784 840 4852 aliter
877 4783 1029 4847 illae
1064 4785 1318 4863 vivunt,
1364 4785 1555 4850 aliter
1586 4786 1755 4851 vivit
1799 4784 2008 4848 homo.
2076 4784 2322 4847 Anima

365 4868 603 4934 vivens
648 4879 751 4936 est
792 4869 1061 4947 homini,
1109 4891 1238 4952 qua
1281 4873 1451 4955 sapit
1494 4879 1561 4936 et
1598 4870 1933 4953 intelligit:
1979 4868 2201 4932 anima
2243 4867 2321 4932 il-

360 4954 450 5018 lis
492 4956 726 5022 vivens
770 4965 901 5033 est,
963 4975 1128 5036 quae
1172 4964 1426 5020 motum
1471 4967 1538 5021 et
1580 4978 1847 5023 sensum
1894 4954 2004 5018 dat
2046 4955 2320 5037 corpori.

364 5038 594 5119 Quum
636 5042 839 5125 igitur
870 5041 1130 5106 animae
1173 5043 1458 5106 hominis
1503 5044 1660 5108 insit
1701 5044 1889 5120 ratio,
1932 5039 2321 5119 intellectus,

363 5126 679 5193 voluntas
697 5180 713 5206 ,
774 5147 941 5212 quae
986 5127 1264 5193 virtutes
1319 5148 1454 5192 non
1498 5136 1653 5193 sunt
1702 5128 1952 5210 corpori
1996 5125 2322 5191 adnexae:

506 5316 563 5380 1)
604 5314 696 5372 Sic
732 5319 852 5373 sola
884 5320 1160 5387 princeps.
1225 5317 1515 5370 Caeterae:
1550 5315 1851 5383 apostolus.

2436 667 2648 732 instar
2682 669 3041 745 brutarum,
3087 688 3250 751 quae
3286 670 3452 734 nihil
3490 672 3668 736 aliud
3703 670 3964 748 habent,
4002 694 4196 755 quam
4230 696 4379 740 sen-

2440 773 2552 817 sus
2586 774 2940 836 corporeos
3010 752 3161 834 Qua
3195 756 3444 820 ratione
3478 779 3615 821 non
3647 759 3907 823 erubuit
3936 759 4200 837 Paulus,
4234 768 4382 842 post

2440 838 2778 904 ethnicum
2831 839 3021 904 illum
3078 850 3367 922 poetam,
3424 862 3632 926 genus
3691 866 3808 908 nos
3865 842 3991 908 Dei
4049 845 4380 928 appellare

2441 924 2618 1007 (Act.
2663 929 2759 1003 17,
2796 926 2927 1007 28).
3016 925 3245 1008 Itaque
3284 927 3434 1001 iam,
3480 937 3556 992 ut
3600 929 3853 1006 volent,
3900 932 4381 995 communicent

2440 1008 2650 1074 beluis
2697 1010 2982 1075 animam
3017 1012 3351 1076 viventem
3397 1035 3542 1078 cum
3589 1015 3872 1093 homine,
3920 1036 4118 1097 quum
4155 1016 4381 1081 eadem

2439 1116 2708 1177 prorsus
2749 1096 2891 1159 vita
2945 1097 3031 1160 sit
3071 1099 3399 1177 omnibns,
3458 1107 3775 1181 quantum
3821 1101 3904 1164 ad
3949 1120 4183 1183 corpus
4229 1103 4380 1166 atti·

2441 1190 2582 1245 net:
2631 1201 2862 1245 verum
2918 1203 3001 1245 ex
3053 1203 3127 1246 eo
3182 1183 3456 1265 gradum
3502 1187 3621 1250 sibi
3669 1188 3881 1251 facere
3926 1209 4059 1250 non
4110 1196 4383 1269 possunt

2442 1266 2524 1330 ad
2570 1265 3093 1331 confundendam
3135 1289 3281 1332 cum
3317 1270 3526 1334 beluis
3559 1273 3843 1336 hominis
3878 1274 4180 1336 animam.
4248 1274 4380 1337 Ne-

2440 1367 2565 1435 que
2623 1352 2784 1415 mihi
2847 1352 3200 1417 obtrudant
3255 1356 3525 1436 apostoli
3578 1358 3883 1435 verbum,
3945 1358 4110 1439 quod
4172 1360 4381 1442 magis

2442 1437 2799 1516 nobiscum,
2847 1459 3040 1520 quam
3084 1452 3310 1503 contra
3342 1462 3461 1504 nos
3494 1458 3760 1526 pugnat..
3828 1444 4075 1508 Factus
4107 1460 4210 1509 est
4247 1445 4382 1526 pri-

2442 1544 2590 1587 mus
2625 1522 2836 1587 Adam
2882 1524 2954 1587 in
2998 1525 3285 1589 animam
3323 1525 3673 1607 viventem,
3709 1530 4110 1593 *novissimus
4147 1530 4213 1593 in
4250 1530 4381 1611 spi-

2442 1611 2644 1672 ritum
2681 1610 3140 1675 vivificantem.
3208 1611 3335 1675 Est
3377 1613 3554 1675 enim
3600 1615 4050 1697 antypophora
4076 1616 4125 1698 ¹)
4160 1614 4241 1679 ad
4276 1637 4382 1679 eo-

2442 1716 2593 1759 rum
2649 1696 3124 1777 quaestionem,
3179 1698 3286 1779 qui
3346 1696 3424 1762 de
3477 1700 3948 1765 resurrectione
4005 1699 4384 1782 persuaderi

2444 1802 2576 1845 non
2620 1788 2942 1863 poterant.
3033 1780 3147 1846 Sic
3200 1784 3374 1847 enim
3429 1785 3842 1850 obiiciebant:
3898 1783 4235 1865 Quomodo
4281 1809 4382 1851 re-

2443 1875 2728 1950 surgunt
2771 1867 3057 1937 mortui?
3148 1866 3349 1948 Quali
3394 1890 3661 1952 corpore
3707 1871 4010 1934 venient?
4101 1872 4225 1936 Cui
4269 1871 4382 1936 ob-

2442 1952 2699 2018 iectioni
2758 1962 2831 2017 ut
2888 1962 3185 2018 occurrat
3242 1954 3600 2036 apostoluS,
3661 1955 3753 2021 sic
3808 1977 3915 2020 008
3967 1977 4052 2040 ag
4132 1956 4380 2022 editur:

2443 2036 2518 2103 Si
2576 2060 2700 2102 usu
2761 2038 3094 2115 discimus,
3155 2059 3377 2103 semen
3437 2041 3606 2123 quod
3665 2042 3859 2119 vivit,
3911 1978 4131 2125 (111οῗ
4135 2044 4382 2123 crescit,

2441 2123 2613 2205 quod
2657 2126 2940 2189 fructum
2987 2124 3220 2203 reddit,
3267 2127 3448 2209 prius
3491 2135 3828 2192 mortuum
3873 2148 4042 2192 esse:
4091 2149 4206 2194 cur
4248 2149 4384 2194 non

2440 2211 2652 2274 instar
2708 2212 2970 2275 seminis
3026 2230 3257 2293 corpus
3311 2212 3481 2294 quod
3525 2220 3858 2277 mortuum
3913 2214 4110 2277 fuerit
4162 2235 4378 2278 resur-

2441 2316 2597 2378 gere
2641 2296 2899 2378 potest?
2948 2342 2951 2346 ι
2989 2297 3096 2374 Et,
3144 2297 3200 2365 si
3246 2297 3497 2362 nudum
3543 2321 3617 2363 ac
3663 2300 3908 2364 siccum
3952 2320 4231 2381 granum
4277 2321 4377 2363 se-

2439 2388 2726 2445 mentem
2785 2387 2900 2461 [sol.
2941 2387 3049 2461 24]
3101 2384 3301 2448 refert
3359 2384 3756 2463 uberiorem,
3815 2392 4158 2467 postquam
4212 2407 4385 2450 mor-

2440 2475 2632 2531 tuum
2686 2467 2911 2545 fuerit,
2961 2469 3203 2534 virtute
3261 2469 3543 2533 mirabili
3596 2491 3791 2553 quam
3845 2470 3941 2535 illi
3985 2471 4169 2535 Deus
4212 2471 4385 2536 indi-

2439 2552 2566 2616 dit:
2613 2574 2731 2618 cur
2774 2575 2905 2617 non
2951 2553 3178 2619 eadem
3221 2556 3349 2627 Dei
3393 2556 3638 2620 virtute
3683 2576 3917 2638 corpus
3963 2556 4383 2621 suscitabitur

2437 2637 2673 2702 melius
2708 2660 2906 2721 quam
2949 2649 3280 2705 mortuum
3325 2641 3578 2705 fuerat?
3668 2642 3758 2706 Et.
3802 2664 3885 2706 nc
3927 2641 4142 2705 adhuc
4185 2644 4382 2708 mire-

2437 2724 2560 2788 ris:
2611 2723 2782 2788 unde
2817 2725 2983 2790 vivit
3018 2726 3229 2804 home,
3278 2727 3404 2791 nisi
3448 2728 3602 2808 quia
3644 2727 3961 2792 formatus
3998 2735 4098 2791 est
4130 2729 4202 2791 in
4243 2729 4382 2793 ani-

2436 2830 2612 2873 mam
2639 2810 3012 2895 viventem?
3070 2812 3254 2877 Haec
3286 2819 3506 2875 tamen
3541 2813 3777 2890 anima,
3815 2813 4079 2877 tametsi
4112 2813 4191 2877 ad
4217 2821 4384 2876 tem-

2435 2915 2561 2977 pus
2604 2895 2839 2959 molem
2886 2898 3172 2978 corporis
3217 2897 3423 2979 agitat
3477 2917 3550 2961 ac
3606 2900 3916 2976 sustinet,
3974 2921 4102 2962 non
4160 2905 4383 2962 tamen

2436 2978 2550 3044 dat
2585 2980 2682 3045 illi
2716 2981 3269 3048 immortalitatem
3306 2992 3421 3047 aut
3451 2983 4026 3067 incorruptionem:
4066 2991 4132 3048 et
4154 3005 4381 3067 quam-

2437 3065 2547 3131 diu
2595 3070 2789 3131 etiam
2836 3091 3019 3133 suam
3065 3070 3203 3135 vim
3246 3071 3508 3146 exserit,
3554 3078 3947 3136 nontamen
3983 3091 4101 3153 per
4136 3091 4205 3134 80
4238 3070 4381 3152 ipsa

2435 3153 2711 3233 sufficit,
2767 3155 2908 3219 sine
2961 3153 3370 3220 adminiculis
3426 3155 3581 3232 cibi,
3639 3163 3860 3239 potus,
3918 3156 4156 3234 somni,
4211 3175 4380 3238 quae

2434 3240 2627 3322 signa
2671 3247 2828 3304 sunt
2869 3240 3334 3324 corruptionis:
3382 3261 3502 3306 1100
3537 3250 3945 3307 constantem
3980 3242 4077 3305 illi
4114 3262 4188 3306 ac
4225 3261 4379 3306 con-

2433 3324 2754 3389 tinentem
2802 3324 2916 3390 dat
2958 3334 3199 3391 statum
3217 3379 3231 3404 ,
3291 3328 3448 3408 quin
3490 3327 3634 3392 aliis
3678 3335 3872 3411 atquc
3916 3327 4062 3392 aliis
4102 3327 4378 3391 inclina-

2432 3409 2725 3476 tionibus
2770 3411 3131 3479 subiectum
3176 3414 3278 3477 sit.
3345 3412 3480 3478 Ubi
3523 3421 3743 3479 autem
3778 3413 4085 3478 Christus
4120 3435 4240 3478 nos
4278 3434 4378 3478 se-

2433 3515 2582 3559 cum
2619 3499 3043 3580 assumpserit
3081 3499 3152 3561 in
3187 3498 3480 3582 gloriam,
3519 3521 3652 3564 non
3689 3499 3903 3564 solum
3938 3499 4063 3563 erit
4098 3499 4381 3565 animale

2431 3600 2695 3662 corpus,
2755 3582 2836 3646 ab
2883 3585 3101 3648 anima
3149 3585 3580 3650 vivificatum:
3628 3585 3743 3650 sed
3787 3585 4142 3668 spirituale,
4187 3586 4379 3667 quale

2430 3688 2549 3731 nec
2596 3688 2784 3732 mens
2826 3676 3055 3733 nostra
3088 3670 3396 3752 cogitare,
3442 3690 3564 3734 nec
3598 3670 3828 3754 lingua
3861 3672 4226 3754 exprimere
4262 3693 4378 3755 po-

2430 3759 2576 3817 test.
2647 3752 2853 3816 Vides
2908 3755 3112 3837 igitur
3156 3776 3273 3819 nos
3327 3775 3463 3819 non
3520 3755 3694 3820 aliud
3751 3757 4005 3822 futuros
4047 3757 4117 3820 in
4161 3778 4377 3828 resur-⁴

2429 3838 2738 3915 rectione,
2785 3839 2900 3903 sed
2935 3847 3155 3904 tamen
3200 3840 3389 3905 alios:
3438 3839 3629 3906 detur
3667 3843 3863 3907 verbo
3899 3842 4108 3906 venia.
4126 3843 4183 3923 ²)
4250 3843 4375 3905 At-

2428 3944 2554 4005 que
2599 3923 2761 3988 haec
2800 3924 3062 4007 quidem
3108 3925 3187 3990 de
3231 3946 3498 4008 corpore
3542 3925 3714 3991 dicta
3756 3936 3939 4006 sunt,
3999 3927 4102 3990 cui
4155 3928 4377 3991 anima

2428 4008 2550 4074 sub
2596 4010 2939 4075 elementis
2984 4011 3183 4075 huius
3229 4011 3460 4076 mundi
3505 4014 3705 4077 vitam
3752 4008 4198 4077 administra‘t:
4262 4013 4375 4078 ubi

2428 4102 2650 4159 autem
2696 4098 2909 4180 figura
2953 4097 3152 4162 huius
3196 4097 3426 4162 mnndi
3472 4099 3907 4180 praeterierit,
3962 4098 4375 4181 participatio

2425 4180 2669 4264 gloriae
2715 4180 2845 4245 Dei
2889 4181 2958 4246 id
3003 4203 3204 4266 supra
3238 4189 3543 4248 naturam
3580 4183 3831 4247 evehet.
3889 4181 4227 4248 Habemus
4262 4207 4374 4249 ve-

2426 4287 2578 4329 rum
2624 4289 2698 4333 ac
2744 4290 3133 4352 germanum
3176 4269 3450 4352 apostoli
3492 4277 3778 4333 sensum.
3867 4269 3952 4332 In
3997 4290 4121 4351 quo
4165 4269 4375 4352 expli-

2426 4350 2632 4416 cando
2678 4376 2876 4436 quum
2921 4356 3146 4438 lapsus
3191 4363 3362 4420 esset
3402 4355 3814 4438 Augustinus
3853 4354 3966 4437 ‘'(ut
4000 4377 4176 4421 nunc
4212 4357 4369 4442 isti),

2426 4459 2716 4503 errorem
2761 4449 2988 4523 postea
3041 4441 3343 4525 agnovit,
3401 4461 3475 4506 ac
3531 4440 3815 4505 correxit
3857 4441 4032 4506 inter
4075 4463 4226 4506 suas
4270 4463 4372 4505 re-

2424 4525 2880 4590 tractationes:
2900 4528 2955 4607 8)
3018 4534 3085 4591 et
3136 4526 3293 4591 alibi
3337 4526 3536 4591 etiam
3578 4525 3787 4591 multo
3833 4528 4119 4610 apertius
4163 4525 4229 4590 id
4273 4528 4373 4610 ip-

2427 4631 2573 4682 sum
2632 4618 2889 4676 tractat.
2988 4612 3097 4676 Ex
3155 4633 3282 4695 quo
3336 4611 3475 4676 loco
3539 4632 3748 4695 pauca
3814 4614 4369 4679 transscribemus.

2427 4696 2674 4761 Anima
2732 4697 2804 4760 in
2859 4716 3124 4780 corpore
3179 4698 3448 4762 animali
3489 4699 3661 4763 vivit
3716 4699 4007 4781 quidem:
4069 4697 4183 4763 sed
4238 4720 4373 4765 non

2427 4782 2722 4848 vivificat
2757 4804 2963 4865 usque
2987 4783 3069 4847 ad
3093 4782 3513 4848 auferendam
3549 4786 4053 4868 corruptionem.
4112 4784 4198 4848 In
4231 4807 4372 4850 cor-

2425 4887 2583 4950 pore
2627 4889 2782 4933 vero
2828 4868 3137 4951 spiritali,
3195 4869 3456 4952 quando
3500 4868 3865 4956 adhaerens
3908 4870 4191 4952 perfecte
4235 4872 4372 4935 Do-

2571 5040 2627 5102 1)
2671 5040 3018 5094 Recentiores
3053 5038 3219 5105 (1576
3241 5044 3412 5110 seqq.)
3451 5041 3550 5094 hoc
3595 5041 3911 5094 vocabulum
3943 5040 4133 5093 rarius
4156 5041 4370 5095 obvium

2431 5108 2750 5175 iqnorantes
2783 5109 2898 5164 scri
2935 5115 3148 5162 serunt.-
3194 5110 3583 5178 antipophora‚
3628 5125 3791 5178 quum
3836 5107 4119 5162 mentiare
4161 5109 4370 5165 debuis-

2432 5183 2577 5230 sent:
2621 5178 2896 5247 anthypop
2940 5194 3051 5232 ora.
3127 5177 3322 5232 Gallus
3364 5179 3495 5232 bene
3539 5178 3726 5231 vertit:
3772 5175 3917 5231 C’est
3959 5194 4063 5231 11110
4110 5195 4372 5247 response

2435 5248 2467 5300 a
2512 5245 2834 5300 l'obiection.
3038 5245 3098 5312 2)
3137 5247 3223 5301 Sic
3269 5248 3322 5301 lo
3361 5249 3504 5300 uitur
3538 5246 3903 5300 Tertullianus
3953 5253 4008 5299 et
4041 5246 4370 5315 Augustinus

2437 5316 2592 5384 epist.
2629 5314 2678 5368 3.
2715 5315 2783 5369 ad
2819 5314 3101 5370 Fortunat.
3358 5321 3377 5380 )
3417 5315 3543 5383 Cap.
3581 5314 3666 5369 10.
3699 5314 3872 5383 Epist.
3909 5313 4027 5368 146.
4063 5316 4371 5372 Consentio.
