5100 6061
671 396 789 459 139

662 582 912 647 solebat
965 582 1212 647 iactare
1257 581 1579 666 Caligula.
1668 583 1895 665 Lycus
1948 582 2123 665 apud
2169 582 2490 651 Senecam
2547 587 2613 650 in

664 668 953 734 Hercule
996 668 1286 733 furente:
1942 690 1950 699 ²
2110 722 2119 733 .

905 772 1007 834 Qui
1043 779 1216 825 morte
1253 778 1479 824 cunctos
1516 771 1663 823 luere
1703 772 2027 838 supplicium
2061 773 2226 839 iubet,

905 838 1094 892 Nescit
1129 848 1384 908 tyrannus
1421 855 1571 893 esse:
1610 839 1822 892 diversa
1857 842 2055 908 irroga,

903 908 1163 962 Miserum
1199 917 1323 960 veta
1358 909 1553 977 perire,
1591 907 1805 961 felicem
1839 909 1980 963 iube.

664 992 858 1076 Apud
905 993 1186 1060 eundem
1232 996 1475 1058 Atreus
1502 990 1550 1075 ¹)
1594 993 1667 1057 in
1710 995 2235 1078 Agamemnone:

870 1080 1037 1134 Rudis
1076 1089 1156 1133 est
1194 1090 1452 1148 tyrannus
1489 1090 1660 1133 morte
1698 1081 1787 1147 qui
1826 1096 2053 1147 poenam
2090 1082 2269 1149 exigit.

661 1164 840 1231 Hinc
888 1173 1117 1230 taurus
1139 1164 1534 1242 Phalaridis,
1580 1173 1649 1229 et
1672 1165 1953 1231 Neronis
1998 1166 2279 1231 ludibria
2314 1166 2383 1230 in
2419 1166 2614 1232 Chri-

662 1252 938 1329 stianOS,
1006 1259 1078 1315 ut
1133 1253 1420 1315 ferarum
1482 1251 1687 1333 tergis
1742 1254 2019 1317 contecti
2071 1253 2324 1317 laniatu
2379 1273 2612 1317 canum

661 1337 1028 1401 interirent.

839 1423 1043 1503 Quum
1075 1423 1416 1487 crudelitas
1448 1443 1629 1486 versa
1666 1424 1736 1485 in
1774 1422 2168 1509 voluptatem]
2217 1423 2611 1506 Quanquam

660 1508 838 1572 enim
893 1507 1267 1590 philosophi
1324 1531 1454 1572 non
1507 1516 1747 1589 putant
1801 1529 2173 1589 quenquam
2232 1534 2271 1574 a
2324 1509 2611 1574 naturali

2310 396 2437 462 DE
2485 392 3034 463 CLEMENTIA

4554 395 4679 457 140

2666 577 4675 664 'tespopuliquaetquommeratmalumetiiqm'busim-

2721 667 3008 745 minebat,
3034 666 3388 732 eaescindere
3410 667 3689 749 ayyressi
3722 671 3882 729 sunt.
3940 664 4311 746 Aliquando
4343 685 4465 729 sua
4488 685 4678 746 prae·

2718 756 2894 819 sidia
2935 755 3005 818 in
3047 754 3221 835 ipsos
3262 757 3805 829 consurreoeemzt,
3839 749 4315 831 perfidiamque,
4360 756 4418 814 et
4460 752 4677 833 mpie-

2718 846 2918 916 tatem,
2963 846 3018 904 et
3058 840 3398 921 semaam,
3443 844 3499 903 a
3540 837 3848 919 quidqaid
3886 838 3962 901 ab
4008 831 4144 901 aas
4186 836 4556 913 diamant,
4605 839 4674 901 in
4785 870 4796 875 -

2718 927 2890 1007 ipsos
2921 931 3353 1001 exercuerunt.
3449 925 3617 1006 Quid
3663 924 3829 988 enim
3861 927 4060 1005 potest
4101 921 4181 987 ab
4226 942 4293 987 eo
4337 925 4675 1003 quisquam

2718 1032 2988 1093 sperare,
3032 1031 3213 1092 quem
3254 1012 3492 1075 malum
3535 1010 3789 1073 docuit?
3881 1009 4025 1072 Non
4079 1010 4196 1074 diu
4250 1015 4517 1088 apparet
4573 1031 4676 1074 ne-

2718 1098 2950 1178 quitia,
2995 1117 3101 1162 nec
3142 1101 3445 1177 quantam
3487 1096 3735 1160 videtur
3765 1101 3994 1175 peceat.
4090 1095 4214 1159 Sed
4265 1100 4428 1174 puta
4480 1100 4676 1160 tutam

2717 1203 2846 1248 esse
2887 1183 3323 1260 crudelitatem,
3370 1183 3554 1263 quale
3594 1183 3730 1246 eius
3770 1202 4032 1264 regnum
4075 1186 4164 1246 est
4178 1181 4214 1244 ἓ
4308 1181 4454 1245 Non
4491 1182 4672 1247 aliud

2717 1289 2909 1350 quam
2951 1274 3281 1348 captarum
3323 1268 3575 1331 arbium
3611 1269 3836 1348 forma,
3882 1274 3938 1332 et
3971 1268 4280 1331 terribiles
4317 1268 4515 1347 facies
4549 1287 4671 1346 pu-

2716 1356 2863 1420 blici
2907 1361 3113 1418 metas.
3216 1354 3444 1419 Omnia
3486 1360 3731 1431 moesta,
3776 1354 4041 1435 trepida,
4086 1360 4142 1418 et
4182 1354 4463 1435 confusa.
4566 1353 4676 1418 Vo-

2717 1442 2979 1522 luptates
3035 1442 3212 1522 ipsae
3268 1442 3580 1509 timentur,
3650 1461 3767 1501 non.
3823 1440 4104 1510 convivia
4157 1458 4377 1502 secura
4435 1441 4669 1515 ineunt,

852 1593 863 1605 .
1141 1595 1153 1607 ,
1614 1593 1625 1605 ,
1708 1594 1719 1607 ,
2286 1597 2297 1609 ,
2556 1597 2569 1609 ‚
2663 1566 2666 1603 2
2716 1530 2785 1591 in
2830 1528 3055 1608 qudras
3096 1526 3315 1609 linqua
3356 1526 3612 1590 sollicite
3654 1528 3840 1588 etiam
3884 1526 4078 1589 ebriis
4119 1525 4519 1590 custodienda
4562 1531 4665 1589 est.

659 1593 803 1678 lege
845 1601 939 1656 ita
982 1593 1359 1668 desciscere,
1407 1603 1482 1657 ut
1521 1613 1725 1657 ammi
1770 1615 1966 1659 causa
2000 1596 2211 1661 malus
2247 1605 2350 1670 sit,
2399 1617 2613 1661 nescio
2662 1612 2667 1701 j

2723 1614 2866 1677 Non
2909 1613 3279 1693 spectacula,
3337 1633 3412 1675 ev
3469 1613 3694 1693 quibus
3749 1613 4015 1674 materia
4056 1611 4344 1676 oriminis
4386 1631 4461 1674 ac
4493 1613 4671 1692 peri-

658 1688 882 1745 tamen
927 1678 1249 1760 quomodo
1294 1680 1358 1743 id
1410 1701 1531 1743 usu
1576 1679 1787 1753 venit,
1847 1688 1923 1744 ut
1967 1683 2251 1762 gratuito
2296 1684 2430 1747 sint
2469 1683 2612 1764 qui-
2663 1740 2666 1751 ,
2716 1699 2842 1764 culi
2884 1700 3229 1779 quaeritur,
3316 1699 3726 1778 Apparentur
3768 1697 3930 1771 licet,
3991 1698 4221 1777 inquit,
4280 1717 4518 1779 magma
4559 1698 4676 1760 im.

664 1765 816 1830 dam
859 1765 1018 1829 mali
1044 1774 1232 1829 tanta
1265 1764 1573 1847 peccandi
1605 1765 1881 1829 libidine
1916 1766 2334 1843 insanientes,
2381 1776 2456 1831 ut
2490 1767 2612 1833 hoc
2661 1772 2667 1849 l

658 1853 873 1935 ipsum
918 1872 1188 1933 peccare
1234 1849 1527 1929 delectet,
1576 1852 1768 1914 etiam
1818 1853 1873 1916 si
1919 1873 2113 1916 causa
2157 1874 2285 1917 non
2334 1855 2435 1918 sit.

835 1937 1157 2017 Serpentes
1187 1937 1504 2017 parvulae
1543 1935 1804 2022 fallunt]
1852 1937 2062 2001 Ludit
2104 1959 2221 2002 suo
2264 1961 2445 2004 more
2493 1939 2612 2003 ali-

657 2035 813 2105 quot
856 2022 1196 2097 similibuS,
1243 2043 1409 2104 quae
1454 2022 1675 2087 omnia
1717 2023 1789 2086 in
1833 2045 1979 2088 eam
2023 2027 2417 2090 sententiam
2469 2035 2612 2089 ten-

658 2108 841 2185 dunt,
888 2129 1013 2189 quo
1057 2106 1255 2171 latius
1297 2116 1636 2191 grassatur
1680 2110 1947 2192 tyranni
1994 2111 2284 2188 saevitia,
2328 2133 2403 2176 eo
2443 2111 2538 2175 illi
2576 2133 2614 2176 a
2664 2148 2669 2191 ξ
2717 2150 2834 2209 que
2878 2135 3125 2192 ventum
3182 2134 3296 2205 est,
3360 2129 3623 2192 multum
3669 2127 4006 2209 sanquinis
4059 2126 4368 2208 fundere?
4425 2131 4674 2207 aspectu

661 2193 959 2276 pluribus
1004 2194 1429 2258 metuendum
1474 2215 1633 2259 esse.

846 2276 967 2344 Ubi
1009 2279 1228 2360 aliqua
1261 2278 1649 2366 wemmam]
1699 2279 1933 2360 Qualis
1976 2281 2089 2345 illa
2129 2303 2297 2364 quae
2333 2283 2615 2347 Romam

658 2365 865 2429 missa
920 2371 1024 2427 est
1077 2387 1115 2427 a
1158 2365 1448 2448 Regulo,
1508 2376 1929 2448 portentosae
1985 2367 2491 2451 magnitudinis,
2550 2378 2616 2432 et

659 2448 856 2514 fidem
903 2470 1320 2527 excessurae,
1383 2452 1512 2516 nisi
1560 2459 1659 2516 tot
1682 2455 2055 2536 scriptores
2110 2476 2240 2519 uno
2296 2476 2407 2519 ore
2461 2476 2616 2520 con-

659 2543 912 2599 stanter
955 2536 1377 2601 affirmarent.

832 2620 1158 2707 Bam-stis]
1217 2622 1645 2688 Ballistarum
1694 2625 1914 2688 variae
1974 2626 2221 2690 formae
2267 2638 2456 2691 erant
2498 2647 2617 2690 an-

660 2707 877 2789 tiquis,
920 2707 1471 2789 quemadmodum
1530 2718 1802 2792 apparet
1857 2733 1940 2775 ex
1992 2710 2160 2777 libro
2203 2712 2322 2777 VI.
2380 2714 2618 2779 tertiae

661 2792 920 2859 decadis
955 2792 1133 2857 Livii
1178 2793 1287 2858 ubi
1336 2794 1634 2862 ballistae
1676 2798 1958 2861 maiores
1995 2805 2061 2860 et
2094 2799 2399 2877 minores,
2448 2799 2619 2864 sicut

660 2880 1031 2961 scorpiones
1086 2880 1366 2945 maiores
1412 2889 1475 2945 et
1517 2883 1836 2959 minores,
1891 2892 1957 2946 et
2008 2884 2167 2947 item
2226 2884 2612 2967 catapultae.

2707 1805 2922 1866 pensa,
2965 1790 3018 1849 et
3059 1786 3254 1865 reyiis
3295 1784 3531 1865 opicae,
3576 1788 3630 1847 et
3673 1783 3987 1864 artificum
4030 1784 4361 1862 exquisitis
4403 1784 4671 1846 nom-ini-

2715 1872 2860 1935 bus:
2899 1892 3079 1951 quem
3119 1876 3326 1935 tamen
3369 1892 3399 1933 e
3442 1871 3588 1934 ludo
3631 1870 3698 1932 in
3739 1889 4042 1933 carcerem
4081 1871 4170 1932 ire
4206 1869 4421 1932 iuvet?
4499 1869 4672 1948 Quod

2717 1957 2903 2023 istud.
2949 1957 3046 2020 dii
3090 1957 3250 2033 boni,
3293 1958 3535 2021 malum
3572 1960 3707 2020 est?
3748 1957 4031 2029 occidere,
4077 1956 4333 2031 saevire,
4380 1954 4668 2019 delectari

2717 2064 2867 2107 sono
2914 2048 3273 2108 catenarum
3295 2093 3308 2120 ,
3376 2049 3433 2106 et
3480 2042 3712 2107 civium,
3763 2043 3977 2121 capita
4025 2041 4350 2105 decidere?
4406 2060 4673 2120 quoeun-

2718 2235 2831 2279 sao
2875 2221 3102 2279 terrere
3145 2236 3218 2279 ac
3258 2215 3484 2299 fayare
3499 2217 3533 2276 ,2
3605 2215 3774 2293 Quae
3816 2214 3954 2278 alia
3991 2213 4120 2275 vita
4162 2218 4332 2289 esset,
4377 2213 4436 2276 si
4477 2212 4675 2277 leones

2719 2301 2976 2381 ursique
3017 2307 3344 2383 reynarent
3359 2301 3395 2364 ,2
3443 2303 3500 2364 si
3545 2300 3927 2378 serpentibus
3971 2299 4042 2361 in
4080 2319 4210 2375 noe,
4257 2318 4330 2362 ac
4365 2298 4674 2385 noxiosis-

2719 2387 2877 2451 simo
2927 2388 3147 2468 cuique
3190 2388 3461 2451 animali
3505 2387 3763 2449 daretur
3794 2384 4121 2465 potestas?
4209 2382 4349 2447 Illa
4404 2385 4675 2449 rationis

2720 2474 3019 2553 expertia,
3064 2478 3118 2537 et
3162 2494 3203 2536 a
3233 2474 3407 2537 nobis
3453 2470 3866 2536 immanitatis
3900 2471 4158 2534 crim-im
4192 2469 4511 2547 damnata,
4539 2469 4675 2535 abs-

2720 2560 2915 2623 tinent
2957 2559 3126 2636 suis,
3181 2564 3239 2623 et
3282 2564 3416 2623 tata
3459 2563 3548 2622 est
3587 2559 3748 2621 inter
3800 2558 3973 2637 feras
4020 2555 4368 2620 similitudo
4409 2576 4669 2620 mor-mn.

2722 2645 2921 2727 Apud
2963 2644 3240 2709 homines
3277 2650 3479 2709 tamen
3525 2664 3632 2708 nee
3673 2665 3716 2707 a
3762 2642 4129 2706 necessariis
4171 2641 4424 2723 quidem
4469 2641 4673 2706 rabies

2721 2736 3015 2812 temperat
3055 2732 3211 2795 sibi:
3255 2731 3362 2795 sed
3404 2736 3659 2794 externa
3691 2750 3932 2809 suaque
3975 2729 4050 2825 in
4087 2747 4280 2808 aequo
4314 2727 4507 2805 habet,
4554 2749 4671 2808 quo

2711 2818 2918 2898 possit
2970 2818 3358 2882 exercitatior
3413 2839 3454 2879 a
3508 2816 3897 2899 sinyulomm
3947 2814 4168 2878 demde
4222 2811 4544 2892 caedibus,
4603 2815 4670 2878 in

2723 2904 2919 2985 avitia
2957 2903 3235 2985 ‚qentiam
3278 2924 3551 2983 serpere:
3608 2907 3663 2965 et
3721 2901 3972 2964 iniicere
4025 2900 4194 2963 tectis
4240 2901 4437 2980 iynem
4456 2950 4469 2974 ,
4529 2920 4671 2964 ara-

659 2965 845 3065 Haec
890 2977 1112 3030 autem
1158 2966 1284 3066 tria
1328 2968 1420 3033 sic
1457 2968 1751 3069 inter-se·
1774 2969 2109 3046 differunt,
2147 2970 2323 3070 quod
2358 2970 2618 3071 ballista
2667 2980 2672 3074 Ι
2718 2994 3003 3071 stumque
3048 2991 3304 3055 vetustis
3345 2990 3604 3054 urbm
3650 2989 3948 3062 inducere,
3983 2986 4328 3066 potentiam
4353 2989 4572 3066 putat:
4616 2992 4671 3050 et

659 3053 1044 3116 ev1brantur
1086 3052 1353 3134 lapides,
1399 3075 1700 3136 quamvis
1736 3055 2065 3120 interdum
2110 3067 2310 3122 etiam
2347 3057 2614 3140 spicula,
2718 3096 2919 3139 mmm
2960 3077 3153 3140 ποῖαι·
3196 3082 3307 3140 aut
3349 3077 3627 3153 alter-mn,
3662 3095 3900 3156 parum
3941 3073 4416 3154 inum-amrium
4458 3072 4672 3137 credit.

661 3145 733 3202 ut
791 3136 980 3202 docet
1018 3133 1127 3201 Ve
1173 3140 1341 3204 etius
1385 3140 1553 3204 libro
1606 3140 1726 3204 IV.
1812 3141 2235 3224 Catapultae,
2292 3151 2612 3227 quantum

661 3244 927 3305 possum
972 3224 1112 3289 inte
1167 3225 1341 3307 'gere
1387 3246 1468 3289 ex
1514 3225 1858 3304 VitruviO,
1904 3227 2183 3310 Vegetio
2226 3237 2291 3293 et
2334 3229 2615 3293 Marcel-

660 3309 796 3374 lino
840 3310 1187 3374 machinae
1227 3312 1500 3376 fuerunt
1543 3312 1732 3377 multi
1780 3314 2066 3391 artificii,
2122 3313 2355 3398 quibus
2412 3315 2616 3398 sagit-

661 3404 766 3458 tae
808 3395 1321 3475 eiaculabantur,
1365 3417 1533 3479 quae
1576 3406 1802 3465 tamen
1846 3400 2153 3465 abierunt
2194 3402 2267 3464 in
2311 3400 2617 3466 desuetu-

662 3480 902 3544 dinem.
998 3478 1394 3563 Scorpiones
1439 3481 1646 3549 latino
1689 3486 1983 3562 nomine,
2031 3508 2240 3570 neque
2282 3488 2451 3552 forte
2491 3488 2616 3551 im-

659 3566 941 3649 proprie,
979 3566 1310 3648 appellare
1345 3568 1540 3634 liceat
1575 3571 1809 3635 aetatis
1843 3578 2109 3637 nostrae
2145 3573 2615 3638 arcuballistas.

659 3651 927 3716 Dicitur
959 3651 1223 3717 ballista
1256 3675 1297 3718 a
1333 3653 1529 3719 verbo
1560 3677 1795 3739 graeco
1829 3648 2059 3738 βάλλω,
2095 3658 2266 3742 quod
2303 3669 2404 3724 est
2431 3659 2612 3724 iacio.

838 3735 1111 3802 Possunt
1153 3741 1337 3804 verba
1378 3739 1559 3827 dare]
1607 3741 1794 3840 Quae
1838 3744 2086 3809 scilieet
2128 3746 2313 3828 prius
2359 3754 2614 3822 nocent,

2724 3162 2878 3226 Nisi
2933 3163 3136 3226 eodem
3187 3168 3452 3243 tempore
3497 3183 3650 3245 qrex
3704 3162 4077 3224 miserorum
4132 3157 4439 3222 subtectus
4491 3159 4667 3238 stetit,

2720 3247 3144 3312 crudelitatem
3185 3269 3371 3312 suam
3412 3249 3483 3312 in
3524 3249 3804 3312 ordinem
3846 3250 4117 3310 coactam
4143 3248 4348 3324 putat.
4442 3243 4670 3309 Feliei-

2721 3340 2822 3398 tas
2863 3335 2997 3410 illa,
3033 3333 3250 3398 maltis
3282 3334 3545 3398 salutem
3578 3335 3747 3410 dare,
3794 3337 3848 3396 et
3883 3332 3968 3396 ad
4001 3332 4195 3394 vitam
4228 3329 4308 3393 ab
4344 3334 4491 3407 [pag.
4526 3337 4667 3408 134]

2721 3421 2867 3499 ipsa
2901 3426 3091 3484 morte
3124 3440 3420 3498 revocare,
3458 3425 3512 3484 et
3545 3420 3770 3484 mereri
3804 3418 4122 3484 clement-ia
4155 3417 4435 3480 civicam.
4509 3416 4671 3480 Nul—

2724 3508 2856 3571 lwm
2896 3509 3324 3570 orndmentum
3354 3507 3676 3587 principis
3711 3504 3970 3587 fastiyio
4022 3503 4281 3584 dionius
4315 3501 4670 3581 pulchrius-

2721 3613 2838 3673 que
2880 3597 2983 3670 est,
3028 3613 3218 3671 quam
3259 3591 3376 3656 illa
3416 3612 3639 3657 corona
3682 3592 3753 3656 ob
3796 3593 3957 3655 cives
3999 3593 4287 3653 servatos.
4353 3587 4499 3650 Non
4540 3589 4669 3674 kos-

2721 3679 2867 3743 tilia
2925 3698 3110 3742 arma
3175 3679 3446 3744 detracta
3497 3680 3705 3754 victis,
3783 3698 3903 3740 non
3969 3695 4197 3740 carrus
4260 3673 4670 3738 barbarorum

2722 3766 3024 3848 sanquine
3067 3765 3318 3840 cruenti,
3364 3785 3488 3829 non
3521 3769 3717 3845 parta
3759 3763 3911 3828 bello
3952 3760 4172 3842 spolia.
4245 3759 4417 3824 Haeo
4450 3760 4667 3825 divim

660 3844 855 3906 quam
899 3824 1270 3905 praevideri
1325 3847 1786 3910 praecavet-ive
1830 3831 2096 3911 possint.
2168 3830 2389 3896 Verba
2435 3831 2612 3909 dare,
2717 3851 2992 3931 Potentia
3038 3856 3152 3927 ρει,
3206 3852 3511 3933 yrgyatm
3553 3871 3627 3913 ac
3666 3849 3907 3929 publice
3957 3867 4237 3911 servare.-
4290 3845 4516 3910 multos
4560 3868 4669 3910 aa·

661 3908 958 3990 decipere
1000 3916 1106 3974 est
1145 3913 1343 3977 etiam
1387 3914 1529 3977 sine
1578 3914 1823 3992 verbis,
1883 3923 1959 3979 ut
2001 3915 2190 3982 docet
2231 3917 2492 3982 Gellius
2534 3917 2615 3979 li-

659 3993 774 4059 bro
809 3993 1037 4078 XVII.
1106 3997 1215 4061 Ex
1258 4020 1335 4063 eo
1375 4007 1679 4076 tractum,
1725 4001 1897 4081 quod
1936 4003 2046 4084 qui
2082 4003 2293 4067 multa
2328 4012 2396 4066 et
2432 4023 2616 4086 mag-

659 4081 857 4145 nifica
900 4081 1307 4163 pollicentur,
1355 4084 1525 4149 nihil
1570 4087 1705 4150 fere
1750 4095 2108 4167 praestant.
2179 4088 2411 4154 Cicero
2453 4090 2636 4153 Phi--

659 4164 812 4249 lipp.
858 4166 1088 4231 XIIL:
1138 4167 1408 4236 Scilicet
1450 4171 1650 4235 verba
1695 4171 2015 4250 dedimus,
2064 4172 2456 4258 decepimus,
2505 4175 2615 4239 ubi

661 4252 948 4334 explicat
990 4254 1147 4337 quid
1193 4257 1280 4320 sit
1300 4258 1506 4323 verba
1539 4257 1712 4321 dare.
1784 4257 2291 4343 Quadrigarius:
2341 4262 2444 4325 Ea
2481 4262 2619 4325 Lu-

662 4340 809 4401 cani
864 4339 977 4404 ubi
1033 4343 1444 4407 resciverunt
1507 4365 1621 4425 per
1682 4344 1973 4409 fallacias
2027 4345 2151 4410 sibi
2207 4348 2409 4412 verba
2466 4345 2620 4411 data

664 4444 822 4488 esse.
915 4422 1170 4490 Seneca
1213 4428 1319 4492 lib.
1370 4428 1486 4492 VI.
1535 4430 1801 4513 Epistz,
1838 4431 1940 4495 Ne
1985 4431 2187 4496 verba
2229 4433 2416 4498 nobis
2461 4432 2618 4496 den-

661 4518 802 4588 tur,
861 4518 929 4574 et
985 4532 1127 4576 esse
1183 4514 1253 4577 in
1306 4513 1437 4578 illis
1493 4514 1739 4598 aliquid
1783 4519 2006 4601 magni
2051 4540 2125 4584 ac
2171 4520 2404 4584 secreti
2447 4518 2620 4583 iudi-

662 4615 908 4661 cemus.

666 4858 813 4932 [Psss-
858 4860 1004 4932 133]
1339 4858 1641 4925 CAPUT
1685 4859 1947 4926 XXVI.

840 4991 1284 5060 Crudelitatem
1330 4998 1728 5076 privatorum
1784 5017 2021 5078 quoque
2073 4965 2326 5064 serviles
2391 5018 2620 5062 manus

663 5075 780 5141 sub
824 5084 979 5142 certo
1022 5081 1228 5148 crucis
1256 5082 1540 5162 periculo
1583 5082 1753 5146 ultae
1787 5088 1965 5147 sunt:
2009 5089 2437 5166 marmorum,
2480 5103 2622 5168 qen·

804 5249 863 5310 1)
906 5248 1014 5303 Ed.
1051 5252 1252 5307 Amat..-
1299 5252 1621 5321 AegisthuS,
1669 5252 1817 5321 quod
1870 5255 2029 5308 unice
2090 5262 2308 5310 rectum.
2393 5257 2620 5309 Atreum

663 5317 885 5385 scripsit
918 5325 1083 5374 autor
1114 5324 1405 5376 ”semor-tae
1438 5323 1601 5389 lapsa
1634 5322 1899 5388 deceptus.

2722 3941 2840 4000 tem
2894 3935 3189 4012 ocmdere,
3244 3942 3296 3998 et
3352 3936 3705 4011 indiscrete,
3761 3933 4034 3998 incendii
4076 3953 4152 3996 ac
4194 3932 4426 3996 rainae
4459 3937 4669 4014 poten-

2721 4024 2814 4086 tia
2856 4027 2962 4086 est.

2893 4107 3040 4172 Hoc
3097 4110 3228 4172 totc‘)
3287 4107 3500 4190 capite
3558 4107 3798 4190 partim
3843 4104 4092 4189 colligit
4133 4125 4330 4186 quam
4371 4104 4459 4168 sit
4500 4105 4669 4186 peri·

2724 4194 3016 4260 culosum
3077 4214 3381 4258 exercere
3438 4193 3891 4259 crudelitatem
3943 4201 4011 4255 et
4054 4190 4422 4267 saevitiam,
4486 4192 4668 4256 cuius

2724 4288 2823 4343 tot
2849 4282 3169 4344 exsistant
3195 4279 3511 4357 vindices,
3535 4278 3777 4361 partim
3806 4279 4006 4341 etiam
4041 4277 4096 4339 si
4131 4276 4417 4339 maxime
4455 4285 4668 4340 tutum

2725 4368 2829 4441 sit,
2875 4364 3162 4430 ostendit
3206 4367 3300 4429 ita
3341 4363 3597 4429 foedam
3641 4373 3708 4428 et
3744 4363 4124 4428 horribilem
4168 4383 4284 4444 per
4327 4383 4397 4425 se
4442 4361 4670 4428 crude-

2725 4452 2930 4516 litatis
2976 4452 3231 4528 faeiem,
3292 4462 3366 4514 ut
3417 4451 3539 4516 hac
3584 4450 3724 4515 sola
3765 4453 4020 4513 ratione
4064 4447 4483 4513 exsecrabilis
4529 4469 4673 4513 esse

2728 4537 2946 4621 possit.
3039 4538 3326 4601 Demum
3371 4537 3656 4620 explicat
3697 4557 3894 4617 quam
3939 4535 4133 4619 longe
4177 4532 4403 4598 abesse
4443 4533 4676 4599 debeat

2726 4645 2766 4686 a
2814 4623 3107 4706 principe
3153 4625 3460 4687 immanis
3504 4623 3611 4687 hic
3656 4622 3956 4686 affectus:
4004 4622 4232 4684 ruinae
4274 4627 4341 4683 et
4383 4620 4670 4685 incendii

2724 4711 3088 4791 potentiam
3132 4731 3305 4787 esse,
3352 4709 3653 4790 perdere:
3706 4707 4019 4790 principis
4062 4707 4473 4770 maiestatem
4518 4728 4670 4772 con-

2726 4803 2901 4859 stare
2945 4796 3221 4860 salutem
3265 4795 3590 4877 gregatim
3636 4814 3711 4858 ac
3798 4793 4008 4858 ublice
4053 4791 4285 4856 dando.

2901 4879 3338 4947 Crudelitatem
3350 4882 3749 4960 privatorum
3816 4882 4308 4963 Argumentum
4342 4898 4383 4942 a
4416 4879 4669 4942 minori.

2728 4963 2804 5030 Si
2849 4968 3027 5031 enim
3071 4967 3262 5044 servi,
3306 4966 3419 5048 qui
3464 4967 3558 5030 ita
3599 4967 3886 5050 proiecto
3921 4972 4078 5030 sunt
4113 4963 4350 5044 anime,
4394 4976 4471 5029 ut
4503 4965 4671 5028 nihil
4755 5013 4764 5016 -

2727 5054 3065 5135 egregium
3120 5052 3433 5129 audeant,
3491 5052 3612 5116 ulti
3669 5063 3828 5117 sunt
3868 5053 4277 5134 privatorum
4321 5048 4669 5116 crudelita-

2726 5145 2878 5215 tem,
2914 5139 3027 5220 qui
3062 5159 3195 5202 non
3233 5147 3368 5203 tam
3404 5139 3600 5222 longe
3633 5139 3889 5222 lateque
3924 5138 4227 5203 saeviunt
4258 5157 4452 5219 quam
4489 5138 4671 5218 prin-

2726 5225 2917 5305 cipes,
2962 5224 3157 5308 idque
3198 5222 3319 5289 sub
3363 5233 3540 5290 certo
3585 5226 3815 5290 mortis
3849 5223 4165 5307 periculo:
4213 5244 4330 5288 cur
4363 5243 4495 5288 non
4531 5245 4672 5288 ma·-

2726 5310 2826 5393 gis
2869 5310 3094 5388 liberi,
3130 5313 3241 5393 qui
3284 5310 3367 5375 ad
3409 5311 3703 5377 animosa
3745 5310 4035 5377 facinora
4077 5310 4214 5375 nati
4258 5317 4429 5387 sunt,
4476 5310 4668 5375 uleis-
