5100 6061
305 434 425 496 273

307 619 594 704 apostolo
634 617 715 683 ad
754 624 1008 699 tempus
1042 616 1248 694 licuit,
1287 614 1550 685 hdaeis
1587 635 1657 679 88
1708 613 2028 678 Iudaeum
2073 635 2262 696 prae-

305 709 476 786 bere,
522 726 650 788 quo
686 701 963 769 Iudaeos
1007 701 1427 767 lucrifaceret.
1497 698 1752 765 Eadem
1796 700 1853 763 si
1895 699 2061 764 foret
2103 699 2261 764 mis-

308 793 461 860 sarii
498 789 800 858 sacrificii
831 787 1016 866 ratic,
1053 809 1218 870 quae
1257 787 1381 851 fuit
1414 787 1556 851 eius
1588 784 1956 851 oblationis:
1996 785 2051 851 si
2088 784 2262 849 idem

310 886 456 959 [pag.
506 882 614 956 39]
662 877 820 960 ipsis
873 874 1217 941 consilium
1272 879 1472 951 esset,
1518 870 1691 955 quod
1728 869 2020 954 apostolo
2062 871 2263 936 fuisse

310 972 592 1041 constat,
639 983 759 1047 ego
820 982 976 1026 sane
1023 967 1088 1025 et
1138 968 1279 1024 tam
1321 958 1674 1042 benignam
1716 956 2033 1022 adversus
2076 957 2260 1021 infir-

309 1075 447 1117 mos
483 1051 721 1114 fratres
749 1045 1322 1112 mansuetudinem
1343 1043 1773 1122 exoscularer,
1799 1050 1867 1107 et
1889 1063 2000 1108 eos
2026 1041 2263 1108 exhor-

312 1152 485 1205 tarer
516 1135 601 1201 ad
633 1131 1054 1218 pergendum.
1124 1132 1375 1196 Verum
1408 1137 1724 1213 quantum
1757 1128 1917 1193 insit
1965 1129 2035 1191 in
2065 1129 2265 1193 missa

311 1223 561 1308 flagitii,
598 1221 868 1304 planum
890 1240 930 1283 a
953 1238 1061 1282 188
1080 1218 1324 1283 factum
1358 1237 1498 1281 esse
1534 1212 1802 1281 confido,
1861 1212 2043 1294 Quid
2064 1214 2264 1278 animi

311 1312 614 1383 habeant,
641 1308 766 1390 ipsi
793 1305 917 1371 sibi
941 1303 1431 1388 locupletissimi
1456 1310 1613 1366 sunt
1633 1321 1853 1366 coram
1868 1301 2012 1364 Deo
2043 1308 2259 1364 testes.

314 1395 504 1480 Quod
548 1414 704 1459 vero
739 1391 872 1457 illis
906 1398 1311 1474 postremum
1347 1386 1706 1470 suffugium
1747 1393 1862 1464 est,
1902 1406 2098 1467 quam
2143 1406 2256 1449 va-

313 1506 469 1549 num
507 1482 596 1546 sit
630 1501 706 1545 80
740 1478 1047 1543 frivolum
1084 1475 1415 1553 cavillum,
1453 1472 1611 1537 satis
1645 1471 1843 1536 fuerit
1885 1492 2016 1535 880
2061 1470 2262 1535 verbo

313 1570 619 1636 indicare.
686 1565 1018 1631 Plurimos
1063 1582 1204 1627 8888
1247 1561 1450 1626 110808
1504 1559 1679 1624 viros
1724 1557 1978 1639 Deique
2026 1557 2262 1620 timen-

314 1666 425 1734 tes,
452 1653 787 1728 obiiciunt,
810 1651 918 1732 qui
956 1648 1138 1713 nulla
1175 1646 1316 1713 veri
1353 1644 1722 1730 cognitione
1756 1642 1972 1708 adhuc
2006 1642 2261 1720 imbuti,

312 1742 580 1808 missam
632 1738 921 1801 habeant
973 1738 1475 1799 sacrosanctam:
1534 1751 1674 1795 8888
1720 1749 1974 1811 080088
2017 1729 2089 1791 18
2132 1728 2262 1793 fra-

314 1828 522 1894 tribus
559 1846 690 1888 non
726 1823 1004 1906 pessime
1039 1820 1278 1902 alioqui
1314 1818 1512 1884 verbo
1538 1815 1668 1880 Dei
1712 1814 1988 1891 edoctoS,
2027 1814 2263 1897 quibus

1501 426 1626 490 DE
1671 423 2189 491 FUGIENDIS
2232 426 2716 496 IMPIORUM
2759 427 3110 495 SACRIS.

2312 1654 2317 1691 1

2313 1702 2317 1741 l

4191 436 4314 497 274

2363 617 2481 682 tibi
2525 616 2886 699 expediam.
2954 616 3154 683 Adsis
3179 619 3228 702 ¹)
3273 618 3467 683 modo
3513 619 3797 685 vicissim
3844 627 3985 685 tum
4026 622 4317 688 accincta

2365 723 2818 802 propensaque
2876 702 2959 767 ad
3014 703 3511 769 auscultandam
3563 704 3839 770 Domini
3893 727 4118 771 vocem
4163 708 4316 772 obe-

2367 787 2640 886 dientia,
2697 796 2841 852 tum
2896 789 2978 853 ad
3035 789 3455 872 exsequenda
3498 792 3636 857 81118
3671 792 3947 873 imperia
3989 794 4318 858 constanti

2366 873 2825 956 intrepideque
2862 874 3065 938 animi
3102 875 3567 941 destinatione:
3607 898 3681 943 ac
3717 876 4018 960 denique,
4056 877 4123 942 id
4146 878 4317 962 quod

2369 966 2500 1057 est,
2546 961 2952 1039 memineris,
3000 980 3138 1024 non
3190 968 3327 1026 tam
3374 961 3453 1028 ab
3500 962 3766 1027 homine
3812 964 3930 1028 tibi
3975 963 4117 1028 dari
4160 984 4316 1028 con-

2370 1044 2612 1122 silium,
2643 1065 2839 1127 quam
2879 1066 2915 1109 0
2951 1067 3132 1111 88010
3178 1048 3430 1111 8818181
3467 1047 3594 1112 Dei
3631 1070 3744 1113 ore
3786 1055 4123 1131 acceptum
4172 1070 4318 1114 ora-

2368 1131 2593 1228 culum
2638 1152 2753 1228 per
2796 1130 3131 1195 hominem
3174 1134 3610 1213 pronunciari.
3678 1135 3823 1198 Hoc
3867 1154 4023 1218 ergo
4067 1135 4139 1199 in
4182 1137 4317 1217 pri-

2370 1238 2495 1280 1818
2541 1216 2659 1280 11111
2704 1217 2774 1279 18
2820 1217 3200 1282 universum
3244 1217 3665 1284 interdictum
3714 1219 4064 1298 arbitrare,
4122 1242 4208 1285 ne
4254 1231 4319 1286 te

2368 1304 2709 1385 quisquam
2746 1311 2860 1365 8111
2901 1302 3141 1366 1818888
3175 1304 3512 1387 sacrilegio
3558 1306 4166 1384 communicantem,
4208 1314 4321 1370 aut

2369 1409 2587 1454 coram
2623 1387 2995 1487 ‘simulacro
3051 1395 3247 1469 caput
3303 1388 3712 1473 detegentem
3769 1392 4156 1473 conspiciat,
4204 1398 4319 1456 aut

2368 1474 2572 1538 ullam
2607 1495 2871 1538 omnmo
2892 1473 3422 1556 superstitionem
3456 1477 3936 1558 suscipientem,
3974 1499 4058 1541 ex
4092 1498 4321 1541 earum

2368 1581 2636 1643 genere,
2682 1560 2918 1643 quibus
2972 1558 3305 1624 obscurari
3361 1559 3493 1624 Dei
3535 1562 3841 1644 gloriam,
3900 1563 4133 1644 quibus
4178 1564 4319 1627 eius

2370 1646 2754 1729 religionem
2831 1645 3196 1728 profanari,
3271 1645 3505 1727 quibus
3562 1647 3702 1711 eius
3767 1649 4113 1713 veritatem
4181 1668 4322 1713 001·-

2367 1733 2614 1814 rumpi,
2673 1752 2873 1814 supra
2942 1730 3296 1796 docuimus.
3385 1729 3567 1812 Quas
3632 1753 3948 1816 usurpare
4013 1755 4146 1798 non
4205 1755 4320 1815 po-

2370 1826 2495 1896 tes,
2534 1817 2697 1901 quin
2741 1825 2808 1882 et
2839 1817 3057 1899 impiis
3101 1817 3569 1882 confessionem
3610 1817 3788 1896 edas,
3838 1820 3907 1882 in
3941 1817 4158 1884 Deum
4206 1839 4320 1902 pe—

315 1912 605 1979 nondum
653 1920 874 1974 tamen
930 1926 1317 1989 persuasum
1374 1905 1494 1981 sit,
1540 1910 1785 1984 quanta
1831 1902 1918 1965 sit
1962 1920 2259 1966 exsecra·
2312 1910 2316 1971 l
2368 1904 2549 1968 nitus
2608 1902 3180 1969 contumeliosam:
3243 1905 3310 1968 et
3355 1902 3714 1968 imbecillos
3771 1903 4006 1968 fratres
4052 1905 4127 1968 in
4183 1906 4320 1969 exi-

316 2002 488 2066 tione
533 1997 788 2062 referta.
859 1994 1026 2058 Eius
1070 1993 1288 2074 itaque
1325 1995 1774 2071 contemptum
1817 1988 1871 2052 si
1908 2007 2130 2052 coram
2166 1986 2263 2068 ip-

318 2088 403 2151 sis
439 2104 593 2167 prae
639 2104 708 2148 sc
752 2083 982 2158 ferant,
1019 2079 1340 2142 maximas
1375 2076 1682 2156 utrinque
1717 2073 2107 2138 offensiones
2142 2073 2264 2135 im-

318 2174 561 2238 minere
605 2174 983 2242 causantur,
1032 2164 1265 2246 quibus
1307 2180 1680 2235 occurrere,
1740 2159 2134 2224 christianae
2179 2157 2266 2222 sit

318 2256 669 2323 modestiae
714 2275 787 2319 ac
810 2247 1376 2336 ‚mansuetudinis
1443 2247 1626 2310 Bone
1673 2245 1850 2310 istud
1887 2244 2153 2328 quidem
2199 2250 2266 2307 et

319 2343 690 2428 prudenter,
718 2340 772 2405 si
799 2345 970 2403 esset
993 2337 1117 2403 hoc
1141 2333 1465 2400 scandalis
1488 2332 1747 2419 obviam
1771 2332 1885 2409 ire,
1923 2331 2013 2395 810
2037 2350 2266 2395 cavere

322 2452 399 2495 ne
450 2430 520 2493 in
579 2435 643 2491 te
697 2426 1041 2490 incurrant
1091 2422 1431 2485 hominum
1488 2417 1906 2494 offensiones,
1953 2423 2027 2480 81
2071 2414 2269 2479 simul

321 2536 538 2580 eorum
594 2510 867 2594 pedibus
922 2506 1231 2574 scandala
1284 2508 1604 2581 instruas,
1653 2501 1885 2584 quibus
1942 2503 2012 2565 in
2072 2500 2266 2566 01111-

323 2611 496 2668 stum
550 2600 766 2681 ipsum
818 2597 1207 2679 impingant.
1274 2592 1368 2656 Et
1410 2587 1565 2672 quid
1608 2588 1789 2653 aliud
1833 2595 2066 2671 agunt,
2113 2586 2269 2650 dum

319 2706 581 2772 operam
603 2684 779 2758 dant,
816 2703 900 2746 ne
935 2682 1170 2745 missae
1204 2684 1579 2758 contemptu
1605 2674 1709 2740 vel
1744 2695 2013 2756 prorsus
2049 2672 2269 2736 indoc-

320 2784 436 2851 tos,
481 2770 590 2837 vel
629 2767 920 2855 80811188
951 2766 1149 2850 111888
1192 2764 1608 2830 confirmatos
1651 2757 2031 2824 offendant?
2098 2758 2162 2822 N
2165 2778 2274 2821 am

321 2860 578 2925 illorum
614 2853 877 2938 quidem
920 2852 1343 2918 offensionem
1379 2870 1418 2912 a
1451 2868 1520 2913 se
1568 2845 1996 2909 amoliuntur:
2031 2843 2146 2908 sed
2190 2841 2274 2907 ad

321 2946 538 3011 Deum
566 2938 1029 3007 offendendum
1054 2935 1354 3019 exemplo
1381 2953 1498 2998 suo
1524 2952 1633 2998 808
1653 2931 1963 2996 illectant.
2021 2931 2117 2994 At
2140 2951 2275 2994 non

326 3035 411 3097 ita
445 3052 567 3095 nos
611 3024 899 3093 instituit
933 3024 1282 3100 Dominus,
1330 3020 1438 3103 qui
1474 3018 1625 3083 vult
1668 3019 1955 3101 profecto
1993 3038 2112 3083 nos
2136 3038 2273 3081 om-

323 3118 508 3184 nibus
552 3114 828 3198 placere,
876 3133 1007 3177 non
1030 3119 1256 3174 tamen
1281 3107 1408 3171 nisi
1455 3107 1523 3171 in
1567 3105 1840 3169 bonum:
1888 3105 1996 3187 qui
2022 3104 2273 3185 praeci-

324 3206 447 3288 pit,
494 3217 570 3267 ut
612 3199 893 3265 infirmis
938 3218 1056 3261 808
1102 3191 1690 3268 accommodemus,
1748 3199 1817 3255 at
1858 3191 1925 3254 in
1975 3186 2273 3254 aedifica-

326 3292 566 3355 tionem
611 3288 830 3371 (Rom.
864 3288 961 3362 15,
1008 3288 1058 3346 l.
1101 3282 1197 3366 2):
1245 3299 1440 3361 quam
1483 3277 1755 3344 minime
1800 3278 2092 3341 omnium
2136 3295 2274 3340 sec-

326 3383 574 3451 tantur,
621 3372 732 3455 qui
777 3391 1003 3434 eorum
1047 3366 1525 3449 simplicitatem
1575 3363 2122 3445 perniciosissimo
2170 3381 2272 3425 er-

324 3484 494 3540 rore,
541 3480 668 3542 quo
720 3457 1139 3538 illaqueatam
1195 3453 1403 3534 ipsam
1460 3447 1715 3526 vident,
1770 3448 2005 3512 fortius
2060 3445 2274 3509 adhuc

326 3547 801 3629 constringunt.
849 3542 1028 3606 Hinc
1051 3559 1245 3623 porro
1271 3535 1520 3612 accidit,
1551 3541 1625 3596 ut
1650 3532 1811 3597 dum
1835 3552 2061 3597 omnes
2084 3552 2272 3597 8088-

328 3634 452 3699 11811
499 3630 894 3698 00880188118
939 3625 1252 3692 deterreri
1299 3643 1370 3687 se
1413 3623 1691 3703 fingunt,
1738 3640 1812 3682 18
1862 3639 2021 3683 vera
2062 3616 2272 3682 homi-

326 3740 484 3784 num
528 3717 879 3782 adversum
914 3733 984 3777 88
1021 3709 1540 3793 indignationem
1586 3704 2030 3781 reformidant,
2077 3723 2272 3767 nemo

328 3808 578 3871 sincera
617 3803 999 3884 integraque
1033 3798 1319 3881 puritate
1352 3792 1606 3877 praeire
1651 3810 1938 3873 unquam
1980 3789 2125 3854 aliis
2169 3788 2274 3851 in-

328 3893 534 3974 cipiat.
594 3885 772 3968 Quid
798 3887 973 3951 enim
1003 3901 1237 3948 causae
1262 3901 1402 3946 esse
1439 3884 1766 3961 putemus,
1805 3874 1973 3959 quod
2012 3896 2047 3938 8
2087 3881 2276 3938 18818

326 3973 741 4042 multitudine
796 3992 990 4036 nemo
1044 3970 1113 4033 in
1168 3967 1292 4031 hac
1346 3971 1533 4049 parte
1592 3962 2069 4046 expergiscitur
2084 4011 2098 4038 ,
2146 3959 2275 4024 nisi

328 4065 491 4146 quia,
538 4061 695 4125 dum
740 4060 835 4122 ita
878 4058 1044 4121 alter
1088 4054 1368 4118 alterum
1403 4052 1716 4127 intuetur,
1755 4048 1838 4113 ad
1861 4049 2083 4112 Deum
2126 4066 2276 4110 008-

328 4149 423 4213 108
447 4168 640 4212 88810
664 4143 932 4227 dirigit?
973 4163 1047 4206 ac
1084 4140 1240 4204 dum
1267 4136 1712 4218 unusquisque
1747 4133 1903 4216 quid
1939 4132 2052 4197 alii
2087 4152 2276 4214 prae-

331 4242 501 4300 stent
536 4229 868 4314 expendit,
905 4231 1083 4293 iusta
1116 4225 1363 4309 regula,
1402 4222 1524 4287 hoc
1561 4228 1678 4299 est,
1714 4220 1845 4285 Dei
1880 4219 2098 4294 verb0,
2138 4238 2277 4280 mo-

332 4320 481 4385 dum
540 4318 734 4383 officii
790 4336 983 4381 nemo
1038 4310 1349 4377 metitur?
1414 4308 1507 4372 Et
1561 4328 1760 4389 quum
1805 4307 1877 4369 in
1919 4304 2096 4369 hunc
2140 4323 2277 4367 mo-

333 4405 485 4470 dum
527 4404 652 4487 ipsi
712 4402 833 4468 sibi
878 4408 1104 4466 mutuo
1160 4397 1425 4480 laqueos
1479 4402 1773 4471 nectant,
1822 4389 2278 4458 scandalorum

332 4493 726 4556 mentionem
767 4490 978 4554 facere
1017 4484 1288 4550 audent:
1328 4501 1496 4565 quao
1533 4486 1650 4544 aut
1682 4478 1885 4556 nulla,
1925 4484 2039 4542 aut
2082 4495 2280 4558 quam

333 4577 604 4642 minima
626 4583 862 4655 essent,
899 4574 1026 4639 nisi
1065 4573 1137 4636 in
1170 4570 1369 4653 plana
1395 4566 1827 4649 expeditaque
1862 4562 1972 4628 via
2006 4561 2087 4626 ab
2123 4561 2280 4644 ipsis

333 4665 782 4729 obiicerentur.

498 4748 691 4813 Nunc
724 4755 801 4810 ut
832 4745 915 4810 ad
938 4753 1019 4822 te,
1058 4741 1448 4808 suavissime
1468 4739 1690 4815 frater,
1730 4757 1872 4802 sese
1896 4734 2102 4799 oratio
2126 4752 2279 4798 808-

335 4845 431 4900 tra
476 4835 746 4899 referat:
807 4849 1184 4915 quanquam
1228 4835 1404 4891 08118
1459 4823 1597 4906 ipse
1643 4844 1760 4906 per
1804 4831 1868 4887 te
1919 4823 2049 4885 iam
2086 4818 2279 4883 intel-

336 4921 481 5005 ligis
515 4918 673 5004 quid
718 4917 968 4984 consilii
1009 4916 1125 4980 tibi
1171 4918 1404 4988 restet,
1450 4910 1561 4973 ubi
1605 4914 2016 4992 perspectum
2060 4904 2279 4981 habes,

338 5028 461 5090 quo
503 5016 572 5071 te
617 5006 812 5071 ducat
852 5001 1039 5068 verbi
1081 4999 1210 5065 Dei
1252 4997 1427 5061 linea
1471 4995 1585 5078 (ad
1630 5017 1826 5079 quam
1871 4989 2280 5057 deliberatio-

338 5114 450 5158 nes
486 5113 713 5157 omnes
763 5101 911 5155 11188
958 5093 1102 5167 [pag.
1140 5089 1245 5162 40]
1285 5081 1676 5148 conformari
1718 5079 2114 5160 limitarique
2170 5074 2280 5140 de-

341 5179 466 5264 cet)
522 5200 608 5243 88
664 5197 795 5260 088
851 5185 1074 5241 181888
1126 5173 1198 5238 18
1255 5175 1438 5251 parte
1494 5167 1699 5231 tantis
1740 5165 1945 5231 desim
1988 5164 2121 5228 tuis
2166 5181 2281 5225 an-

459 5266 569 5331 tiis
586 5317 601 5346 ,
654 5284 851 5346 quam
907 5284 946 5327 a
1001 5279 1107 5324 me
1161 5257 1281 5321 tibi
1337 5253 1649 5336 perscribi
1692 5253 1885 5318 officii
1934 5247 2280 5315 formulam

368 5351 565 5417 iterae
608 5358 757 5414 tuae
801 5349 1122 5432 flagitant,
1182 5362 1325 5409 eam
1377 5360 1574 5423 quam
1632 5345 1856 5421 potero
1899 5335 2280 5402 brevissime

545 5453 769 5507 Calvam
790 5467 976 5520 opera.
1056 5448 1168 5503 Vol.
1213 5446 1273 5500 V.

2368 1989 2592 2055 tialem
2639 1990 2895 2054 ruinam
2938 1988 3237 2070 exemplo
3281 2001 3392 2053 tuo
3439 1988 3678 2053 trahas.
3741 1987 3856 2055 Sic
3899 1997 4120 2054 autem
4164 1990 4322 2056 dum

2369 2084 2434 2141 te
2490 2077 2664 2160 geris
2720 2073 3072 2159 (siquidem
3130 2074 3213 2139 ad
3276 2074 3790 2139 manifestiorem
3852 2076 4322 2142 confessionem

2371 2161 2676 2246 progredi
2731 2161 2990 2226 animus
3059 2182 3190 2224 non
3261 2164 3391 2243 est)
3460 2159 3985 2243 prospiciendum
3999 2161 4058 2245 ²)
4123 2163 4319 2227 simul

2371 2259 2472 2312 est
2525 2248 2678 2326 tibi,
2732 2255 3053 2330 quantum
3097 2247 3168 2310 in
3213 2254 3279 2310 te
3323 2247 3522 2311 situm
3564 2246 3793 2323 fuerit,
3836 2267 3921 2310 ne
3963 2248 4185 2311 miseri
4224 2248 4322 2311 illi

2371 2356 2446 2400 ac
2475 2335 2649 2399 caeci
2674 2331 3052 2398 idololatrae
3086 2331 3353 2414 (quibus
3397 2331 3653 2396 sublata
3706 2351 3827 2395 sua
3868 2333 4328 2414 superstitione

2373 2422 2557 2486 Deus
2600 2422 2739 2504 ipse
2784 2440 2933 2485 cum
2969 2425 3104 2482 tota
3148 2439 3266 2483 sua
3309 2417 3625 2500 religione
3671 2417 3996 2500 collapsus
4033 2415 4324 2502 videtur)

2370 2508 2523 2572 dum
2553 2505 2674 2570 tibi
2709 2528 2828 2571 sua
2862 2504 3035 2569 idola
3069 2505 3471 2587 contemptui
3509 2502 3995 2586 deridiculoque
4031 2525 4173 2570 esse
4212 2505 4325 2570 ob—

2374 2592 2721 2669 servarint,
2758 2590 2890 2655 Dei
2927 2611 3180 2673 quoque
3209 2598 3720 2672 contemptorem
3754 2596 3820 2652 te
3857 2610 3931 2654 ac
3969 2588 4324 2656 derisorem

2375 2701 2515 2744 esse
2564 2678 2931 2760 opinentur.
3014 2674 3207 2756 Quod
3265 2676 3483 2758 aliqua
3556 2696 3638 2739 ex
3695 2681 3881 2758 parte
3939 2678 4324 2757 assequeris,

2375 2768 2433 2832 81
2476 2775 2542 2829 81
2585 2785 2774 2829 18188
2805 2763 2881 2827 in
2926 2784 3153 2827 eorum
3190 2762 3391 2826 sacris
3427 2781 3818 2843 compareas,
3866 2767 3932 2824 et
3973 2767 4179 2823 totam
4224 2763 4326 2825 vi·

2376 2860 2483 2918 tae
2526 2858 2680 2916 tuae
2738 2850 3059 2914 rationem
3110 2848 3204 2913 sic
3257 2848 3566 2913 instituas
3583 2898 3598 2924 ,
3657 2853 3732 2910 ut
3772 2845 4155 2929 religiosum
4193 2846 4326 2911 illis

2370 2935 2684 3021 ‘quiddam
2728 2937 2946 3018 spiret.
3013 2935 3160 3017 Age
3199 2933 3418 3017 igitur,
3462 2934 3703 3016 optime
3743 2933 3864 3009 vir,
3901 2931 4033 2995 tale
4077 2931 4148 2994 in
4193 2933 4325 2996 tuis

2376 3023 2673 3090 moribus
2704 3021 2956 3089 eluceat
2993 3018 3271 3103 pietatis,
3296 3018 3628 3096 bonitatis,
3655 3017 4114 3096 continentiae,
4162 3017 4325 3082 cari·

2378 3112 2562 3189 tatis,
2609 3109 2954 3187 castitatis,
3001 3107 3412 3171 innocentiae
3457 3103 3776 3180 studium,
3822 3102 3993 3186 quod
4037 3105 4214 3168 01881
4259 3111 4326 3168 18

2375 3197 2730 3280 impietatis
2765 3194 3131 3276 suspicione
3165 3194 3235 3257 in
3271 3192 3567 3256 omnium
3603 3189 3941 3255 hominum
3976 3197 4326 3272 conspectu

2376 3282 2707 3367 praeclare
2730 3287 2996 3363 purget:
3037 3286 3112 3344 ut
3143 3279 3342 3344 etiam
3384 3279 3438 3342 81
3476 3275 3983 3359 superstitiosuli
4016 3297 4147 3340 non
4185 3295 4326 3340 8888

2378 3377 2442 3434 18
2488 3369 2590 3433 881
2629 3367 2907 3431 similem
2942 3364 3213 3449 indigne
3257 3364 3596 3446 accipiant,
3643 3383 3908 3426 servum
3934 3373 4154 3425 tamen
4175 3361 4326 3438 Dei,

2378 3455 2590 3519 velint
2632 3452 2872 3529 nolint,
2921 3471 3272 3536 agnoscere
3317 3457 3652 3534 cogantur.
3721 3445 4011 3526 Deinde,
4070 3447 4199 3512 nisi
4245 3444 4331 3511 ad

2377 3536 2832 3623 exponendam
2867 3537 3077 3603 cuivis
3112 3535 3266 3601 fidei
3300 3545 3451 3600 tuae
3497 3536 3820 3600 rationem
3864 3541 3928 3596 te
3973 3553 4329 3615 comparas,

2378 3647 2604 3691 eorum
2639 3622 3003 3688 morositati
3038 3631 3306 3687 eatenus
3340 3620 3701 3705 indulgeas,
3742 3640 3828 3683 ne
3871 3641 3997 3701 quo
4039 3627 4330 3702 tempore

2379 3733 2566 3777 sacra
2607 3731 2728 3776 sua
2762 3715 3106 3792 peragunt,
3151 3709 3224 3771 in
3263 3709 3405 3789 ipsa
3448 3704 3662 3771 media
3703 3713 3834 3769 tete
3877 3706 4137 3782 inferas,
4175 3725 4329 3769 con-

2379 3805 2702 3880 temptum
2726 3797 2866 3860 sine
2889 3814 3087 3860 causa
3121 3799 3589 3868 ostentaturus,
3629 3812 3817 3874 quem
3858 3791 3938 3855 ab
3974 3791 4144 3872 ipsis
4172 3790 4329 3872 (qua

2380 3892 2538 3950 sunt
2560 3880 2966 3965 ignorantia)
3005 3901 3123 3962 pro
3157 3899 3340 3943 mera
3374 3880 3445 3942 in
3476 3878 3698 3943 Deum
3731 3877 4069 3958 impietate
4104 3892 4329 3956 accep-

2381 3978 2522 4034 tum
2581 3968 2661 4032 iri
2711 3967 2895 4032 scias.
2965 3966 3056 4029 Et
3102 3964 3259 4048 quid
3298 3962 3451 4028 inde
3495 3963 3659 4028 lucri
3703 3962 3809 4027 vel
3853 3961 3989 4036 tibi,
4035 3959 4140 4025 vel
4188 3958 4334 4024 aliis

2381 4055 2608 4120 redeat
2624 4106 2639 4133 ,
2703 4054 2758 4117 si
2811 4050 3052 4116 atheon
3106 4058 3174 4114 te
3229 4071 3370 4115 esse
3415 4050 3832 4132 suspicentur
3848 4098 3863 4124 ,
3910 4066 4106 4128 quem
4150 4045 4336 4111 nulla

2385 4141 2569 4225 tangi
2613 4139 2927 4222 religione
2971 4136 3390 4202 existiment?
3455 4136 3739 4210 Verum,
3777 4139 3855 4196 ut
3896 4131 4076 4195 illam
4122 4132 4336 4212 suspi-

2382 4227 2588 4294 cionis
2630 4244 2898 4291 causam
2931 4243 3017 4287 88
3051 4222 3223 4287 ultro
3270 4220 3549 4303 dataque
3586 4240 3782 4301 opera
3815 4216 4130 4300 praebeas
4180 4237 4335 4282 con-

2384 4312 2556 4391 sule,
2603 4314 2698 4375 ita
2731 4311 2788 4376 si
2822 4310 2990 4374 forte
3025 4309 3288 4373 fortuna
3326 4306 3482 4372 illuc
3518 4304 3843 4382 incideris,
3882 4304 4087 4368 satius
4122 4302 4335 4367 multo

2383 4399 2608 4476 fuerit,
2664 4394 2924 4480 quidvis
2965 4395 3045 4460 de
3089 4402 3154 4459 te
3199 4394 3637 4475 suspicentur,
3684 4411 3882 4473 quam
3927 4388 4336 4453 idololatram

2384 4485 2804 4568 conspiciant.
2877 4489 3020 4560 [pag.
3060 4486 3164 4556 41]
3206 4478 3400 4560 Quod
3436 4479 3494 4542 si
3530 4478 3799 4562 dignam
3835 4476 4191 4541 christiano
4216 4473 4335 4537 ho—

2385 4572 2564 4636 mine
2610 4569 3025 4637 sanctitatem
3083 4587 3296 4631 mores
3341 4566 3443 4629 tui
3485 4564 3866 4641 habuerint,
3914 4569 4058 4626 tum
4099 4560 4181 4625 ad
4226 4579 4330 4623 re-

2383 4657 2689 4723 futandas
2733 4675 2959 4719 eorum
2996 4651 3297 4717 sinistras
3334 4649 3854 4727 obtrectationes,
3891 4648 3963 4712 in
4006 4647 4120 4711 illa
4162 4647 4335 4711 vitae

2385 4744 2765 4828 integritate
2820 4737 3130 4822 praesidii
3185 4738 3345 4802 satis
3400 4735 3686 4802 habebis.
3755 4736 3902 4799 Iam
3947 4741 4013 4798 et
4049 4731 4336 4796 familiae

2385 4825 2827 4895 instituendae
2853 4844 3080 4890 curam
3115 4825 3186 4888 in
3221 4823 3451 4906 primis
3487 4844 3646 4888 cave
3681 4818 4191 4905 praetermittas:
4230 4817 4334 4882 cui

2387 4938 2522 4981 808
2577 4914 2724 4979 11180
2781 4911 2994 4977 sol-um
3051 4919 3116 4975 te
3161 4930 3302 4976 esse
3342 4910 3743 4992 praefectum
3787 4905 4072 4988 cogitare
4119 4902 4332 4978 debes,

2387 5009 2465 5066 ut
2520 5000 2828 5082 obsequia
2870 4997 2991 5063 tibi
3037 5018 3155 5062 sua
3196 5016 3554 5079 operasque
3598 4992 3857 5069 reddat,
3906 4989 4021 5054 sed
4064 4997 4140 5053 ut
4182 4988 4334 5053 reli-

2528 5206 2584 5273 1)
2624 5201 2973 5285 adsita-576
3009 5218 3148 5274 seqq.
3271 5273 3282 5284 ·
3355 5201 3414 5268 2)
3453 5199 3546 5254 Sic
3582 5198 3698 5252 sola

2387 5272 3100 5401 &tatwssffazfflzzzss
3136 5269 3674 5410 effissar‘iff'w

3771 5197 4004 5264 rinceps.
4082 5193 4337 5251 Caeterae

3764 5266 3931 5335 yert't,
3989 5264 4242 5319 dubium:
4297 5265 4336 5317 il

3866 5393 4024 5473 18Ἴ
