5100 6061
774 418 856 477 55

949 600 1179 686 Maqni
1220 606 1426 665 autem
1480 598 1710 687 anum]
1766 599 2083 665 Definitio
2136 596 2723 682 magnanimitatis,

771 710 968 772 quam
1012 688 1312 770 superius
1353 687 1721 764 retulimus,
1767 707 1807 750 a
1840 706 1971 768 qua
2007 684 2293 749 trahitur
2333 693 2726 767 perpetuum

776 782 1269 858 argumentum:
1317 774 1490 838 sicut
1528 795 1564 837 e
1608 791 1921 837 converso
1965 790 2005 834 a
2049 769 2322 834 definito
2333 706 2449 832 pad
2494 768 2725 833 defini-

775 862 1260 1011 1:iomffsuliebre
1311 950 1398 1008 est
1445 940 1682 1028 furere]
1754 942 1937 1006 Nihil
2000 942 2325 1007 foeminae
2387 939 2728 1006 iracundia

778 1033 1126 1097 efferatius.
1215 1029 1333 1094 Ait
1375 1030 1550 1094 enim
1594 1027 1959 1093 Iuvenalis:

1391 1114 1479 1168 Sic
1516 1113 1709 1181 collige
1747 1113 1891 1181 quod
1926 1113 2160 1167 vindicta

1022 1236 1051 1253 ,
1185 1183 1355 1238 Nemo
1393 1184 1562 1250 magis
1596 1182 1811 1259 gaudet,
1848 1199 2008 1250 quam
2043 1182 2293 1236 foemina.

776 1272 911 1337 Ubi
970 1272 1139 1336 vires
1192 1268 1276 1333 ad
1327 1244 1697 1332 nocendum
1754 1267 2093 1344 deficiunt,
2164 1276 2320 1331 tunc
2375 1287 2569 1333 caeca
2620 1287 2726 1329 ra-

779 1358 931 1433 bies,
978 1368 1046 1420 et
1087 1356 1191 1421 sui
1234 1355 1574 1437 impotens,
1621 1354 1782 1417 furit
1824 1374 1898 1418 ac
1941 1353 2180 1417 fremit.

952 1443 1264 1506 Ferarum
1307 1461 1413 1504 nec
1452 1436 1924 1525 qenerosarum]
1984 1437 2060 1504 Si
2102 1439 2392 1503 ferarum
2449 1444 2549 1502 est
2604 1436 2727 1500 im-

776 1529 1083 1605 manitas,
1140 1536 1505 1591 monstrum
1562 1527 1632 1588 in
1675 1524 1968 1589 homine:
2034 1525 2088 1588 si
2143 1525 2432 1589 ferarum
2476 1523 2728 1606 ignobi-

776 1615 957 1690 lium,
1001 1616 1072 1677 in
1120 1634 1274 1695 rege
1316 1622 1613 1675 monstro
1660 1610 1864 1692 peius.
1954 1611 2101 1674 Hoc
2147 1611 2323 1674 enim
2364 1608 2545 1674 valet
2589 1630 2729 1673 am-

774 1700 1083 1784 plificatio
1138 1698 1207 1762 in
1267 1718 1496 1773 sensu,
1567 1697 1829 1761 tametsi
1885 1695 2083 1761 verba
2139 1717 2271 1759 non
2327 1696 2725 1778 exprimunt.

775 1788 873 1850 Ac
917 1786 972 1849 si
1014 1785 1277 1859 diceret,
1322 1785 1378 1847 si
1418 1782 1816 1846 oblivisceris
1861 1790 1926 1846 te
1970 1802 2112 1847 esse
2166 1781 2548 1864 principem,
2595 1802 2730 1845 me·

775 1872 1045 1936 mineris
1083 1870 1433 1934 bominem.
1502 1866 1641 1933 Sin
1659 1866 1896 1945 minus,
1936 1867 2103 1949 quod
2141 1876 2243 1932 est
2286 1873 2433 1946 [pag.
2472 1870 2580 1945 44]
2617 1886 2731 1965 po-

776 1968 1120 2034 stremutri,
1178 1955 1453 2019 imiteris
1498 1955 1668 2018 feras
1712 1953 2076 2019 nobilioreS.
2167 1952 2619 2034 Quintilianus
2662 1954 2732 2016 in

778 2043 1181 2107 Gladiatore:
1251 2040 1461 2104 Ferae
1519 2040 1890 2105 mehercule
1947 2040 2393 2122 generosiores
2446 2040 2732 2105 iacentes

775 2136 1137 2193 transeunt.
1228 2124 1506 2190 Ovidius
1551 2126 1866 2190 Tristium
1908 2126 2031 2190 II.:

983 2230 1100 2295 Quo
1138 2230 1361 2296 quisque
1399 2236 1483 2281 est
1519 2229 1705 2295 maior,
1740 2230 1909 2297 magis
1946 2236 2031 2282 est
2066 2228 2346 2296 placabilis
2382 2230 2520 2281 irae:

1090 2297 1163 2350 Et
1197 2297 1383 2351 faciles
1420 2307 1598 2350 motus
1635 2313 1785 2350 meus
1822 2312 2089 2365 generosa
2127 2297 2283 2364 capit.

986 2367 1092 2419 Cor
1134 2382 1229 2419 ora
1266 2366 1599 2432 magnanimo
1640 2365 1772 2418 satis
1809 2373 1893 2419 est
1928 2372 2236 2432 prostrasse
2275 2364 2435 2430 leoni,

1086 2384 1333 2500 Pugna-²¹
1310 2451 1461 2487 suum
1498 2432 1675 2499 finem,
1713 2451 1874 2501 quum
1911 2435 2052 2486 iacet
2086 2433 2276 2499 hostis,
2313 2433 2494 2486 habet.

987 2507 1059 2557 At
1092 2503 1268 2570 lupu8‚
1306 2511 1361 2555 et
1397 2511 1582 2570 turpes
1618 2476 1821 2555 in'stant
1854 2503 2203 2555 morientibus
2240 2503 2367 2568 ursi,

1087 2571 1159 2624 Et
1194 2587 1543 2639 quaeeunque
1578 2572 1750 2624 minor
1783 2572 2061 2624 nobilitate
2098 2570 2217 2623 fera
2253 2577 2351 2624 est.

952 2654 1360 2742 Elephames]
1414 2655 1554 2753 Hoc
1591 2654 1670 2720 de
1707 2654 2073 2738 elephantis
2116 2656 2490 2720 testimonio
2525 2656 2728 2721 Plinii

779 2744 1265 2826 comprobatur,
1326 2741 1437 2824 qui
1492 2741 1656 2806 libro
1700 2741 1893 2806 VIII.
1951 2742 2178 2807 scribit
2233 2742 2300 2805 in
2357 2741 2533 2806 hunc
2590 2764 2727 2806 mo·

779 2829 965 2895 dum:
1047 2828 1232 2892 Idem
1310 2828 1582 2910 vestigio
1648 2828 1932 2893 hominis
2008 2827 2462 2892 animadverso
2543 2830 2727 2910 prius

779 2936 974 2999 quam
1031 2914 1323 2990 homine,
1379 2914 1830 2978 intremiscere
1875 2912 2264 2978 insidiarum
2309 2924 2517 2992 metu,
2575 2913 2726 2978 sub-

777 3003 1025 3080 sistere,
1072 3022 1146 3067 ac
1192 3000 1430 3066 olfactu
1474 2999 2044 3084 circumspectare,
2091 3000 2222 3064 iras
2265 3000 2563 3082 proflare,
2610 3023 2730 3066 nec

779 3088 1057 3164 calcare,
1136 3087 1249 3153 sed
1318 3097 1579 3150 erutum
1647 3087 1945 3168 proximo
2014 3085 2325 3163 tradere,
2373 3085 2562 3151 illum
2630 3109 2730 3152 se-

776 3175 1003 3257 quenti
1048 3174 1303 3248 nunci0‚
1350 3194 1557 3254 usque
1602 3170 1684 3236 ad
1728 3181 2116 3237 extremum.

952 3256 1213 3345 Leones]
1277 3258 1499 3322 Verba
1551 3257 1754 3322 Plinii
1809 3256 1890 3323 de
1941 3258 2237 3322 leonibus
2293 3256 2520 3357 eodem
2563 3258 2729 3323 libro

777 3366 916 3428 cap.
963 3345 1184 3409 XVI.:
1230 3344 1440 3408 Leoni
1484 3351 1739 3407 tantum
1776 3364 1860 3407 ex
1893 3345 2047 3408 feris
2083 3344 2427 3408 clementia
2469 3344 2538 3407 in
2573 3366 2728 3442 sup-

777 3430 997 3514 pliceS,
1043 3430 1384 3512 prostratis
1427 3429 1663 3513 parcit;
1710 3439 1776 3492 et
1813 3430 1923 3493 ubi
1958 3430 2181 3506 saevit,
2229 3431 2295 3493 in
2332 3431 2509 3494 viros
2543 3430 2729 3513 prius

778 3536 975 3600 quam
1011 3517 1081 3579 in
1115 3516 1431 3580 foeminas
1466 3515 1708 3579 fremit:
1749 3516 1817 3578 ιιι
1854 3515 2135 3580 infantes
2172 3537 2306 3579 non
2339 3516 2469 3580 nisi
2489 3537 2731 3598 magna

774 3603 965 3666 fame.
1066 3599 1295 3666 Credit
1343 3599 1557 3684 Libya
1604 3599 2017 3666 intellectum
2081 3602 2426 3684 pervenire
2481 3602 2564 3666 ad
2619 3623 2728 3667 eos

778 3708 1065 3770 precum.

955 3772 1082 3838 Nec
1131 3771 1544 3837 inescorabilis
1598 3771 1730 3860 ira]
1795 3774 1979 3838 Haec
2034 3795 2188 3838 vero
2254 3782 2354 3838 est
2420 3774 2727 3838 immanis

779 3859 1033 3935 feritas,
1080 3860 1178 3922 ira
1221 3879 1441 3936 saeva,
1513 3869 1577 3921 et
1620 3860 2053 3924 inexorabilis.
2145 3859 2313 3923 Nam
2361 3861 2448 3939 si,
2494 3881 2726 3925 secun-

778 3939 932 4008 dum
978 3944 1349 4022 Horatium,
1396 3945 1494 4007 ira
1536 3946 1715 4008 furor
1757 3945 1974 4009 brevis
2018 3952 2146 4009 est:
2207 3945 2359 4027 quid
2406 3953 2506 4010 est
2549 3945 2726 4010 aliud

780 4032 877 4094 ira
922 4029 1277 4098 obstinata.
1336 4051 1533 4113 quam
1591 4030 1781 4113 plane
1835 4030 2055 4095 furor?
2148 4029 2379 4096 Cicero
2424 4031 2507 4095 ad
2549 4033 2725 4095 Atti-

777 4137 928 4181 cum
974 4115 1132 4181 dicit
1165 4103 1514 4180 irritabiles
1550 4138 1691 4181 esse
1726 4118 2118 4199 optimorum
2156 4137 2347 4199 saepe
2384 4117 2725 4181 hominum

777 4203 1054 4281 animos,
1110 4212 1176 4265 et
1219 4200 1479 4266 eosdem
1523 4201 1897 4284 placabiles,
1958 4211 2025 4266 et
2079 4202 2246 4267 hanc
2285 4223 2427 4268 esse
2471 4203 2720 4286 agilita-

777 4301 909 4351 tem
955 4286 1416 4370 mollitiemque
1461 4297 1731 4352 naturae
1781 4287 2069 4356 bonitati.
2156 4288 2343 4353 Idem
2384 4288 2463 4353 ad
2513 4287 2725 4387 Quin-

775 4383 918 4438 tum
975 4373 1269 4436 fratrem:
1331 4371 1405 4438 Si
1462 4374 1901 4456 implacabiles
1955 4382 2108 4438 sunt
2160 4373 2568 4450 iracundiae,
2625 4375 2727 4438 in-

777 4459 946 4542 quit,
1013 4480 1268 4522 summa
1332 4465 1431 4523 est
1496 4461 1841 4525 acerbitas.
1925 4461 1980 4524 si
2056 4468 2276 4524 autem
2344 4461 2724 4538 exorabiles,

776 4564 1035 4610 summa
1092 4544 1353 4608 levitas:
1422 4566 1585 4626 quae
1642 4557 1893 4636 tamen,
1951 4553 2027 4610 ut
2073 4546 2144 4609 in
2202 4545 2420 4622 malis,
2479 4547 2726 4611 acerbi-

775 4631 895 4694 tati
939 4629 1391 4711 anteponenda
1425 4642 1538 4695 est.

954 4714 1101 4780 Non
1153 4716 1412 4779 multum
1468 4720 1631 4780 enim
1683 4716 1912 4804 supra]
1980 4718 2082 4782 Ne
2148 4716 2292 4799 quis
2360 4717 2482 4782 sibi
2550 4716 2725 4781 laudi

776 4802 1071 4866 futurum
1110 4801 1357 4880 ducat,
1413 4804 1465 4867 si
1517 4803 1772 4868 hostem
1830 4825 1948 4868 sua
1990 4803 2277 4903 potentia
2321 4797 2723 4880 contriverit,

774 4887 1102 4971 intelligat
1145 4909 1295 4951 eum
1339 4887 1461 4953 sibi
1506 4889 1870 4972 exaequari,
1917 4891 2016 4953 cui
2056 4896 2312 4952 tantum
2354 4887 2604 4966 tribuit,
2649 4898 2727 4953 ut

776 4994 925 5037 cum
971 4994 1046 5036 eo
1090 4975 1463 5040 inimicitias
1507 4984 1824 5040 exerceat.
1914 4973 1993 5037 Id
2049 4982 2148 5039 est
2186 4973 2355 5056 quod
2411 4973 2568 5040 dicit
2603 4973 2724 5039 Se-

777 5079 939 5122 neca
980 5060 1087 5123 lib.
1137 5060 1215 5124 de
1259 5059 1371 5123 Ira
1414 5061 1532 5125 II:
1591 5062 1760 5125 Cum
1804 5061 1947 5143 pari
1991 5059 2412 5137 contendere,
2459 5061 2725 5142 anceps3

776 5164 926 5209 cum
972 5147 1337 5227 superiore,
1392 5147 1736 5224 furiosum;
1794 5167 1944 5210 cum
1985 5146 2323 5224 inferiore,
2370 5145 2722 5211 sordidum.

774 5227 858 5293 Id
903 5229 1024 5294 sibi
1070 5231 1304 5295 volunt
1357 5232 1558 5298 verba
1601 5231 1901 5297 Caesaris
1952 5230 2123 5314 apud
2167 5232 2515 5298 Lucanum
2560 5231 2726 5296 libro

769 5314 1000 5380 tertio:

2421 409 2549 473 DE
2592 406 3142 475 CLEMENTIA

4698 404 4778 467 56

3278 598 3488 653 Vanam
3527 612 3689 679 spem
3712 595 3901 651 mortis
3935 594 4200 647 honestae

3037 666 3314 734 Concipis:
3347 666 3511 732 haud,
3546 667 3733 734 inquit,
3771 662 3952 731 iugulo
3992 678 4050 716 se
4087 661 4297 729 polluet
4330 662 4435 715 isto
4579 688 4620 723 α,
4649 709 4658 717 .

3037 734 3260 802 Nostra,
3295 734 3538 800 Metelle,
3575 750 3791 787 manus,
3830 733 4043 800 dignum
4083 738 4137 783 te
4176 730 4425 784 Caesaris
4460 731 4541 785 ira

3035 802 3231 857 Nullus
3265 804 3441 857 ιιοιιοι·
3475 803 3651 857 faciet.

2830 889 2987 954 Huc
3030 897 3282 971 spectat
3334 888 3666 970 problema
3711 884 4086 951 Aristotelis
4132 885 4305 967 quod
4357 885 4600 969 legitur
4643 907 4780 952 sec-

2833 976 3011 1041 tione
3052 973 3351 1038 XXIX..
3423 973 3562 1039 Cur
3618 972 3960 1037 mulierem
4030 972 4430 1036 interfecisse
4489 971 4775 1054 iniquius

2833 1063 2945 1139 sit,
3005 1082 3201 1142 quam
3253 1060 3502 1135 virum,
3572 1078 3947 1142 quanquam
3999 1065 4271 1122 naturae
4335 1056 4586 1122 ratione
4641 1079 4780 1125 mas

2832 1147 3116 1211 foemina
3178 1146 3618 1228 praestantior
3668 1143 3812 1208 est?
3903 1145 4013 1207 An
4067 1144 4217 1226 quia
4282 1143 4521 1241 mulier
4572 1143 4778 1209 imbe-

2833 1232 3043 1298 cillior
3079 1238 3195 1308 est,
3242 1233 3587 1314 minusque
3629 1229 3902 1313 proinde
3936 1230 4200 1294 facere
4182 1228 4491 1293 iniuriam
4526 1230 4777 1311 potest?

2832 1319 3036 1396 Item,
3093 1318 3256 1382 eniti
3313 1316 3629 1382 adversus
3686 1315 3754 1380 id
3810 1313 3983 1398 quod
4034 1315 4229 1399 longe
4282 1316 4609 1379 infirmius
4664 1324 4779 1395 est,

2835 1403 3002 1468 nihil
3059 1403 3273 1481 virile,
3330 1403 3460 1467 imo
3515 1401 3820 1468 stolidum
3881 1410 4074 1483 atque
4127 1400 4611 1485 iniquissimum
4665 1409 4779 1467 est.

3023 1489 3170 1553 Vita
3220 1490 3534 1569 superiori
3587 1485 3883 1575 oripztur]
3974 1485 4050 1552 Si
4102 1508 4416 1571 magnum
4475 1499 4576 1552 est
4616 1490 4783 1554 occi-

2836 1573 2990 1640 dere
3034 1576 3399 1651 hominem‚
3458 1583 3526 1638 et
3572 1579 3718 1653 [pag.
3761 1577 3867 1651 45]
3915 1574 3968 1638 si
4015 1573 4138 1637 hac
4181 1593 4315 1637 una
4357 1593 4430 1636 re
4473 1572 4632 1637 meti
4634 1596 4782 1638 mur

2837 1661 3110 1727 alicuius
3153 1626 3528 1744 potentiam,
3576 1661 3933 1742 cogitemus
3968 1668 4034 1723 et
4065 1659 4387 1723 latronem
4424 1667 4490 1723 et
4529 1660 4782 1724 hostem

2839 1745 3182 1812 admovere
3236 1768 3423 1829 posse
3467 1745 3692 1830 iugulo
3738 1755 3959 1810 nostro
4007 1743 4331 1828 gladium,
4378 1754 4455 1808 ut
4497 1754 4780 1827 potestas

2839 1834 3046 1897 maior
3085 1833 3267 1897 absit.
3356 1832 3706 1896 Neminem
3763 1852 3897 1895 non
3958 1851 4218 1895 servum
4264 1830 4506 1895 habere
4550 1832 4621 1895 in
4665 1853 4782 1911 nos

2838 1919 3009 1983 vitae
3075 1919 3382 2000 necisque
3453 1918 3815 1982 arbitrium.
3920 1917 4488 2001 Recognoscamus
4553 1937 4780 1981 eorum

2838 1994 3154 2088 exempla,
3193 2005 3306 2087 qui
3327 2003 3695 2069 domesticis
3731 2001 3981 2068 insidiis
4015 2005 4368 2102 perierunt,
4408 2014 4523 2067 aut
4557 2013 4783 2086 aperta

2838 2091 2921 2168 vi,
2959 2099 3079 2155 aut
3108 2090 3282 2169 dolo;
3328 2098 3395 2155 et
3428 2089 3874 2172 intelligemus
3908 2111 4039 2153 non
4072 2090 4408 2171 pauciores
4444 2110 4784 2155 servorum

2835 2177 2935 2239 ira
2977 2176 3304 2254 cecidisse,
3350 2197 3541 2259 quam
3585 2196 3833 2259 regum.
3901 2174 4131 2257 Neque
4179 2194 4334 2255 vero
4373 2175 4427 2239 si
4474 2175 4620 2258 quis
4655 2196 4782 2239 non

2837 2270 2937 2326 est
2970 2263 3354 2328 interfectus
3400 2285 3438 2327 a
3481 2262 3754 2336 latrone,
3801 2261 4004 2325 vitam
4040 2260 4135 2324 illi
4173 2272 4505 2342 acceptam
4542 2261 4780 2325 referre

2780 2347 3043 2413 debet.
3114 2349 3331 2413 Maius
3367 2357 3467 2413 est
3501 2349 3676 2411 vitae
3722 2341 4106 2411 beneficium
4148 2354 4214 2411 et
4251 2346 4551 2425 nobilius,
4590 2367 4781 2429 quam

2835 2442 2910 2498 ut
2964 2455 3004 2497 a
3056 2434 3309 2499 latrone
3367 2435 3739 2516 accipiatur.
3829 2433 3913 2496 Ei
3958 2433 4096 2497 vita
4148 2430 4358 2509 datur,
4417 2434 4528 2516 qui
4580 2454 4780 2532 quum

2836 2520 3035 2585 salvis
3080 2519 3332 2604 legibus
3378 2519 3658 2583 interfici
3700 2520 3935 2601 possit,
3984 2519 4297 2583 eximitur
4337 2520 4570 2584 mortis
4612 2519 4779 2601 peri-

2836 2606 2997 2671 culo.
3089 2604 3345 2670 Seneca
3387 2605 3457 2670 in
3501 2603 3766 2669 Medea.

3656 2707 3773 2761 Hoc
3807 2723 3963 2776 reges
3998 2708 4200 2761 habent

3060 2777 3400 2846 Magnificum
3438 2785 3494 2829 et
3526 2777 3728 2845 ingens,
3766 2775 3916 2829 nulla
3988 2776 4094 2830 uod
4130 2776 4307 2844 rapiet
4343 2775 4473 2842 dica,

3066 2846 3330 2900 Prodesse
3369 2846 3595 2913 miseris,
3635 2845 3906 2912 supplices
3981 2844 4050 2898 do
4088 2845 4202 2897 lare

3063 2915 3373 2983 Protegere.

2835 3001 2985 3066 Non
3051 3001 3271 3084 itaque
3331 3000 3579 3064 frustra
3642 2998 3893 3064 celebre
3959 3009 4059 3065 est
4122 2997 4368 3066 dictum
4435 2998 4778 3100 Scipionis,

2833 3087 3004 3169 quod
3058 3098 3283 3169 postea
3328 3087 3668 3150 Antonino
3710 3086 3832 3150 Pio
3886 3087 4263 3168 frequenter
4305 3087 4503 3151 fuisse
4558 3088 4629 3151 in
4672 3108 4779 3151 ore

2833 3173 2960 3256 legi
2967 3196 3130 3251 mus,
3176 3195 3246 3237 se
3291 3172 3484 3236 malle
3529 3193 3732 3236 unum
3778 3174 3985 3236 civem
4033 3192 4315 3251 servare,
4362 3194 4560 3255 qnam
4603 3172 4776 3236 mille

2835 3259 3055 3324 hostes
3109 3258 3418 3324 occidere.
3508 3259 3884 3341 Tyrannica
3937 3257 4053 3321 illa
4104 3280 4232 3323 vox
4276 3225 4559 3324 Neronis
4610 3255 4778 3341 apud

2837 3343 3158 3410 Senecam
3202 3345 3274 3408 ιιι
3311 3326 3617 3409 Octavia:

3096 3429 3352 3484 Occidere
3387 3430 3616 3497 hostem,
3653 3430 3884 3482 maxima
3919 3437 4004 3482 est
4035 3429 4205 3483 virtus
4240 3429 4409 3483 ducis.

2835 3518 2964 3582 Cui
3010 3516 3358 3599 respondet
3401 3513 3682 3580 Seneca:

3145 3603 3372 3655 Servare
3411 3602 3571 3668 cives,
3606 3601 3779 3653 maior
3815 3610 3900 3653 est
3933 3601 4142 3667 patriae
4178 3601 4339 3669 patri.
4423 3611 4432 3622 ‘

3009 3688 3188 3753 Idem
3231 3688 3522 3770 ccmtinqit
3577 3687 3743 3768 quod
3794 3684 3951 3772 diis]
4042 3684 4414 3751 Crudelitas
4469 3688 4626 3754 facit
4675 3710 4774 3753 re-

2834 3796 2979 3858 gem
3032 3773 3333 3838 omnibus
3377 3771 3870 3850 exsecrabilem,
3925 3772 4083 3853 quin
4126 3773 4324 3836 etiam
4365 3794 4449 3837 ex
4491 3775 4774 3856 principe

2833 3871 3212 3944 tyrannum.
3325 3855 3695 3923 Clementia
3769 3858 4113 3922 amabilem
4180 3859 4479 3924 omnibus
4545 3859 4771 3939 reddit,

2832 3945 3134 4010 omnibus
3214 3947 3641 4027 superiorem,
3726 3953 4052 4025 postremo
4130 3953 4197 4007 et
4274 3944 4398 4010 diis
4477 3946 4768 4011 similem.

2830 4033 3121 4097 Deorum
3177 4039 3277 4096 est
3329 4029 3501 4112 quod
3559 4038 3626 4093 et
3682 4029 3833 4093 boni
3880 4036 3948 4092 et
3991 4030 4145 4094 mali
4199 4031 4550 4110 nascimur,
4607 4031 4773 4115 quod

2832 4118 3162 4183 communi
3208 4117 3384 4182 coelo
3431 4124 3625 4198 atque
3660 4135 3809 4179 aere
3845 4115 4140 4192 fruimur,
4187 4115 4358 4199 quod
4392 4054 4646 4182 iisdemq
4660 4118 4772 4183 ali-

2832 4205 3070 4268 mentis
3125 4204 3539 4267 sustinemur.
3629 4201 3821 4266 Hauc
3879 4199 4151 4266 deorum
4207 4203 4772 4269 mansuetudinem

2833 4311 2950 4354 cur
3009 4311 3143 4354 non
3207 4289 3502 4352 imitetur
3565 4287 3909 4370 princeps?
4002 4287 4230 4352 Cicero
4294 4310 4412 4371 pro
4478 4290 4766 4373 Ligario:

2831 4373 3032 4439 Nulla
3071 4395 3142 4437 re
3185 4375 3451 4457 propius
3495 4373 3792 4439 homines
3851 4371 3933 4437 ad
3987 4373 4140 4439 deos
4184 4373 4525 4454 accedunt,
4582 4396 4773 4458 quam

2832 4460 3111 4525 salutem
3157 4460 3529 4525 hominibus
3575 4459 3806 4524 dando.
3896 4459 4080 4524 Nihil
4115 4459 4315 4525 habet
4357 4483 4476 4526 nec
4511 4428 4774 4527 'ibi-tuna

2833 4555 2950 4610 tua
2992 4546 3231 4620 maius,
3289 4566 3482 4627 quam
3523 4555 3598 4610 ιιι
3642 4547 3867 4626 possis,
3914 4567 4033 4611 nec
4076 4554 4318 4611 natura
4360 4557 4473 4611 tua
4524 4547 4770 4623 melius,

2875 4652 3026 4696 uam
3080 4641 3154 4695 ut
3211 4631 3377 4696 velis
3448 4652 3834 4696 conservare
3873 4652 4088 4714 ‚quam
4145 4633 4476 4714 plurimos.
4579 4633 4771 4699 Clau-

2901 4739 3066 4782 anus
3109 4715 3193 4782 ad
3235 4717 3629 4782 Honorium:

3210 4803 3339 4857 Sola
3375 4803 3507 4856 deos
3544 4810 3742 4871 aequat
3777 4803 4060 4856 clementia
4095 4804 4265 4857 nobis.

3005 4888 3090 4952 In
3133 4909 3458 4953 numerum
3501 4888 3842 4976 relinquat]
3901 4888 3980 4952 Id
4026 4898 4154 4966 est,
4212 4890 4324 4971 qui
4364 4890 4612 4956 faciant
4653 4911 4769 4955 nu·

2830 4996 3122 5052 merum,
3182 4983 3257 5038 ut
3299 4977 3434 5040 sint
3476 4975 3753 5050 scilicet,
3813 4975 4047 5058 quibus
4091 4978 4383 5058 imperet.
4477 4975 4590 5042 Sic
4634 4977 4767 5041 Lu-

2831 5082 3034 5126 canus
3076 5027 3242 5125 libro
3286 5062 3406 5126 11:

3309 5147 3372 5201 In
3406 5163 3680 5202 numerum
3715 5164 3844 5216 pars
3878 5162 4072 5215 magna
4104 5149 4261 5216 perit,

2829 5232 2899 5297 id
2954 5240 3087 5310 est,
3142 5233 3212 5295 in
3269 5232 3392 5298 hoc
3444 5242 3700 5298 tantum
3748 5242 3823 5297 ut
3875 5252 4154 5316 magnus
4208 5242 4380 5356 esset
4418 5235 4770 5298 occisorum

2828 5337 3162 5384 numerus.
