5100 6061
315 448 442 511 265

316 654 459 701 sese
487 633 800 698 induunt:
831 652 952 698 nec
974 630 1371 715 intelligunt,
1395 632 1854 715 superstitione
1888 631 1975 711 id,
2013 651 2098 695 an
2134 630 2261 695 cal-

1503 443 1632 509 DE
1675 441 2195 510 FUGIENDIS
2242 443 2724 510 IMPIORUM
2769 442 3120 512 SACRIS.

4188 454 4312 515 266

2366 631 2641 696 dubium
2697 632 2944 697 nemini
2986 632 3284 699 futurum
3320 642 3478 714 erat,
3523 635 3754 701 tacuit:
3801 636 4148 722 diligenter
4189 639 4313 706 hoc

313 720 449 785 lida
519 718 935 784 simulatione
1002 717 1275 795 faciant,
1346 717 1430 782 ad
1495 738 1635 782 rem
1702 739 1833 782 non
1912 717 2260 800 pertinere.
2365 718 2618 782 cavisse
2677 739 2751 783 ac
2804 719 3242 801 praestitisse,
3304 727 3381 783 ut
3397 771 3412 797 ,
3468 720 3639 804 quod
3695 721 4036 789 christiani
4102 725 4313 789 homi-

316 804 599 887 Quando
652 812 930 886 utroque
984 802 1231 885 pariter
1277 803 1469 868 modo
1521 813 1589 867 et
1630 824 1883 869 sacram
1937 802 2067 867 Dei
2111 802 2263 867 reli-

314 891 576 977 gionem
631 888 913 954 ludibrio
967 888 1211 954 habent
1266 890 1440 953 inter
1482 889 1781 955 homines
1794 940 1811 968 ,
1856 896 1924 954 et
1966 889 2263 970 exemplo

314 997 436 1043 suo
469 976 713 1059 partim
759 974 1029 1038 rudium
1063 974 1414 1049 inscitiam,
1456 974 1539 1039 ad
1585 975 2075 1039 obstinatiorem
2114 995 2261 1056 per-

314 1064 633 1130 vicaciam
661 1062 1071 1134 confirmant,
1109 1062 1350 1143 partim
1384 1060 1807 1135 imbecillium
1843 1058 2071 1125 dubias
2108 1059 2263 1124 hae-

314 1150 716 1229 sitantesque
781 1147 1206 1212 conscientias
1261 1145 1671 1211 labefactant.
1764 1145 2265 1211 Communieare

316 1232 429 1299 ubi
473 1233 685 1298 vetuit
727 1233 1061 1315 apostolus
1098 1232 1371 1315 (Ephes.
1420 1238 1478 1308 ὁ,
1530 1234 1636 1315 11)
1675 1230 1975 1314 operibus
2018 1232 2265 1296 infruc-

312 1319 519 1384 tuosis
578 1318 1026 1394 tenebrarum,
1084 1316 1282 1381 simul
1336 1315 1559 1381 adiicit
1616 1325 1691 1381 ut
1733 1319 1948 1399 potius
1993 1336 2032 1380 a
2076 1316 2264 1383 nobis

309 1405 815 1488 redarguantur.
886 1401 1036 1485 Qua
1069 1404 1424 1485 posteriore
1467 1402 1800 1485 particula,
1836 1400 1991 1484 quid
2027 1423 2146 1485 per
2184 1402 2265 1465 il-

309 1491 450 1556 lam
503 1491 784 1573 priorem
841 1488 1183 1566 voluisset,
1246 1488 1624 1571 explicavit:
1682 1508 1915 1570 nempe
1958 1495 2104 1554 tum
2146 1509 2266 1554 nos

311 1575 661 1660 flagitiosis
707 1597 782 1641 ac
825 1575 1068 1657 iniquis
1103 1573 1503 1639 facinoribus
1539 1574 2040 1651 communicare,
2066 1595 2267 1655 quum

307 1661 428 1726 illa
449 1661 639 1727 nobis
672 1661 931 1743 placere
957 1681 1211 1743 quoquo
1247 1658 1440 1724 modo
1463 1661 1511 1738 ¹)
1549 1659 2011 1741 significamus.
2072 1658 2267 1725 Unde

268 1808 273 1813 .
308 1748 605 1831 profecto
663 1747 906 1829 absque
951 1745 1144 1811 dubio
1187 1746 1499 1828 perspicis
1513 1796 1530 1824 ,
1577 1744 1658 1809 ab
1700 1747 1977 1809 istarum
2021 1743 2264 1808 abomi-

309 1834 689 1909 nationum,
737 1831 817 1896 de
861 1830 1098 1914 quibus
1137 1831 1324 1896 nobis
1369 1852 1583 1896 sermo
1628 1839 1754 1909 est,
1812 1831 2267 1912 inquinamen-

311 1920 397 1983 tis
443 1939 595 1983 eum
641 1938 711 1983 se
758 1917 1019 1982 demum
1063 1925 1395 1999 praestare
1431 1917 1810 1995 immunem,
1856 1915 1969 1998 qui
2013 1916 2267 1980 nullam

311 2024 561 2081 earum,
595 2024 679 2067 ne
702 2004 923 2069 fictam
947 2002 1230 2085 quidem,
1268 2003 1702 2067 imitationem
1736 2003 1805 2065 in
1834 2023 1905 2067 se
1939 2002 2264 2084 suscipiat.

310 2088 689 2166 Caeterum,
716 2092 829 2171 qui
852 2109 929 2163 se,
947 2088 1031 2153 ad
1066 2110 1219 2153 eum
1241 2087 1505 2157 modum
1536 2087 1971 2152 abstinentem
1993 2089 2267 2169 praesti-

310 2176 486 2253 terit,
524 2196 677 2239 eum
700 2195 822 2239 nec
842 2185 1125 2257 aspectu,
1151 2195 1272 2239 nec
1300 2175 1620 2257 ingressu,
1656 2194 1776 2239 nec
1796 2172 2136 2238 vicinitate
2168 2172 2267 2237 ul-

309 2260 446 2326 lam
480 2260 641 2325 adeo
679 2259 786 2325 vel
823 2282 1082 2337 noxam,
1128 2260 1232 2325 vel
1274 2260 1600 2324 maculam
1623 2259 2026 2336 contrahere,
2074 2267 2151 2322 ut
2185 2279 2267 2322 ex

311 2368 389 2412 eo
437 2347 879 2412 constantiam
915 2367 1099 2411 suam
1135 2345 1426 2411 Domino
1469 2345 1680 2429 magis
1726 2344 2057 2427 approbet,
2097 2343 2269 2427 quod

310 2431 662 2497 hostilibus
705 2433 910 2515 copiis
963 2433 1460 2509 circumsessus,
1519 2432 1888 2514 expugnari
1930 2437 2152 2494 tamen
2197 2451 2268 2494 se

212 2552 219 2559 ·
309 2539 444 2583 non
464 2519 770 2601 patiatur.
806 2517 952 2583 Hac
978 2518 1231 2583 ratione
1254 2517 1466 2582 Paulo
1493 2517 1667 2600 (Act.
1701 2520 1796 2592 17,
1822 2516 1935 2598 23)
1960 2515 2159 2593 licuit,
2186 2515 2265 2579 il-

309 2603 493 2669 laesa
516 2605 779 2686 pietate,
810 2625 945 2668 non
977 2603 1169 2669 modo
1205 2604 1451 2669 circum
1489 2623 1715 2667 omnes
1750 2602 2265 2666 Atheniensium

310 2710 464 2754 aras
518 2688 963 2767 obambulare,
1023 2710 1225 2772 eaque
1277 2688 1418 2753 loca
1475 2687 1750 2771 pedibus
1808 2696 2048 2765 terere,
2099 2707 2263 2769 quae

309 2783 537 2841 essent
591 2773 773 2839 mille
828 2775 1245 2857 impietatum
1299 2782 1529 2838 notata
1582 2773 1874 2856 vestigiis
1929 2781 1996 2837 et
2038 2794 2262 2837 recen-

310 2862 477 2926 tium
509 2862 676 2925 forte
713 2861 1182 2925 sacrificiorum
1210 2859 1476 2924 odorem
1510 2858 1726 2924 adhue
1761 2859 2109 2923 referrent:
2148 2880 2261 2923 ve-

302 2968 459 3012 rum
505 2946 723 3011 oculos
767 2945 897 3014 huo
941 2954 1135 3028 atque
1192 2945 1350 3009 illuc
1393 2945 1841 3022 circumferre,
1886 2953 1955 3008 et
1992 2943 2147 3027 quid
2190 2944 2260 3008 in

304 3054 701 3116 unaquaque
737 3053 852 3098 ara
884 3034 1270 3116 inscriptum
1305 3034 1490 3110 foret,
1529 3033 1779 3097 curiose
1814 3028 2257 3114 contemplari.

304 3120 462 3186 Non
508 3120 683 3184 enim
724 3118 805 3183 ad
850 3119 1112 3203 singula
1154 3117 1422 3184 deorum
1466 3119 1732 3182 nomina
1776 3137 1916 3183 sese
1960 3116 2260 3201 religiose

304 3203 685 3282 inclinabat,
728 3225 848 3270 nec
882 3226 1044 3287 quos
1080 3207 1152 3269 in
1186 3204 1550 3270 salutandis
1587 3204 1721 3269 suis
1766 3202 2129 3268 simulacris
2170 3203 2260 3265 ri-

305 3299 417 3356 tus
460 3290 902 3356 observabant
935 3290 1314 3356 idololatrae
1349 3287 1910 3373 repraesentabat:
1961 3293 2109 3367 [pag.
2149 3292 2258 3367 31]

305 3377 423 3442 sed
478 3377 1020 3459 superstitionum
1074 3377 1370 3440 omnium
1425 3375 1799 3458 neglectum
1852 3395 2008 3456 prae
2054 3394 2123 3438 se
2165 3374 2258 3438 fe-

304 3484 494 3539 rens,
542 3461 916 3544 requirebat
969 3461 1142 3543 quod
1196 3449 1465 3526 {andem
1508 3460 1784 3542 reperit,
1830 3458 2010 3524 unde
2054 3458 2138 3523 ad
2181 3458 2261 3523 il-

302 3548 721 3615 lustrandam
755 3548 1027 3612 Domini
1064 3547 1359 3631 gloriam,
1399 3546 1582 3613 velut
1614 3566 1695 3610 ex
1734 3544 2261 3609 adversariorum

304 3634 549 3701 tabulis
596 3642 1059 3717 argumentum
1093 3633 1431 3715 proferret.
1496 3630 1750 3696 Eadem
1790 3631 2046 3694 ratione
2089 3630 2259 3712 peri-

307 3720 535 3785 culum
578 3741 708 3784 non
742 3719 886 3797 fuit,
926 3741 1010 3784 ne
1046 3737 1397 3784 conscensa
1432 3718 1607 3794 navi,
1644 3737 1812 3799 quae
1846 3715 2105 3799 insigne
2141 3715 2260 3779 ha-

309 3805 498 3871 beret
542 3805 979 3871 Geminorum
1025 3803 1202 3882 (Act.
1253 3808 1353 3882 28,
1411 3802 1553 3886 11),
1609 3800 1853 3883 aliquid
1897 3822 1978 3865 ex
2023 3823 2102 3866 ea
2147 3800 2258 3866 de-

306 3891 635 3958 dicatione
688 3890 930 3973 piaculi
984 3890 1055 3955 in
1100 3911 1170 3954 se
1214 3889 1603 3971 susciperet,
1648 3909 1854 3970 quum
1895 3886 1989 3950 ita
2031 3907 2101 3952 se
2145 3907 2259 3970 ge-

304 3985 500 4055 reret,
538 3975 799 4041 nullum
834 3983 907 4040 ut
943 3975 1425 4058 superstitionis
1460 3975 1661 4039 ritum
1703 3994 1852 4038 eum
1896 3972 2116 4055 impiis
2158 3972 2258 4055 ip-

303 4085 453 4129 sum
477 4063 966 4128 communicare
987 4061 1174 4126 facile
1196 4067 1557 4144 appareret.
1614 4059 1847 4141 Neque
1869 4058 2062 4136 enim,
2085 4055 2259 4140 quod

303 4148 467 4215 alios
524 4169 607 4212 ex
639 4169 820 4213 more
863 4149 1075 4231 egisse
1118 4146 1473 4213 verisimile
1519 4153 1634 4224 est,
1681 4144 1987 4209 arbitrari
2028 4164 2256 4226 possu-

301 4255 456 4300 mus
508 4234 756 4316 ipsum,
814 4240 930 4298 aut
954 4237 957 4238 ’
982 4234 1102 4298 sub
1146 4233 1435 4316 primum
1474 4233 1845 4315 ingressum
1890 4228 2042 4294 deos
2086 4239 2257 4294 tute-

301 4320 481 4386 lares
520 4319 856 4398 salutasse,
897 4326 1014 4384 aut
1049 4318 1411 4385 solventem
1447 4339 1488 4382 a
1528 4324 1741 4401 portu,
1779 4314 2133 4381 secundam
2177 4315 2255 4379 ab

302 4406 441 4471 illis
465 4406 953 4488 navigationem
988 4405 1253 4488 petiisse
1277 4410 1394 4469 aut
1427 4402 1799 4485 petentibus
1835 4402 2253 4479 succinuisse,

303 4491 500 4576 quasi
540 4492 610 4555 in
654 4511 884 4555 eorum
938 4492 1380 4573 precationem
1425 4489 1834 4554 consentiret.
1903 4485 2129 4567 Quare
2172 4507 2257 4551 ne

300 4599 435 4661 quo
470 4575 774 4659 scrupulo
803 4596 1014 4642 vanae
1039 4577 1333 4660 gentium
1369 4573 1806 4640 dedicationes
1832 4573 2085 4638 animos
2108 4594 2257 4637 nos-

298 4671 446 4729 tros
492 4660 886 4744 impedirent
942 4664 1043 4745 (ac
1079 4661 1135 4727 si
1178 4662 1433 4727 efficere
1474 4667 1769 4743 possent,
1812 4680 1897 4723 ne
1940 4659 2021 4722 iis
2065 4657 2258 4723 rebus

300 4751 400 4816 uti
454 4769 620 4831 pure
670 4747 922 4826 liceret,
981 4767 1141 4830 quas
1197 4748 1269 4811 in
1325 4766 1522 4811 usum
1577 4753 1872 4810 nostrum
1929 4742 2257 4809 Dominus

301 4833 766 4912 sanctificavit,
801 4832 998 4898 modo
1034 4854 1117 4897 ne
1162 4853 1505 4915 perperam
1540 4829 1914 4909 abutamur)
1961 4831 2258 4895 nomina-

300 4922 427 4985 tim
466 4919 797 5002 expressit
839 4921 1058 4985 Lucas
1073 4970 1090 4998 ,
1134 4918 1423 4983 Paulum
1465 4916 1612 4981 illos
1654 4914 1949 4981 Castoris
1993 4923 2058 4981 et
2098 4914 2255 4980 Pol-

298 5006 471 5072 lucis
506 5005 755 5084 titulos,
791 5025 917 5088 quo
953 5006 1174 5069 minus
1209 5002 1577 5070 traiiciendi
1610 5022 1807 5067 causa
1849 5022 2084 5067 navem
2127 5001 2256 5066 illis

300 5100 757 5158 consecratam
791 5090 1276 5169 conscenderet,
1313 5087 1483 5154 nihil
1518 5086 1988 5153 reformidasse.
2059 5085 2255 5167 Quod

450 5366 508 5432 1)
545 5366 813 5435 quomodo
850 5362 1050 5421 1576—
1057 5362 1208 5418 1611.

2366 803 2481 952 ntis³
2508 810 2668 881 erat,
2698 803 2780 868 ab
2805 804 2983 868 omni
3020 803 3423 870 idololatriae
3460 807 3674 888 specie
3710 829 3904 892 quam
3936 809 4314 893 longissime

2363 907 2403 950 a
2484 895 2636 952 sset.

2538 971 2937 1055 Quanquam
2991 982 3212 1040 autem
3267 966 3464 1060 (quae
3506 982 3624 1041 tua
3668 984 3768 1043 est
3823 1000 3981 1063 erga
4024 981 4155 1045 Dei
4196 1002 4313 1046 ve-

2369 1058 2630 1122 ritatem
2692 1060 3135 1145 observantia)
3191 1064 3613 1140 sententiam,
3674 1085 3869 1146 quam
3924 1072 4024 1130 tot
4075 1064 4313 1133 divinis

2367 1144 2763 1209 testimoniis
2789 1145 3196 1229 obsignatam
3225 1147 3472 1226 videas,
3517 1147 3633 1213 tibi
3677 1149 3811 1215 iam
3855 1150 4049 1233 plane
4077 1152 4312 1235 proba-

2370 1237 2507 1294 tam
2552 1251 2693 1295 esse
2738 1229 3020 1296 confido:
3081 1232 3337 1314 quando
3383 1240 3602 1298 tamen
3647 1255 3782 1298 non
3825 1236 3945 1301 tibi
3990 1235 4149 1303 haec
4193 1240 4314 1303 uni

2371 1316 2775 1394 scribuntur,
2833 1316 3107 1381 aliorum
3164 1325 3241 1381 ut
3293 1339 3399 1381 me
3453 1320 3775 1384 rationem
3831 1322 4029 1386 simul
4072 1323 4313 1391 habere

2369 1401 2676 1499 patiaris,
2735 1401 2849 1465 abs
2891 1409 2956 1465 te
3001 1410 3166 1485 peto.
3257 1401 3440 1483 Quos
3485 1404 3567 1469 ad
3610 1406 4097 1472 concedendum
4139 1409 4312 1474 veri-

2370 1487 2490 1551 tati
2535 1486 2872 1569 ahquanto
2927 1509 3070 1553 esse
3128 1488 3198 1551 in
3249 1488 3372 1553 hac
3428 1511 3624 1555 eausa
3680 1490 4075 1558 difficiliores
4117 1515 4314 1576 quam

2370 1581 2682 1655 oporteat,
2726 1573 2946 1637 minus
2992 1572 3228 1639 idcirco
3270 1575 3491 1652 miror,
3537 1576 3706 1658 quod
3742 1579 4013 1643 insuave
4045 1579 4177 1645 illis
4212 1581 4313 1644 in-

2371 1666 2765 1741 gratumque
2809 1679 2953 1724 esse
2996 1681 3129 1724 non
3170 1659 3413 1737 dubito,
3460 1661 3541 1726 ab
3587 1680 3680 1739 ea,
3726 1664 3830 1727 cui
3874 1663 3986 1730 diu
4028 1664 4313 1748 placide-

2370 1764 2494 1825 que
2517 1744 2992 1823 indormierint,
3031 1744 3213 1810 indul
3299 1746 3441 1810 ntia
3476 1747 3766 1812 excitari.
3823 1749 3922 1814 Ac
3956 1750 4120 1814 mihi
4155 1773 4314 1818 sane

2373 1829 2596 1894 videre
2631 1831 2766 1895 iam
2801 1830 3116 1912 quosdam
3141 1831 3207 1895 vi
3254 1853 3381 1909 eor,
3419 1832 3715 1897 frivolam
3753 1834 4313 1918 intempestivam-

2372 1935 2497 1998 que
2531 1915 2702 1979 hanc
2737 1936 2951 1980 meam
2973 1916 3418 1981 morositatem
3453 1917 3821 1997 irridentes,
3858 1921 3970 2002 qui
4005 1941 4143 1986 rem
4178 1944 4314 1988 non

2372 2001 2467 2064 ita
2508 2001 2737 2084 magni
2769 2000 3080 2083 ponderis
3116 2000 3384 2084 perinde
3419 2024 3710 2087 urgeam,
3756 2024 3830 2071 ac
3865 2006 3923 2070 si
3955 2006 4025 2071 in
4061 2028 4137 2072 eo
4171 2030 4313 2074 car-

2373 2085 2526 2149 dine
2571 2093 2707 2151 tota
2748 2087 3086 2171 religionis
3129 2109 3386 2153 summa
3426 2098 3808 2155 verteretur.
3871 2090 4041 2155 Nam
4077 2101 4144 2157 et
4175 2095 4314 2178 ipse

2372 2171 2689 2253 quosdam
2741 2174 3045 2250 memini,
3105 2174 3489 2257 quibuscum
3534 2173 3612 2239 de
3667 2175 3789 2241 hac
3834 2197 3906 2241 re
3949 2178 4113 2241 mihi
4156 2179 4314 2244 olim

2371 2277 2584 2321 sermo
2642 2259 2801 2336 fuit,
2865 2280 3069 2341 quum
3125 2259 3413 2343 pressius
3473 2282 3578 2324 me
3641 2260 3942 2327 insistere
3996 2263 4312 2343 viderent,

2371 2363 2567 2424 quam
2612 2350 2687 2407 ut
2729 2364 2916 2409 suam
2960 2364 3226 2410 causam
3281 2352 3458 2410 recta
3509 2346 3759 2411 ratione
3819 2349 3987 2413 tueri
4032 2356 4313 2432 possent,

2372 2427 2455 2492 ad
2499 2427 2673 2494 hunc
2717 2431 3064 2514 confugere
3109 2430 3324 2496 locum
3381 2431 3619 2496 solitos.
3708 2430 3804 2497 Ut
3846 2454 4021 2498 nune
4064 2442 4316 2518 tempo-

2371 2536 2516 2577 rum
2562 2514 2729 2579 foret
2762 2517 2956 2581 ratio:
3002 2515 3294 2582 nondum
3337 2537 3378 2580 a
3419 2516 3864 2584 rescindendis
3899 2522 4315 2604 gravioribus

2370 2620 2650 2681 vereque
2693 2602 2880 2667 seriis
2924 2602 3116 2667 malis
3170 2610 3430 2667 tantum
3486 2623 3628 2668 esse
3682 2605 3798 2668 otii
3852 2603 4057 2685 nobis,
4116 2616 4189 2671 ut
4232 2607 4315 2672 de

2368 2684 2617 2749 frivolis
2662 2686 2807 2751 istis
2853 2686 3124 2766 delictis,
3172 2696 3235 2752 et
3281 2688 3463 2753 velut
3504 2690 3778 2754 minutis
3823 2691 4076 2756 naeniis
4120 2691 4313 2758 valde

2367 2770 2684 2842 sollicitos
2721 2792 2860 2837 esse
2905 2781 3251 2854 oporteret.
3344 2773 3642 2840 Primum
3686 2774 3855 2839 hanc
3899 2774 4126 2841 decere
4169 2798 4313 2842 esse

2367 2877 2624 2933 curam,
2693 2865 2766 2921 ut
2822 2879 2978 2923 vera
3032 2860 3103 2923 in
3165 2859 3505 2925 hominum
3560 2860 3796 2924 animis
3854 2860 4183 2925 inseratur
4234 2883 4308 2929 ac

2365 2941 2685 3008 coalescat
2727 2945 2962 3026 pietas,
3017 2951 3092 3009 ut
3134 2965 3347 3010 mores
3392 2945 3473 3010 ad
3516 2947 3775 3028 pietatis
3817 2946 4113 3029 regulam
4162 2954 4308 3026 [pag.

2369 3037 2472 3106 32]
2530 3029 2882 3113 exigantur
2923 3053 2997 3097 ac
3046 3032 3433 3097 formentur:
3491 3046 3567 3096 ut
3620 3032 3900 3114 denique
3954 3041 4089 3097 tota
4143 3034 4308 3098 cari-

2366 3122 2528 3192 tate,
2589 3117 3122 3196 mansuetudine,
3181 3119 3523 3202 patientia,
3583 3118 3980 3200 caeterisque
4036 3118 4307 3201 spiritus

2366 3200 2556 3265 donis
2596 3203 2735 3266 vita
2777 3203 3163 3287 intingatur.
3251 3203 3332 3269 Id
3383 3205 3494 3269 ubi
3548 3204 3927 3287 consequuti
3971 3203 4306 3285 fuerimus,

2365 3296 2504 3350 tum
2564 3287 2700 3352 fore
2746 3288 3056 3354 idoneum
3112 3299 3372 3372 tempus
3417 3289 3500 3354 ad
3549 3290 3711 3354 haec
3753 3289 4002 3355 leviora
4041 3288 4307 3354 descen-

2366 3372 2581 3436 dendi.
2673 3373 2887 3438 Tanta
2940 3383 3170 3440 contra
3225 3376 3650 3458 perversitate
3695 3395 3835 3441 esse
3881 3374 4072 3440 hodie
4116 3396 4308 3458 quos-

2365 3456 2535 3533 dam,
2581 3466 2657 3522 ut
2694 3480 2897 3541 quum
2921 3481 3056 3526 una
3077 3461 3427 3526 missarum
3458 3482 3534 3525 ac
3567 3462 4124 3527 caeremoniarum
4159 3463 4311 3528 abo-

2363 3543 2724 3608 minatione
2782 3554 2986 3610 totam
3036 3547 3155 3611 reli
3206 3547 3368 3611 'onis
3418 3554 3679 3612 nostrae
3723 3547 3861 3612 vim
3918 3546 4305 3629 describant,

2364 3627 2625 3727 quidvis
2682 3631 2770 3694 in-
2810 3629 3070 3696 homine
3123 3568 3481 3696 ogi-istium
3534 3633 3751 3697 ferant
3804 3632 4054 3715 potius,
4110 3655 4307 3717 quam

2363 3735 2633 3779 mlseam
2675 3737 2878 3780 unam
2921 3716 3240 3781 auditam:
3289 3737 3440 3782 eum
3474 3738 3632 3783 vero
3667 3718 3779 3801 qui
3823 3741 3862 3784 a
3904 3720 4106 3785 missa
4140 3728 4306 3785 stre-

2362 3818 2493 3864 nue
2529 3798 2957 3880 abhorruerit,
2993 3802 3192 3867 etiam
3228 3802 3282 3868 si
3319 3802 3504 3867 nulla
3536 3804 3608 3867 in
3642 3804 3909 3887 reliquis
3944 3804 4119 3871 vitae
4153 3825 4305 3887 par-

2362 3885 2536 3950 tibus
2575 3887 2741 3951 mica
2775 3887 3040 3969 pietatis
3074 3887 3345 3965 eluceat,
3393 3887 3607 3953 solum
3641 3887 4002 3954 Christiani
4039 3889 4305 3955 nomine

2363 3969 2637 4054 dignum
2691 3981 2759 4037 et
2811 3981 3195 4058 agnoscant,
3262 3979 3329 4037 et
3381 3973 3776 4055 praedicent.
3867 3973 4135 4039 Talibus
4191 3975 4304 4040 ob-

2361 4056 2547 4121 iectis
2591 4057 2746 4139 quid
2792 4065 2937 4124 tum
2989 4057 3462 4141 responderim,
3517 4066 3716 4124 testes
3771 4058 3869 4122 illi
3921 4059 4089 4124 mihi
4130 4067 4303 4141 sunt,

2361 4162 2522 4226 quos
2567 4141 2726 4209 dico,
2782 4144 3040 4210 Verum
3083 4144 3388 4226 quoniam
3431 4143 3799 4222 nonnullos,
3846 4151 3922 4207 ut
3964 4143 4121 4224 dixi,
4164 4146 4306 4212 fore

2360 4230 2703 4311 prospicio,
2748 4233 2859 4313 qui
2899 4252 3077 4296 nunc
3120 4250 3371 4314 quoque
3415 4251 3550 4294 non
3591 4228 3995 4294 dissimiliter
4037 4253 4155 4297 nos
4197 4252 4307 4298 ac-

2362 4315 2624 4395 cipiant,
2673 4317 2796 4382 hac
2828 4338 2948 4382 sua
2972 4315 3465 4382 ratiocinatione
3497 4335 3735 4397 parum
3759 4334 3831 4379 se
3852 4317 4184 4398 proficere,
4229 4325 4304 4382 ut

2361 4400 2766 4485 intelligant,
2825 4403 3151 4468 facturum
3197 4421 3302 4464 me
3346 4419 3556 4482 spero.
3644 4400 3781 4465 Eos
3834 4401 4042 4486 igitur
4081 4423 4305 4468 omnes

2361 4484 2610 4566 hortor,
2654 4490 2956 4571 primum,
3005 4492 3081 4550 ut
3123 4486 3302 4552 omni
3346 4485 3762 4551 contentione
3807 4486 4035 4570 posita,
4081 4509 4306 4553 secum

2362 4570 2729 4656 dispiciant,
2773 4595 2935 4638 num
2977 4593 3094 4657 pro
3138 4571 3312 4637 facili
3351 4572 3610 4654 levique
3654 4571 3888 4638 delicto
3933 4574 4020 4639 sit
4062 4573 4305 4639 ducen-

2363 4655 2550 4736 dum,
2608 4680 2737 4742 quo
2777 4659 3028 4725 Paulus
3082 4658 3146 4743 (1
3191 4656 3339 4723 Cor.
3385 4662 3482 4737 10,
3521 4661 3602 4722 20
3641 4660 3757 4741 ss.)
3802 4660 4165 4725 Dominum
4220 4657 4305 4724 ad

2360 4764 2651 4828 pugnam
2692 4745 3030 4828 provocari
3044 4795 3058 4820 ,
3113 4764 3240 4828 quo
3285 4744 3599 4809 adversus
3643 4743 3986 4810 Christum
4028 4745 4303 4828 peccari,

2361 4851 2486 4912 quo
2526 4853 2790 4897 mensae
2840 4830 3335 4896 daemoniorum
3380 4832 3877 4909 communicari,
3933 4852 4059 4915 quo
4109 4829 4304 4896 Chri-

2362 4918 2446 4980 sti
2491 4938 2788 4982 mensam
2831 4916 3159 5000 repudiari
3202 4914 3420 4981 tradit.
3506 4914 3584 4983 Si
3627 4916 3804 4984 leves
3840 4915 3963 4996 illi,
4000 4916 4175 4982 facili
4218 4938 4304 4982 ue

2363 5001 2545 5086 digni
2572 5001 2765 5069 venia
2797 5002 3050 5085 lapsus:
3096 5003 3362 5086 flagitiis
3397 5023 3471 5069 ac
3504 5002 3851 5069 sceleribus
3896 5000 4177 5067 definien
4228 5003 4240 5017 “
4283 5033 4308 5082 ,·

2362 5107 2528 5169 quae
2584 5087 2804 5171 digna,
2837 5087 3102 5153 tandem
3146 5088 3493 5154 verborum
3547 5090 3839 5173 gravitas
3892 5088 4298 5169 reperietur?

2362 5172 2512 5237 Huc
2556 5173 2612 5236 si
2655 5172 2913 5256 oblique
2965 5173 3114 5239 illas
3153 5174 3347 5240 Pauli
3402 5175 3885 5258 obiurgationes
3931 5173 4301 5257 detorqueri

2362 5257 2575 5336 aiunt,
2622 5279 2749 5342 quo
2792 5259 2994 5344 igitur
3038 5259 3235 5344 dirigi
3277 5270 3578 5343 possunt,
3624 5281 3757 5324 non
3800 5259 4006 5327 video.
4094 5263 4300 5326 Acer-

2358 5344 2514 5408 bum
2556 5344 2749 5410 illum
2788 5345 3015 5413 stilum
3055 5348 3126 5412 in
3169 5366 3280 5413 eos
3324 5344 3704 5430 stringebat,
3747 5347 3860 5430 qui
3893 5346 3978 5412 ad
4012 5346 4301 5414 edendas
