5100 6061
1985 1668 2850 1770 EPISTOLA.

713 1876 954 1941 Merito
1011 1882 1085 1940 tu
1137 1861 1400 1959 quidem
1455 1882 1523 1939 et
1572 1895 1690 1957 pro
1743 1873 2065 1958 singulari
2119 1879 2234 1939 tua
2274 1874 2522 1956 pietate
2567 1883 2795 1957 optare
2856 1863 3055 1955 soles,
3113 1884 3192 1941 ut
3235 1879 3608 1960 compositis
3663 1878 4142 1945 dissensionum
4189 1883 4418 1960 turbis,

400 1990 640 2073 quibus
692 1988 1063 2053 miserrime
1118 1986 1310 2051 hodie
1362 1987 1591 2052 iactari
1646 1984 1944 2054 videmus
2001 1985 2370 2063 ecclesiam,
2429 2005 2815 2068 quocunque
2860 1987 3003 2052 fieri
3058 1989 3303 2070 poterit
3356 1989 3550 2054 modo
3594 1997 3817 2071 partes
3860 1991 4035 2056 inter
4078 2014 4148 2058 se
4192 2015 4420 2059 recon-

397 2101 721 2168 cilientur.
810 2098 946 2168 Sed
987 2099 1142 2182 quia
1185 2097 1615 2177 concordiam,
1674 2118 1840 2181 quae
1884 2098 1965 2162 ab
2010 2097 2313 2162 omnibus
2358 2097 2727 2179 expetenda
2768 2104 2885 2178 est,
2933 2099 3296 2166 coalescere
3344 2122 3477 2166 non
3520 2122 3710 2183 posse
3753 2107 3979 2183 putas,
4035 2104 4164 2168 nisi
4208 2126 4420 2173 roma-

399 2234 532 2278 nus
571 2212 867 2296 pontifex
909 2213 980 2275 in
1024 2211 1093 2275 id
1137 2210 1482 2276 concilium
1527 2208 1942 2288 adhibeatur,
1999 2208 2111 2274 ubi
2155 2208 2235 2272 de
2276 2209 2730 2291 pacificatione
2774 2217 3042 2294 agetur,
3105 2210 3305 2294 idque
3346 2212 3511 2275 iuris
3557 2234 3632 2277 ac
3675 2212 3944 2279 honoris
3990 2213 4414 2282 deferendum

397 2325 499 2389 illi
544 2325 900 2403 existimaS,
946 2322 1232 2406 nequid
1275 2322 1356 2386 de
1401 2321 1735 2405 religionis
1779 2321 2080 2387 doctrina
2121 2321 2228 2385 vel
2273 2319 2583 2386 ecclesiae
2626 2321 2947 2405 regimine
2993 2323 3235 2405 absque
3279 2324 3418 2388 eius
3454 2344 3775 2388 consensu
3814 2331 3884 2388 et
3918 2328 4267 2393 autoritate
4308 2327 4422 2394 de-

396 2437 743 2515 liberetur,
800 2436 872 2499 in
942 2456 1017 2499 eo
1073 2454 1157 2498 ne
1213 2434 1459 2499 diutius
1517 2455 1724 2510 erres,
1780 2433 1960 2498 volui
2017 2432 2136 2496 tibi
2191 2432 2519 2515 specimen
2565 2426 2907 2510 exhibere,
2976 2431 3147 2499 unde
3192 2433 3524 2517 intelligas
3571 2434 3728 2516 quid
3777 2435 3968 2503 nobis
4013 2440 4099 2503 sit
4143 2462 4414 2524 exspec-

396 2548 702 2625 tandum,
760 2547 818 2613 si
875 2541 967 2612 ab
1013 2548 1151 2612 eius
1195 2553 1363 2610 nutu
1407 2552 1613 2610 totam
1656 2545 1858 2610 huius
1903 2565 2136 2610 causae
2180 2545 2641 2610 tractationem
2685 2545 3146 2628 suspendimus
3165 2596 3181 2625 ‚
3237 2545 3393 2611 inde
3438 2547 3614 2610 enim
3657 2547 3850 2613 facile
3900 2549 4167 2635 colliges
4211 2573 4418 2635 quan-

394 2666 547 2724 tum
596 2658 884 2724 tribuere
933 2660 1138 2741 ipsius
1189 2658 1429 2736 iudicio
1482 2657 1851 2754 debeamus.
1951 2656 2098 2723 Hoc
2151 2677 2409 2739 quoque
2463 2655 2748 2738 optabile
2806 2679 2949 2723 esse
3004 2658 3243 2737 fateor,
3303 2678 3442 2722 non
3484 2665 3747 2723 tantum
3783 2667 3860 2723 ut
3904 2682 4023 2725 sua
4067 2664 4425 2729 autoritate

394 2773 853 2851 confirmaret,
908 2769 1221 2854 quidquid
1276 2776 1538 2834 tantum
1602 2769 2028 2836 constitutum
2086 2769 2311 2846 fuerit,
2385 2767 2500 2834 sed
2558 2768 2758 2833 etiam
2797 2776 2874 2832 ut
2915 2769 2987 2833 in
3032 2767 3327 2835 doctrina
3367 2770 3817 2854 repurganda,
3877 2772 4423 2856 reformandaque

397 2883 704 2961 ecclesia,
770 2893 847 2947 ut
910 2889 1172 2947 tantum
1229 2883 1602 2965 episcopum
1657 2881 1872 2959 decet,
1926 2880 2072 2945 aliis
2123 2881 2425 2945 omnibus
2482 2887 2547 2944 et
2603 2879 2821 2945 studio
2879 2887 2945 2946 et
2989 2881 3291 2963 exemplo
3334 2888 3402 2945 et
3458 2880 3728 2947 consilio
3772 2883 4075 2965 praeiret.
4165 2883 4424 2950 Verum

395 2993 662 3080 quando
703 3015 964 3060 omnem
1017 3015 1094 3060 ea
1149 2994 1229 3060 de
1285 3016 1358 3060 re
1412 3014 1599 3079 spem
1646 2994 1835 3060 bonis
1881 2992 2233 3069 abscindit,
2294 3013 2415 3058 nec
2457 2998 2720 3056 tantum
2764 3013 2833 3057 se
2879 3001 3179 3058 autorem
3227 2992 3537 3059 ecclesiae
3585 2994 3657 3058 in
3699 2993 3934 3059 melius
3978 2993 4426 3067 restituendae

393 3128 538 3172 non
580 3108 719 3172 fore
762 3107 1064 3185 ostendit,
1111 3107 1228 3173 sed
1269 3116 1570 3172 extrema
1609 3107 1939 3190 quaelibet
1982 3112 2393 3170 tentaturum
2435 3106 2655 3187 potius
2700 3104 3106 3170 demonstrat
3149 3126 3348 3188 quam
3392 3112 3467 3170 ut
3502 3105 3876 3172 remedium
3912 3105 4174 3191 aliquod
4216 3106 4423 3172 tantis

394 3218 597 3285 malis
641 3219 864 3284 afferri
907 3220 1224 3302 patiatur:
1270 3219 1427 3302 quid
1470 3220 1737 3285 obsecro
1780 3219 2028 3283 flustra
2071 3238 2432 3297 moramur,
2481 3216 2642 3281 dum
2682 3238 2887 3300 purae
2929 3222 3319 3300 sanctaeque
3363 3217 3747 3284 concordiae
3790 3217 4006 3303 legem
4046 3218 4189 3300 ipse
4234 3219 4425 3285 nobis

391 3332 818 3416 praescribat.
920 3331 1151 3415 Neque
1203 3352 1361 3396 vero
1417 3331 1676 3414 postulo
1695 3382 1709 3409 ‚
1771 3337 1844 3395 ut
1900 3330 1982 3394 de
2037 3351 2116 3395 ea
2164 3351 2238 3394 re
2297 3329 2464 3393 mihi
2509 3330 2921 3409 assentiaris,
2968 3329 3083 3395 sed
3128 3336 3201 3394 ut
3259 3313 3606 3395 consilium
3649 3330 3773 3395 hoo
3818 3328 4180 3413 expendas,
4242 3330 4421 3397 unde

391 3442 748 3507 aestimare
788 3444 1001 3527 possis
1044 3465 1131 3508 an
1166 3441 1247 3508 de
1290 3444 1430 3526 ipso
1473 3450 1720 3507 temere
1764 3440 2198 3525 desperemus.
2266 3441 2402 3507 Ubi
2441 3440 2681 3524 legeris
2724 3440 2997 3506 minime
3039 3436 3284 3523 dubito,
3333 3462 3500 3525 quae
3544 3452 3663 3507 tua
3707 3449 3809 3507 est
3837 3441 4218 3525 prudentia,
4264 3443 4428 3525 quin

389 3553 583 3619 facile
626 3555 716 3620 sis
757 3557 1328 3638 pronunciatums,
1375 3553 1548 3618 nihil
1589 3554 1812 3619 minus
1860 3574 2058 3636 quam
2102 3550 2204 3633 de,
2236 3551 2347 3617 illo
2390 3553 2463 3616 in
2507 3552 2857 3618 consilium
2900 3551 3273 3617 adhibendo
3317 3552 3748 3638 cogitandum
3799 3574 3971 3635 esse,
4032 3555 4145 3621 ubi
4191 3554 4271 3620 de
4315 3576 4421 3621 re-

389 3667 660 3751 ligionis
707 3667 1145 3751 ecclesiaeque
1188 3667 1605 3732 restitutione
1649 3665 1820 3731 serio
1864 3667 2100 3750 agitur.
2194 3663 2383 3730 Vale.

616 5434 837 5490 Calvus·
862 5450 1056 5504 opera.
1126 5435 1240 5491 Vol.
1287 5430 1357 5487 νζ
3942 5438 4013 5489 30
