5100 6061
341 364 458 469 ios

336 606 562 659 santas
606 594 893 676 loquitur
927 595 1035 659 lib.
1061 594 1254 658 VIII.
1302 598 1406 673 τῆς
1446 593 1765 668 nandans:
1809 596 1955 677 Ego
1977 615 2290 676 saepenu-

332 700 514 744 mero
536 680 822 763 cogitavi
864 682 1108 746 bonum
1153 681 1515 763 principem
1561 680 1725 744 nihil
1772 681 2035 744 differre
2057 702 2097 744 a
2122 681 2290 744 bono
2342 724 2345 765 ;

334 776 540 848 patre,
569 776 691 831 etc.
750 766 1011 831 Plinius
1046 769 1116 830 in
1136 767 1551 850 Panegyrico
1587 767 1885 831 Traiani:
1935 765 2127 846 Quod
2150 768 2290 848 qui-
2342 786 2343 807 ¹

336 851 484 916 dem
531 873 769 916 nomen
817 873 944 935 qua
988 851 1422 935 benignitate,
1468 874 1595 934 qua
1638 852 2049 935 indulgentia
2104 873 2289 916 exer-

336 936 479 1035 ces?
571 938 666 1002 Ut
711 958 859 1002 cum
906 937 1155 1003 civibus
1201 939 1333 1002 tuis
1378 940 1560 1021 quasi
1607 960 1755 1003 cum
1793 938 2013 1002 liberis
2050 959 2289 1021 parens

336 1044 525 1088 vlws.

512 1108 842 1190 Numquid
883 1108 1153 1195 aliquis]
1201 1107 1714 1189 Quatuordecim
1749 1129 1982 1173 causae
2026 1110 2097 1172 in
2131 1108 2288 1172 Iure

342 1194 743 1272 scribuntur,
783 1217 945 1277 quas
979 1205 1164 1277 pater
1199 1197 1268 1258 in
1313 1196 1431 1259 filii
1476 1193 2089 1259 exhaeredationem
2132 1194 2288 1258 alle-

336 1301 490 1362 gare
547 1291 776 1363 potest.
837 1281 1038 1345 Auth.
1089 1280 1181 1345 Ut
1237 1302 1440 1363 quum
1498 1281 1581 1344 de
1633 1280 2071 1363 appellatione
2138 1301 2285 1362 cog-

333 1366 640 1431 noscitur.
698 1365 927 1431 Collat.
977 1366 1169 1430 VIII.
1217 1369 1265 1449 §.
1313 1366 1515 1431 Aliud
1573 1388 1824 1449 quoque
1887 1368 2075 1448 capit.
2173 1368 2285 1430 Ius

334 1452 532 1516 etiam
592 1452 1043 1527 abdicationiS,
1101 1474 1296 1534 quam
1350 1452 1596 1517 Fabius
1655 1453 1959 1516 ultimum
2028 1453 2281 1534 patriae

328 1539 675 1619 potestatis
718 1539 969 1602 fulmen
1014 1538 1331 1621 appellat,
1370 1538 1750 1621 abrogatum
1810 1555 1911 1602 est
1964 1542 2081 1619 pe'r
2136 1559 2286 1602 con-

330 1624 741 1688 stitutionem
785 1624 1152 1702 Iustiniani,
1199 1645 1363 1706 quae
1408 1635 1508 1688 est
1553 1626 1648 1687 tit.
1697 1621 1776 1687 de
1822 1627 2030 1705 patria
2072 1632 2287 1706 potes-

327 1722 480 1786 tate,
523 1709 563 1774 l.
611 1707 946 1775 abdicatio.

504 1811 802 1877 Iniuriae
825 1814 1199 1894 patientiam
1237 1811 1557 1898 evicerint]
1614 1814 1762 1876 Non
1809 1814 1899 1876 sic
1944 1813 2154 1895 prima
2191 1814 2285 1876 of-

327 1898 514 1963 fensa
557 1898 859 1962 irritetur
900 1910 1115 1981 pater,
1170 1906 1246 1961 ut
1300 1898 1508 1962 filium
1567 1898 1980 1963 exhaeredet.
2073 1899 2288 1963 Multa

326 1985 846 2067 praetermittat,
907 1983 989 2048 ad
1044 1985 1251 2048 multa
1296 1986 1643 2048 conniveat
1687 1985 1888 2048 donec
1944 2005 2020 2047 eo
2076 2005 2285 2049 emer-

329 2071 540 2134 serint
586 2071 776 2143 vitia,
839 2080 913 2134 ut
966 2072 1097 2133 iam
1153 2070 1416 2134 tolerari
1460 2092 1593 2133 non
1637 2071 1908 2153 possint.

328 2157 644 2238 quutione
690 2177 848 2221 usus
892 2166 995 2220 est
1039 2157 1234 2219 etiam
1280 2155 1559 2220 Ovidius
1602 2156 1837 2239 Elegia
1880 2155 2003 2219 II.:

556 2259 732 2312 Multa
768 2258 962 2326 diuque
1000 2258 1116 2324 tuli,
1154 2260 1294 2312 vitiis
1332 2252 1592 2327 patientia
1628 2260 1769 2311 victa
1807 2266 1905 2311 est.

327 2346 419 2409 Et
454 2345 904 2409 Mamertinus
948 2345 1016 2407 in
1063 2345 1476 2428 Panegyrico
1521 2345 1794 2408 Iuliani:
1836 2342 2020 2424 Quae
2064 2346 2284 2408 omnia

325 2431 732 2496 obstinatam
775 2438 840 2494 et
883 2430 1277 2494 immobilem
1322 2430 1634 2514 principis
1681 2437 1824 2509 [pag.
1865 2436 1969 2506 97]
2019 2430 2282 2495 tandem

326 2517 545 2581 vicere
582 2517 980 2599 patientiam.

508 2620 663 2684 Nisi
693 2620 849 2701 plus
892 2625 982 2683 est
1025 2621 1186 2700 quod
1229 2618 1423 2705 timet]
1470 2621 1606 2683 Aut
1648 2618 1730 2683 ad
1775 2617 1937 2682 illud
1987 2618 2282 2683 Platonis

327 2707 615 2788 respicit,
655 2706 985 2770 neminem
1022 2705 1410 2788 prudentem
1449 2704 1592 2769 ideo
1636 2705 1889 2787 punire,
1935 2707 2090 2788 quia
2131 2726 2283 2787 pec-

326 2800 548 2859 catum
586 2801 702 2870 est,
742 2790 855 2855 sed
894 2813 974 2855 ne
1011 2793 1079 2854 in
1126 2800 1460 2874 posterum
1498 2799 1827 2873 peccetur:
1875 2800 1990 2854 aut
2032 2792 2282 2874 simpli-

327 2879 491 2942 citer
549 2877 737 2953 dicit,
783 2886 1033 2959 patrem
1095 2879 1322 2941 timere
1365 2877 1511 2959 plus
1565 2899 1759 2959 quam
1817 2876 2112 2954 damnat,
2171 2879 2282 2959 qui

326 2986 462 3029 non
508 2964 717 3028 eredit
762 2985 830 3026 se
876 2970 1125 3041 tutum,
1174 2964 1305 3028 filio
1363 2962 1592 3027 iisdem
1649 2984 1867 3027 secum
1923 2964 2281 3046 parietibus

326 3051 616 3129 inclus0‚
663 3051 772 3132 qui
821 3051 1239 3132 parricidium
1287 3051 1700 3133 cogitaverit,
1748 3058 1863 3112 aut
1907 3050 2119 3114 simile
2165 3050 2281 3114 ali-

325 3136 500 3219 quod
541 3137 810 3202 facinus.

507 3239 658 3303 Non
703 3240 934 3304 accedit
972 3239 1062 3304 ”ad
1107 3240 1508 3304 decretorium
1560 3237 1815 3325 stylum]
1873 3238 2007 3302 Per
2061 3238 2280 3304 decre-

330 3328 572 3390 torium
600 3325 851 3408 stylum
889 3345 1185 3407 asperam
1224 3326 1549 3408 significat
1583 3346 1946 3401 censuram,
1986 3340 2051 3389 et
2085 3347 2280 3406 quam

325 3424 518 3495 pater
554 3411 1009 3495 gravissimam
1068 3412 1139 3473 in
1183 3411 1394 3475 filium
1439 3410 1653 3475 habet.
1743 3410 1915 3475 Nam
1961 3421 2028 3475 et
2071 3411 2280 3494 stylus

326 3520 537 3580 quum
570 3496 1009 3579 metaphorice
1057 3497 1386 3579 accipitur,
1434 3495 1503 3559 id
1545 3519 1661 3578 per
1700 3519 1768 3560 se
1813 3498 2166 3577 significat:
2217 3507 2282 3561 et

1697 406 1987 471 LIBER
2030 406 2084 471 Ι.
2174 406 2476 473 CAPUT
2519 408 2717 473 XIII.
2788 407 2977 472 XIV.

2000 2070 2146 2134 Hac
2190 2070 2285 2133 lo-
2334 2052 2340 2241 ¹!
2390 2139 2481 2200 Et
2506 2136 2657 2200 alibi
2697 2139 2962 2219 loquens
2998 2137 3078 2203 de
3115 2140 3397 2203 Caesare
3435 2139 3779 2233 dictatore:
3819 2140 4206 2223 Appellatus
4242 2152 4343 2208 est

2334 2268 2337 2285 .
2390 2234 2579 2305 pater
2615 2225 2893 2305 patriam
2932 2225 3099 2307 quod
3139 2247 3494 2307 cognomen
3529 2227 3782 2307 primus
3818 2228 4044 2291 Cicero
4080 2230 4339 2293 meruit.

2334 2296 2340 2437 ³
2389 2309 2725 2373 Iuvenalis
2772 2310 3015 2394 Satyra·
3059 2311 3285 2375 V111.:

4221 417 4339 477 106

2583 596 2822 661 Ultima
2886 596 3233 682 experitur]
3337 598 3520 661 Haec
3578 599 3867 680 loq'uutio
3939 600 4198 682 proprie
4272 602 4342 664 in

2396 681 2848 763 desperatione
2892 698 3269 765 usurpatur.
3360 684 3631 748 Curtius
3666 684 3775 748 lib.
3825 685 3936 748 V.:
3993 685 4342 753 Madathes

2395 782 2534 829 erat
2579 767 2772 832 huius
2817 769 3105 851 regionis
3147 771 3528 850 praefectus,
3574 770 3750 835 haud
3789 791 3946 835 sane
3982 772 4342 837 multorum

2396 859 2762 934 temporum
2801 853 3010 927 homo,
3047 854 3285 936 quippe
3321 856 3551 918 ultima
3586 878 3703 937 pro
3739 855 3867 920 fide
3910 858 4191 938 experiri
4229 856 4341 921 de-

2394 948 2707 1002 creverat.
2766 937 3093 1003 Salustius
3128 941 3197 1003 in
3223 940 3540 1004 Catilina:
3579 941 3939 1023 Postquam
3982 942 4117 1006 dies
4141 944 4339 1008 comi-

2394 1024 2639 1087 tiorum
2675 1024 2885 1097 venit,
2944 1038 3010 1088 et
3053 1024 3379 1090 Catilinae
3424 1048 3632 1108 neque
3674 1028 3930 1109 petitio,
3976 1050 4187 1110 neque
4239 1031 4340 1092 in-

2394 1109 2595 1171 sidiae
2629 1131 2789 1190 quas
2826 1110 3073 1174 consuli
3117 1112 3383 1185 fecerat,
3440 1133 3746 1194 prospere
3792 1124 4149 1189 cesserunt,
4187 1136 4339 1180 con-

2395 1194 2615 1258 stituit
2658 1193 2898 1259 bellum
2942 1197 3182 1274 facere,
3229 1209 3295 1260 et
3336 1208 3632 1261 extrema
3675 1199 3898 1262 omnia
3937 1202 4237 1282 experiri.

2567 1280 2702 1345 Hoc
2746 1282 2906 1360 quod
2939 1283 3220 1362 parenti,
3278 1285 3465 1346 etiam
3497 1281 3811 1369 principi]
3874 1285 4066 1349 Nunc
4120 1308 4340 1351 exem-

2393 1358 3010 1447 plum⁸argumento
3053 1368 3339 1432 subiecto
3381 1369 3839 1434 accommodat.
3913 1384 3926 1405 ⁸

2577 1453 2768 1532 Quem
2810 1453 3265 1533 appellavimus
3297 1461 3545 1534 patrem
3574 1453 3860 1542 patriae]
3910 1455 4160 1521 Omnes
4203 1461 4338 1522 fere

2394 1536 2708 1601 Caesares
2769 1548 2986 1619 patres
3046 1540 3294 1619 patriae
3351 1560 3389 1602 a
3445 1548 3672 1604 senatu
3743 1541 4337 1621 consalutabantur,

2393 1634 2465 1686 ut
2500 1644 2706 1703 paene
2744 1624 3008 1688 solenne
3046 1624 3165 1689 hoc
3201 1625 3403 1688 fuerit
3445 1626 3914 1707 imperatorum
3958 1650 4338 1710 cognomen,

2393 1730 2472 1771 ex
2510 1730 2638 1789 quo
2677 1710 2844 1773 Iulio
2883 1710 3170 1774 delatum
3207 1712 3446 1774 fuerat:
3486 1722 3554 1773 et
3597 1712 3858 1777 Tacitus
3901 1715 4338 1795 promiscuum

2392 1794 2515 1859 hoe
2550 1806 3052 1876 cognomentum
3079 1795 3244 1859 libro
3265 1796 3386 1860 XI.
3425 1796 3726 1879 appellet.
3797 1797 3966 1861 Vide
3991 1800 4340 1883 Tranquil—

2374 1880 2545 1943 ·lum.
2639 1881 2891 1944 Habuit
2948 1881 3071 1945 hoc
3128 1902 3363 1969 nomen
3411 1883 3732 1965 originem
3771 1906 3810 1946 a
3853 1884 4184 1963 Cicerone,
4231 1887 4338 1969 qui

2395 1977 2539 2047 post
2565 1988 2977 2049 suppressam
2994 1967 3319 2031 Catilinae
3343 1969 3850 2032 coniurationem
3865 1979 4064 2051 pater
4087 1973 4340 2053 patriae

2393 2062 2494 2115 est
2548 2052 2942 2134 appellatus,
3003 2064 3076 2116 ut
3117 2062 3394 2117 testatur
3441 2056 3785 2136 Appianas
3831 2055 3994 2120 libro
4038 2056 4337 2121 secunde.

2390 2411 2533 2481 [pag.
2570 2412 2659 2480 98]
3073 2412 3178 2465 Sed
3219 2413 3384 2467 Roma
3421 2423 3717 2481 parentem,

2614 2476 2786 2535 Roma
2822 2490 3034 2550 patrem
3069 2482 3277 2549 patriae
3314 2482 3624 2535 Ciceronem
3663 2482 3832 2535 libera
3869 2484 4019 2537 dixit.

2387 2567 2648 2632 Plinius
2709 2566 2874 2631 libro
2923 2567 3114 2630 VIL:
3183 2566 3384 2631 Salve
3451 2569 3700 2649 primus
3747 2570 4042 2632 omnium
4102 2591 4341 2652 parens

2388 2654 2635 2734 patriae
2683 2653 3022 2735 appellate.
3106 2653 3506 2717 Plutarchus
3551 2654 3622 2716 in
3667 2654 3807 2718 eius
3849 2655 3985 2718 vita
4023 2655 4340 2721 Catonem

2387 2740 2589 2803 fuisse
2643 2748 2936 2803 autorem
2995 2739 3193 2802 huius
3250 2739 3654 2821 cognominis
3712 2739 3943 2803 tradit:
4014 2741 4185 2821 quod
4253 2764 4338 2805 an

2389 2846 2616 2888 verum
2663 2824 2776 2901 sit,
2844 2826 2910 2887 in
2981 2823 3268 2888 medium
3335 2825 3654 2906 relinquo.
3717 2826 4058 2891 subiiciam
4116 2836 4337 2890 tamen

2388 2911 2592 2993 ipsius
2635 2910 2977 2975 Plutarchi
3025 2910 3252 2986 verba,
3298 2920 3364 2973 et
3409 2910 3746 2974 Ciceronis
3792 2912 4026 2986 locum,
4072 2934 4199 2994 quo
4243 2914 4337 2975 fa-

2386 2997 2572 3062 cilius
2624 2997 2877 3080 possint
2929 2997 3274 3060 aestimare
3328 2997 3619 3061 lectores.
3709 2997 4056 3076 Nonnihil,
4105 2998 4336 3080 inquit,

2387 3084 2692 3149 Ciceroni
2731 3105 2838 3148 ac
2909 3083 3256 3147 universae
3313 3081 3705 3164 reipublicae
3770 3084 3935 3148 Cato
3993 3084 4336 3148 conduxit:

2384 3171 2494 3252 qui
2537 3170 2911 3235 tribunatus
2955 3167 3202 3235 viribus
3242 3170 3473 3247 fultus,
3535 3190 3741 3250 aequa
3784 3170 3937 3234 licet
3995 3170 4335 3251 potestatis

2386 3255 2678 3330 licentia,
2736 3256 3036 3338 ampliori
3095 3264 3313 3320 tamen
3369 3255 3691 3338 dignitate
3757 3256 4013 3320 institit.
4111 3255 4337 3320 Facile

2386 3343 2564 3407 enim
2621 3351 2858 3407 cuncta
2916 3341 3139 3418 solvit,
3199 3349 3265 3405 et
3319 3340 3656 3406 Ciceronis
3713 3342 4122 3406 consulatum
4175 3340 4335 3406 adeo

2387 3449 2504 3509 pro
2550 3429 2778 3492 rostris
2822 3428 3075 3504 extulit,
3124 3435 3196 3491 ut
3230 3427 3612 3498 Ciceronem
3648 3427 4006 3492 honoribus
4042 3429 4336 3498 omnium

2385 3514 2692 3577 maximis
2750 3513 3058 3596 dignatus
3113 3514 3232 3592 sit,
3288 3514 3479 3577 illum
3523 3523 3775 3595 patrem
3819 3514 4071 3595 patriae
4117 3514 4335 3596 appel-

327 3582 669 3649 deCl'sstum
715 3582 977 3646 Latinis
1022 3582 1278 3658 dicitur,
1323 3582 1491 3681 qUOCl
1529 3581 1805 3646 GraOClS
1840 3580 2279 3681 dQGm62'‚·hOC
2330 3613 2336 3691 Ι
2384 3599 2558 3663 lang:
2623 3599 2796 3680 quod
2855 3620 3214 3681 gog-nomeu
3274 3601 3560 3681 primum
3605 3621 3686 3663 ex
3729 3599 4001 3664 Catonis
4046 3602 4337 3664 oratione

326 3681 429 3734 est
465 3681 639 3734 stata
683 3670 1159 3750 constitutaque
1205 3678 1555 3732 sententia:
1606 3667 1778 3731 unde
1824 3667 2278 3746 decretorium,
2330 3699 2335 3772 ᾗ
2385 3685 2686 3749 ciem-0131
2728 3684 3029 3762 inditum,
3076 3685 3158 3749 ad
3202 3695 3491 3750 caeteros
3527 3705 3866 3750 emanasse
3903 3687 4333 3751 existimatur,

320 3754 494 3839 quod
538 3755 670 3818 illis
708 3753 981 3838 κριτικόν.
1075 3752 1224 3834 Qua
1266 3755 1520 3818 ratione
1557 3753 1871 3818 Canicula
1908 3752 2089 3818 sidus
2136 3757 2280 3819 uvis

322 3841 761 3906 decretorium
829 3840 1077 3917 Plinio,
1150 3852 1216 3903 et
1274 3839 1409 3903 dies
1489 3838 1871 3904 florentibus
1933 3839 2090 3904 oleis
2168 3838 2278 3905 de-

323 3927 680 4004 61616ῐί66,
740 3948 866 4007 quo
911 3925 1155 4008 Aquila
1208 3927 1430 3990 oritur.

1525 3927 1626 3989 De
1683 3925 1857 4008 stylo
1922 3924 2152 3991 Cicero
2210 3928 2280 3989 in
2332 3947 2335 3974 ¹

2386 3772 2618 3836 Cicero
2686 3771 2826 3852 ipse
2891 3772 2960 3833 in
3017 3772 3312 3835 oratione
3377 3791 3495 3853 pro
3561 3769 3791 3836 Sextio
3857 3773 3948 3836 sic
4013 3771 4333 3853 loquitur:

2387 3856 2563 3936 Quid
2616 3858 2743 3921 fuit
2798 3855 2990 3933 illud,
3046 3856 3218 3937 quod
3271 3878 3566 3921 summus
3623 3858 3856 3921 artifex
3915 3859 4078 3920 flens
4123 3867 4184 3920 et
4235 3878 4337 3920 re-

2386 3943 2558 4007 centi
2625 3943 2900 4019 laetitia,
2967 3951 3033 4004 et
3095 3953 3344 4007 moesto
3400 3942 3652 4017 dolore,
3701 3965 3774 4006 ac
3820 3942 4140 4007 desiderio
4185 3944 4333 4019 mei,

321 4014 623 4077 oratione
670 4033 788 4094 pro
827 4012 1161 4076 Cluentio:
1211 4012 1311 4076 Ne
1358 4013 1724 4076 censorium
1772 4010 2048 4096 stylum,
2096 4013 2279 4077 cuius
2331 3999 2336 4114 J
2386 4029 2522 4110 egit,
2564 4037 2787 4111 aperte
2833 4026 3038 4091 mult-,0
3084 4027 3495 4110 gravioribus
3540 4028 3756 4092 verbis
3800 4049 4012 4091 meam
4051 4049 4335 4105 oausam,

318 4120 703 4164 mucronem
771 4097 997 4161 multis
1059 4097 1363 4162 remediis
1418 4098 1694 4162 maiores
1748 4099 1957 4162 nostri
2012 4098 2277 4163 retude-
2331 4117 2336 4142 ¹

318 4192 499 4262 runt,
539 4205 743 4266 aeque
783 4183 1053 4266 posthac
1090 4194 1283 4267 atque
1329 4182 1745 4247 dictatorium
1790 4182 2082 4265 gladium
2128 4206 2275 4265 per·
2330 4147 2336 4282 1

320 4271 757 4335 timescamus.
847 4270 1126 4333 Latinus
1169 4270 1455 4335 Pacatus
1498 4269 1569 4333 in
1612 4269 2022 4352 Panegyrico
2069 4270 2279 4334 Theo-

323 4357 518 4421 dosii:
568 4353 684 4421 Sic
743 4377 945 4438 quum
1004 4355 1271 4419 immitis
1340 4356 1610 4438 tyranni
1671 4354 1882 4440 stylus
1938 4355 2278 4420 timeretur

324 4453 390 4506 et
448 4440 741 4526 gladius,
802 4441 1155 4505 transierat
1206 4443 1276 4504 in
1322 4449 1474 4506 vota
1529 4451 1895 4522 paupertas.
1984 4442 2075 4504 Et
2119 4443 2188 4505 in
2235 4441 2274 4506 l.

321 4529 378 4592 si
414 4529 560 4611 quis
598 4526 671 4591 C.
712 4525 792 4590 de
830 4527 1013 4590 bonis
1049 4528 1589 4609 proscriptorum,
1629 4549 1745 4591 scu
1784 4526 2273 4591 damnatorum:

323 4612 397 4678 Si
446 4614 592 4696 quis
638 4613 816 4676 intra
869 4613 1274 4694 provinciam
1329 4634 1448 4695 pro
1492 4612 1805 4695 qualitate
1864 4613 2083 4677 delicti
2136 4623 2274 4696 sty-

320 4699 461 4764 lum
497 4699 997 4781 proscriptionis
1033 4699 1400 4776 incurrerit,
1436 4722 1555 4782 per
1588 4698 1899 4763 ordinarii
1934 4701 2123 4763 officii
2150 4700 2275 4764 sol-

320 4784 727 4850 licitudinem
765 4793 883 4848 etc.
951 4782 1255 4850 Deducta
1290 4785 1445 4849 hinc
1475 4784 1874 4867 metaphora,
1923 4784 2095 4867 quod
2129 4808 2275 4851 sen-

321 4872 568 4936 tentiae
628 4869 987 4954 antiquitus
1044 4871 1216 4954 stylo
1273 4871 1714 4935 scriberentur
1762 4872 1828 4934 in
1888 4873 2121 4935 ceratis
2178 4879 2275 4934 ta-

320 4956 512 5023 bulis.

2387 4134 2581 4196 quam
2618 4123 2877 4198 egomet
2911 4112 2991 4178 de
3030 4135 3137 4177 me
3172 4134 3367 4196 agere
3402 4112 3797 4196 potuissem?
3864 4111 4124 4178 Summi
4161 4117 4337 4178 enim

2385 4211 2614 4283 poetae
2659 4200 2999 4283 ingenium
3040 4222 3171 4264 non
3216 4199 3427 4264 solum
3473 4208 3612 4263 arte
3658 4220 3792 4274 sua,
3839 4198 3951 4262 sed
3994 4200 4189 4263 etiam
4226 4200 4338 4263 do·

2384 4287 2522 4350 lore
2566 4286 2993 4368 exprimebat.
3060 4288 3229 4350 Tum
3272 4285 3388 4349 illa
3429 4295 3672 4367 quanto
3708 4306 3855 4348 cum
3901 4285 4151 4367 gemitu
4193 4295 4340 4350 acta

2385 4371 2587 4436 sunt?
2679 4371 2741 4437 O
2795 4373 3011 4454 pater!
3102 4374 3216 4436 Me
3271 4393 3374 4436 me
3429 4371 3537 4434 ille
3584 4372 3918 4436 absentem
3966 4381 4041 4434 ut
4081 4381 4337 4452 patrem

2385 4457 2859 4540 deplorandum
2896 4469 3179 4540 putarat,
3217 4479 3412 4540 quem
3449 4456 3528 4538 Q.
3577 4456 3875 4533 CatuluS,
3916 4478 4110 4538 quem
4144 4456 4338 4521 multi

2384 4544 2495 4609 alii
2562 4566 2754 4626 saepe
2817 4545 2888 4607 in
2953 4552 3185 4609 senatu
3250 4548 3500 4626 patrem
3579 4543 3831 4626 patriae
3897 4544 4334 4606 nominarant.

2385 4629 2649 4711 Quanto
2695 4651 2845 4695 cum
2889 4632 3064 4707 fletu,
3111 4651 3312 4711 quum
3338 4629 3387 4712 ¹)
3432 4637 3683 4711 patrem
3726 4628 4009 4711 pulsum,
4054 4629 4337 4710 patriam

2383 4717 2695 4782 afflictam
2730 4715 3117 4798 deploraret,
3165 4715 3431 4779 domum
3468 4717 3822 4794 incensam,
3868 4713 4331 4797 eversamque?

2383 4800 2496 4867 Sic
2555 4802 2720 4886 egit,
2778 4808 2854 4866 ut
2917 4801 3364 4866 demonstrata
3420 4801 3701 4884 pristina
3758 4802 4046 4877 fortuna,
4105 4802 4335 4864 fletum

2382 4889 2580 4953 etiam
2624 4887 2904 4952 inimicis
2958 4896 3151 4969 atque
3206 4887 3447 4953 invidis
3505 4889 3838 4953 excitaret.
3930 4886 4336 4951 Nominatim

2382 4996 2528 5038 sum
2575 4972 2969 5057 appellatus,
3025 4974 3095 5037 in
3140 4974 3369 5038 Brute.
3461 4973 4029 5039 Hic·nominatim
4075 4970 4155 5052 Q.
4207 4971 4336 5037 Ca-

496 5060 708 5124 Multa
743 5065 884 5123 ante
914 5064 1104 5124 tentat
1134 5058 1359 5140 quibus
1389 5059 1647 5124 dubiam
1682 5057 1817 5145 eta]
1862 5057 2091 5123 Donec
2126 5082 2275 5143 spes
2326 5089 2329 5112 ι
2380 5060 2595 5124 tulum
2632 5067 2966 5136 memorat,
3011 5059 3195 5125 nulla
3228 5062 3474 5126 mentio
3511 5058 3809 5124 Catonis:
3858 5066 3924 5122 et
3967 5058 4037 5122 in
4083 5068 4333 5136 senatu,

323 5154 425 5212 est
465 5144 721 5212 levibus
766 5145 1068 5210 remediis
1124 5165 1312 5227 posse
1366 5147 1656 5209 revocari
1710 5144 1792 5208 ad
1847 5145 2082 5210 bonam
2137 5148 2275 5211 fru-

322 5253 493 5316 gem,
541 5230 709 5295 nihil
755 5231 1059 5297 admovet
1106 5251 1430 5312 asperum,
1477 5251 1599 5295 nec
1645 5229 1884 5296 desinit
1927 5239 2273 5314 antequam

323 5318 407 5383 de
451 5318 731 5382 sanitate
778 5316 1192 5400 desperatum
1238 5327 1352 5382 est.

2519 5335 2577 5399 1)
2616 5333 2765 5388 Edd.
2800 5350 2961 5389 rece:
2999 5351 3133 5389 eum.
