5100 6061
1998 322 2761 423 'PROLEGOMENA
4053 377 4062 385 f·
4220 363 4400 431 m

392 545 689 611 ”mxima
733 564 809 609 ex
841 547 1029 625 parte
1068 544 1161 610 sic
1201 545 1474 626 imperiti
1516 550 1587 609 ut
1626 565 1701 610 ne
1741 545 2109 627 refutatione
2151 545 2398 627 quidem
2441 552 2679 629 eyeant,
2723 547 2910 638 quasi
2954 568 3031 613 ex
3074 570 3142 613 eo
3187 552 3355 633 quod
3398 549 3719 632 quispiam
3761 557 3917 616 certo
3966 552 4096 616 loco
4140 550 4405 619 breviter

392 656 740 739 scripserit,
784 657 997 721 statim
1039 657 1432 721 statuendum
1472 657 1559 722 sit
1597 658 1752 740 quid
1790 659 2053 740 quisque
2092 658 2169 724 de
2209 658 2491 740 doymate
2545 660 2842 741 quopiam
2887 662 3159 726 senserit.
3245 661 3392 726 Alii
3433 662 3744 745 quasdam
3784 664 3921 727 eius
3961 662 4407 743 eoeplicationes

398 791 529 835 non
556 767 846 851 probant.
936 767 1027 832 Et
1066 787 1221 833 sane
1261 768 1444 833 modo
1485 769 1647 834 nibil
1689 770 1938 835 dicatur
1980 770 2143 849 quod
2198 788 2337 835 cum
2377 768 2529 850 fidei
2572 769 2864 852 analoyia
2906 791 3033 836 non
3071 774 3422 852 consentiat,
3466 794 3655 838 suum
3696 773 3796 839 hic
3829 775 4052 856 cuique
4092 775 4405 843 iudicium

395 881 662 945 liberum
704 900 836 944 esse
881 884 1132 961 oportet,
1175 883 1230 943 et
1271 880 1541 961 spiritus
1575 880 2020 962 prophetarum
2054 879 2379 962 prophetis
2422 881 2742 945 subiectos.
2835 879 2959 946 Sed
3000 903 3160 963 quae
3203 884 3351 950 haec
3395 890 3485 949 est
3525 885 3923 967 improbitaS,
3966 886 4196 951 donum
4236 886 4402 953 illud

386 992 931 1073 interpretationis
972 991 1271 1057 excellens
1301 992 1466 1074 quod
1506 993 1653 1058 huic
1693 991 1935 1056 homini
1979 965 2159 1057 Deus
2197 998 2601 1071 concesserat,
2657 992 2786 1057 sive
2829 992 3052 1057 iudicii
3091 1015 3365 1075 acumen,
3414 998 3544 1061 sive
3590 997 4028 1077 eruditionem,
4081 999 4215 1064 sive
4255 1019 4402 1066 can-

388 1104 610 1169 dorem
642 1108 887 1184 spectes,
933 1102 1028 1169 vel
1062 1105 1397 1186 aspernari
1418 1125 1710 1186 prorsus,
1750 1103 1845 1168 vel
1877 1103 2299 1182 dissimulare,
2341 1109 2410 1168 ut
2443 1103 2747 1168 nonnulla
2781 1109 2892 1167 aut
2924 1124 3048 1170 non
3081 1108 3540 1189 animadversa,
3580 1114 3693 1173 aut
3722 1111 3885 1175 satis
3917 1111 4202 1192 apposite
4233 1109 4405 1176 dicta

395 1214 815 1298 reprehendas
829 1214 866 1279 ‚9
959 1214 1038 1279 N
1028 1234 1105 1279 on
1153 1216 1370 1281 minus
1424 1216 1635 1297 iniqui
1686 1220 1848 1295 sunt,
1904 1215 2015 1295 qui
2055 1216 2223 1296 quod
2262 1234 2387 1279 non
2431 1214 2656 1281 iisdem
2700 1220 2882 1297 atque
2924 1216 3076 1281 aliis
3114 1217 3415 1298 forumlis
3466 1226 3580 1284 aut
3633 1221 4129 1287 distinctionibus
4164 1225 4400 1303 utatur,

400 1327 596 1392 veluti
650 1327 817 1410 quod
865 1325 1052 1407 fidem
1103 1346 1232 1391 non
1285 1327 1503 1410 fecerit
1543 1328 1960 1409 poenitentiae
1989 1332 2269 1409 partem,
2327 1329 2491 1410 quod
2533 1328 2742 1392 cordis
2784 1328 3206 1393 contritionem
3249 1350 3372 1393 non
3415 1337 3579 1396 vocet
3620 1330 4151 1412 mortificationem
4166 1384 4180 1412 ,
4238 1333 4403 1415 quod

403 1438 676 1505 venialis
718 1445 776 1503 et
813 1440 1102 1505 mortalis
1132 1440 1371 1522 peccati
1413 1439 1798 1505 distinctione
1838 1460 1962 1505 non
1998 1444 2240 1516 utatur,
2298 1440 2461 1520 quod
2502 1460 2624 1503 non
2663 1439 2876 1504 doceat
2912 1439 3100 1520 fidem
3142 1446 3198 1505 et
3239 1458 3412 1521 spem
3453 1443 3813 1523 adoptionis
3857 1446 4081 1522 amitti,
4120 1445 4290 1527 ferre
4328 1445 4401 1509 in

387 1552 538 1632 ipso
573 1571 695 1616 non
725 1556 1015 1632 possunt,
1058 1555 1116 1615 et
1157 1552 1534 1617 occasionem
1577 1551 1967 1617 adversar-iis
2009 1571 2122 1615 nos
2163 1555 2463 1631 tanquam
2506 1550 2873 1615 dissidentes
2912 1552 3254 1617 accusandi
3282 1552 3599 1634 praebent,
3644 1574 3831 1634 quum
3874 1559 4109 1633 tamen,
4153 1557 4215 1620 si
4256 1558 4404 1637 quis

398 1663 619 1729 omnia
650 1663 927 1744 propius
968 1664 1289 1747 expendat,
1334 1664 1430 1727 vel
1468 1662 1727 1741 nullum,
1768 1663 1861 1726 vel
1903 1662 2231 1728 leviculum
2271 1663 2344 1726 in
2385 1662 2571 1726 rebus
2616 1664 2780 1742 ipsis
2822 1663 3169 1728 dissidium
3211 1684 3341 1728 esse
3383 1666 3472 1728 sit
3514 1670 3952 1747 comperturus,
3994 1666 4091 1731 vel
4129 1667 4401 1748 fortasse

391 1774 597 1858 (quod
638 1771 1005 1854 confidenter
1043 1774 1209 1857 dico)
1259 1772 1591 1839 Calvinum
1646 1776 1733 1839 sit
1780 1774 2025 1839 tandem
2080 1773 2384 1855 fassurus
2425 1793 2550 1836 non
2608 1773 2685 1838 ab
2727 1794 2797 1838 re
2849 1775 2925 1839 de
2961 1774 3337 1855 quibusdam
3383 1776 3583 1859 paulo
3627 1776 3813 1841 aliter
3851 1777 4106 1843 dixisse.
4201 1778 4405 1860 Quasi

389 1906 543 1952 vero
598 1886 668 1949 in
721 1885 1026 1951 veteribus
1067 1886 1257 1951 ctiam
1308 1886 1446 1952 illis
1487 1907 1637 1968 qnos
1678 1886 1969 1951 nonnulli
2014 1885 2224 1951 volunt
2267 1886 2436 1949 omni
2470 1886 2820 1966 exceptione
2861 1907 2990 1952 esse
3032 1888 3314 1966 maioreS,
3361 1889 3574 1953 eadem
3617 1894 3728 1953 aut
3769 1888 4063 1954 similiter
4103 1908 4401 1970 cupressu

392 1998 618 2063 omnia
660 1998 1136 2079 comperiantur.
1223 1997 1368 2062 Alii
1409 1998 1671 2080 denique
1710 2000 1923 2079 ipsum
1964 2003 2037 2062 ut
2077 1995 2505 2080 blasphemum
2548 2002 2606 2060 et
2647 1998 2917 2079 impium
2950 2003 3259 2063 accusant.
3356 2000 3629 2081 Quinam
3683 2001 3754 2065 id
3795 2019 3937 2065 vero
3952 2000 3988 2063 ‚2
4033 2000 4187 2083 quia
4230 2000 4399 2066 scili-

274 2113 289 2125 '
394 2115 491 2175 cet
531 2108 741 2174 Deum
778 2109 935 2191 facit
965 2111 1204 2191 peccati
1245 2115 1584 2190 auctorem,
1638 2111 1750 2193 qui
1791 2116 2024 2190 tamen,
2079 2107 2472 2172 stertentibus
2509 2108 2656 2173 istis
2697 2110 3191 2193 reliyiosissimis
3220 2111 3485 2191 pietatis
3524 2112 3953 2196 defensoribus
3969 2163 3983 2191 ‚
4038 2110 4150 2176 hoc
4190 2111 4402 2195 ipsum

389 2221 622 2305 doymo
655 2221 729 2285 in
771 2220 1115 2287 Libertinis
1156 2242 1233 2286 ex
1261 2221 1549 2304 professo
1589 2222 1880 2306 coaryuit.
1973 2220 2165 2286 Stoici
2205 2218 2330 2300 fati
2370 2219 2592 2301 doyma
2633 2221 2926 2286 nonnulli
2967 2222 3154 2286 etiam
3195 2223 3326 2303 ipsi
3365 2224 3737 2307 impinyunt,
3783 2223 3869 2288 D.
3918 2222 4214 2304 Philippi
4255 2244 4403 2290 auc-

396 2334 663 2398 toritate
694 2332 1028 2413 abutentes,
1072 2332 1185 2415 qui
1227 2337 1430 2399 tamen
1471 2333 1586 2399 hac
1627 2336 1772 2416 ipsa
1809 2334 1887 2398 de
1926 2352 1995 2396 re
2038 2332 2122 2396 ad
2164 2328 2492 2395 Calvinum
2533 2332 2822 2411 scribens,
2873 2331 3031 2413 Scio,
3076 2334 3302 2416 inquit,
3347 2341 3562 2400 nostra
3604 2356 3744 2401 cum
3786 2336 3916 2399 tuis
3948 2354 4223 2415 prorsus
4253 2354 4404 2407 con·

390 2465 639 2529 yruere.
730 2442 857 2509 Sed
898 2448 1112 2509 nostra
1152 2445 1454 2530 παχύτερα
1504 2450 1668 2525 sunt,
1723 2450 1781 2510 et
1820 2446 1924 2510 ad·
1946 2443 2120 2526 vulyi
2177 2448 2422 2523 captum
2467 2445 3041 2511 accommodatiora.
3133 2444 3215 2508 In
3272 2448 3406 2515 has'
3431 2453 3639 2513 autem
3683 2448 4070 2514 eruditorum
4112 2446 4400 2513 virorum

395 2557 827 2623 acmsationes
864 2556 1138 2622 incidere
1188 2576 1290 2622 eos
1341 2562 1601 2638 oportet,
1659 2557 1772 2639 qui
1813 2555 1907 2620 vel
1950 2574 2157 2620 eorum
2199 2555 2452 2634 scripta,
2499 2574 2653 2634 quos
2692 2560 2894 2620 tamen
2934 2557 3167 2621 audent
3206 2552 3688 2637 reprehendere,
3736 2557 3956 2618 attente
3998 2575 4124 2620 non
4167 2558 4402 2641 leytmt':

394 2669 494 2733 vel
527 2667 1005 2750 praeiudicatas
1045 2668 1373 2749 opiniones
1415 2668 1682 2751 afferunt
1722 2688 1881 2750 quae
1921 2667 2204 2748 ipsorum
2245 2665 2592 2731 luminibus
2633 2668 2962 2750 manifeste
3007 2667 3322 2749 officiunt:
3358 2672 3471 2735 aut
3511 2686 3588 2730 ex
3620 2666 3896 2731 aliorum
3925 2669 4148 2747 potius
4190 2689 4399 2750 sensu,

389 2800 591 2862 quam
630 2778 834 2844 animi
875 2779 1113 2845 iudicio
1157 2778 1491 2862 loquuntur
1545 2786 1601 2845 et
1640 2780 1932 2846 scribunt.
2027 2776 2201 2859 Quod
2242 2777 2329 2841 ad
2367 2796 2466 2841 eos
2508 2782 2714 2842 autem
2770 2779 2987 2843 attinet
3026 2780 3138 2860 qui
3180 2780 3364 2846 illum
3405 2783 3477 2842 ut
3518 2777 3872 2859 Arianum,
3930 2786 4045 2844 aut
4083 2781 4161 2847 de
4202 2781 4402 2846 tribus

393 2891 839 2977 hypostasibus
892 2912 1015 2957 non
1063 2896 1218 2957 recte
1272 2892 1624 2956 sentientem
1677 2895 1970 2958 accusant
1985 2940 1999 2968 ,
2054 2909 2174 2970 quo
2218 2894 2420 2952 tamen
2465 2889 2715 2954 nullum
2757 2891 3068 2955 acriorem
3104 2891 3550 2957 adversarium
3591 2890 3825 2956 nostr-is
3869 2891 4268 2975 temporibus
4287 2893 4400 2959 ha-

387 3005 662 3071 buerunt
712 3003 1018 3070 trinitans
1073 3009 1185 3068 aut
1237 3002 1486 3069 deitatis
1531 3001 1766 3070 Christi
1818 3002 2044 3084 hostes,
2094 3020 2219 3065 non
2270 3019 2484 3066 recuso
2540 3003 2699 3084 quin
2752 3022 2831 3066 ex
2886 3003 3098 3086 ipsius
3149 3003 3404 3083 seriptis
3457 2999 3770 3066 iudicium
3791 3000 3925 3082 fiat.
3998 2983 4262 3069 'cenum
4308 3010 4403 3071 est

390 3115 629 3184 scilicet
669 3116 1012 3197 impietatis
1051 3116 1285 3181 crimen
1326 3116 1487 3180 inter
1530 3117 1593 3180 A
1637 3137 1705 3181 se
1761 3121 1817 3180 et
1856 3115 1990 3182 Per
2033 3140 2102 3184 se
2147 3139 2225 3182 ecc
2267 3115 2634 3184 scholastica
2684 3114 2983 3200 theoloyia
3035 3136 3159 3181 non
3200 3114 3422 3196 ubique
3469 3113 3869 3180 distinxisse.-
3911 3120 3966 3181 et
4016 3095 4222 3196 silium
4265 3136 4398 3181 esse

394 3227 612 3295 Deum
650 3229 728 3294 de
772 3227 910 3294 Deo
963 3232 1149 3311 neyat
1198 3228 1310 3310 qui
1350 3228 1605 3292 unicam
1657 3247 1731 3292 ac
1771 3229 2155 3312 sinqularem
2208 3251 2338 3295 esse
2376 3229 2504 3295 Dei
2540 3226 2776 3310 patris.
2810 3248 2884 3293 ac
2928 3225 3060 3306 filii
3115 3226 3399 3292 deitatem
3440 3226 3663 3292 docuit.
3756 3224 3881 3293 Sed
3922 3226 4088 3292 illud
4128 3227 4397 3307 capitale

385 3341 706 3405 nim-irum
759 3341 991 3406 crimen
1044 3345 1161 3419 est,
1216 3340 1383 3422 quod
1434 3359 1659 3422 corpus
1713 3339 1877 3405 illud
1925 3338 2158 3407 Christi
2200 3342 2355 3407 alibi
2395 3361 2563 3407 nunc
2595 3360 2722 3405 non
2756 3359 2887 3405 esse
2930 3360 3119 3422 quam
3163 3341 3234 3404 in
3278 3341 3487 3420 coelis,
3544 3360 3617 3406 ac
3647 3339 3920 3421 proinde
3972 3359 4096 3403 non
4141 3360 4246 3403 ore
4287 3340 4399 3406 sed

382 3452 515 3533 fide
554 3451 695 3516 sola
708 3501 724 3531 ,
775 3471 916 3516 vere
959 3456 1180 3531 tamen,
1224 3452 1477 3533 percipi
1517 3453 1588 3516 in
1628 3471 1814 3518 coena
1849 3472 2085 3535 quoque
2118 3454 2382 3520 Domini
2418 3457 2768 3520 constanter
2807 3451 3033 3531 docuit,
3077 3457 3135 3517 et
3175 3451 3682 3517 sacramentalem
3724 3451 4017 3516 unionem
4049 3449 4157 3516 hoc
4199 3471 4400 3517 unum

389 3562 717 3645 requirere
755 3564 974 3641 sensit,
1031 3568 1103 3627 ut
1140 3564 1303 3644 quod
1345 3565 1522 3648 siqno
1564 3563 1857 3629 adiuncto
1886 3566 2276 3645 promittitur
2312 3584 2451 3630 vere
2492 3565 2804 3646 offeratur,
2848 3583 2969 3627 non
3012 3563 3158 3628 item
3200 3568 3272 3628 ut
3312 3563 3516 3628 eodem
3555 3562 3678 3628 loco
3721 3563 3973 3647 siqnum
4015 3568 4071 3627 et
4111 3562 4398 3628 substan-

384 3675 521 3739 tiae
560 3673 956 3759 siqnifioatae
996 3678 1365 3740 statuantur.
1454 3674 1625 3739 Hinc
1657 3676 1766 3740 isti
1807 3675 2122 3756 clamores,
2166 3677 2387 3760 neyari
2400 3741 2418 3757 ,
2432 3676 2563 3743 Dei
2604 3675 3107 3755 omnipotentiam
3120 3725 3135 3754 ,
3191 3677 3277 3741 ad
3320 3673 3590 3740 nihilum
3633 3675 3836 3758 rediqi
3873 3674 4001 3754 filii
4043 3673 4174 3739 Dei
4215 3680 4396 3740 testa-

385 3790 682 3866 mentum,
725 3786 1018 3869 separari
1058 3792 1324 3852 naturas
1364 3788 1436 3852 in
1479 3784 1725 3851 Christo
1738 3837 1755 3866 ,
1799 3793 1856 3852 et
1897 3793 2165 3853 caeterae
2207 3789 2515 3853 eiusmodi
2540 3787 2808 3866 putidae
2849 3786 3218 3865 calumniae,
3264 3808 3424 3868 quas
3457 3788 3869 3869 indificantur
3909 3787 4259 3867 quicunque
4300 3786 4399 3850 vel

389 3899 607 3963 leviter
648 3897 873 3963 imbuti
905 3903 1053 3962 sunt
1087 3897 1414 3981 religionis
1449 3898 1824 3964 christianae
1858 3900 2083 3965 notitia
2125 3899 2202 3964 ab
2237 3899 2324 3964 iis
2353 3897 2676 3981 profici-wi
2698 3899 2985 3979 potuisse
3026 3898 3139 3980 qui
3173 3897 3443 3963 doctores
3477 3903 3856 3963 caeterorum
3900 3896 4114 3962 haberi
4156 3897 4399 3961 volunt.-

386 4030 469 4075 ac
511 4031 636 4076 non
665 4010 883 4093 potius
925 4010 1002 4074 ab
1046 4009 1331 4075 omnibus
1356 4031 1480 4092 pro
1521 4011 1741 4092 impiis
1779 4031 1853 4076 ac
1895 4010 2271 4093 blasphemis
2311 4011 2525 4076 haberi
2568 4011 2680 4093 qui
2713 4009 3159 4094 hypostaticam
3202 4011 3493 4076 wnionem
3525 4011 3662 4075 sola
3704 4010 3956 4076 deitatis
3997 4008 4252 4092 eneryia
4294 4008 4398 4072 de-

382 4123 624 4205 finiunt
668 4141 808 4186 cum
844 4121 1134 4187 Nestor-io
1166 4126 1222 4187 et
1257 4121 1718 4206 Monophysitis
1731 4148 1750 4186 .·
1792 4128 1850 4188 et
1889 4124 2197 4189 idiomata
2249 4123 2498 4188 deitatis
2537 4124 2607 4186 in
2652 4140 2902 4187 carnem
2943 4143 3013 4187 re
3055 4122 3203 4203 ipsa
3244 4123 3445 4205 effusa
3485 4142 3625 4187 cum
3669 4120 3998 4203 Eutychete
4039 4124 4250 4201 aperte
4291 4122 4398 4186 do-

383 4240 559 4300 cent.-
600 4233 1091 4300 incarnationem
1134 4254 1274 4298 cum
1315 4235 1687 4312 ascensione,
1732 4238 1788 4300 et
1823 4235 1985 4300 hanc
2024 4255 2286 4301 rursum
2327 4254 2471 4299 cum
2511 4235 2786 4299 sessione
2829 4234 2913 4299 ad
2945 4234 3260 4299 dexteram
3288 4234 3505 4315 patris
3547 4232 3945 4315 confundunt,
3990 4232 4101 4314 qui
4140 4232 4396 4298 unicam

384 4346 649 4413 deitatis
694 4365 821 4427 per
862 4365 1112 4411 carnem
1165 4346 1581 4427 operationem
1635 4365 1775 4411 cum
1823 4346 2243 4412 Monotbelitis
2284 4351 2590 4425 statuunt,
2645 4345 2906 4427 denique
2947 4366 3143 4428 usque
3187 4345 3339 4411 adeo
3380 4349 3530 4412 sunt
3570 4344 3972 4425 impudentes;
4010 4349 4081 4408 ut
4121 4343 4216 4410 vel
4252 4364 4394 4409 cum

383 4457 502 4523 illo
557 4457 910 4524 detestando
958 4456 1179 4522 Severo
1225 4458 1341 4522 uni
1400 4456 1714 4540 eidemque
1752 4457 2015 4524 subiecto
2057 4458 2180 4548 duo
2223 4460 2652 4542 repuynantia,
2696 4477 2914 4540 nempe
2957 4458 3456 4538 circumcriptum
3499 4476 3646 4535 esse,
3690 4461 3745 4520 et
3786 4457 4392 4538 incircumscriptum

380 4590 521 4636 esse
556 4568 930 4634 attribuant:
963 4568 1060 4632 vel
1095 4589 1236 4636 cum
1265 4567 1672 4634 Marcionitis
1704 4590 1951 4636 carnem
1976 4567 2214 4635 Christi
2247 4570 2318 4633 in
2351 4574 2659 4650 spectrum
2693 4571 3152 4653 transforment.
3225 4568 3349 4633 Sed
3369 4569 3446 4633 de
3467 4568 3588 4648 his,
3616 4568 3992 4634 cessantibus
4026 4567 4220 4632 huius
4254 4586 4390 4630 sae-

380 4681 518 4748 culi
553 4680 905 4746 bominibus
946 4700 1104 4762 quos
1147 4681 1383 4746 erroris
1424 4680 1703 4763 efficacia
1741 4681 2098 4763 fascinavit,
2139 4687 2269 4746 tum
2301 4682 2666 4763 poster-itas,
2702 4687 2836 4746 tum
2870 4684 3005 4776 ipse
3046 4680 3293 4746 tandem
3331 4680 3461 4745 Dei
3501 4680 3677 4751 tilius
3720 4685 3873 4747 certe
3909 4678 4223 4745 iudicabit.
4304 4676 4392 4741 Et

378 4795 465 4859 de
504 4791 609 4857 his
650 4792 901 4873 quidem
937 4792 1000 4856 is
1037 4798 1387 4873 accusatur,
1432 4794 1613 4859 cuius
1657 4794 1816 4858 istas
1858 4794 2254 4859 tractationes
2296 4795 2367 4858 in
2408 4813 2606 4858 unum
2648 4794 2932 4859 volumen
2974 4793 3271 4858 coniectas
3311 4813 3476 4857 nunc
3516 4794 3778 4871 edimus,
3823 4791 3899 4857 de
3939 4790 4162 4873 quibus
4197 4790 4393 4855 docto-

378 4923 555 4984 rum,
596 4908 667 4968 ut
708 4924 918 4984 spero,
977 4904 1253 4969 omnium
1293 4924 1593 4969 consensu
1633 4905 1835 4971 dicere
1876 4904 2036 4970 milti
2075 4905 2184 4988 fas
2224 4910 2342 4985 est,
2397 4907 2506 4969 mlx
2538 4905 2737 4971 ullam
2780 4906 2894 4968 hoc
2933 4907 3136 4968 nostro
3179 4904 3419 4970 saeculo
3456 4905 3661 4987 fuisse
3702 4908 4082 4980 renovatam,
4139 4906 4256 4966 aut
4294 4922 4391 4966 re-

384 5035 537 5082 cens
573 5016 975 5098 excoyitatam
1011 5014 1315 5093 haeresin,
1353 5035 1515 5098 quae
1539 5036 1663 5081 non
1686 5017 1772 5082 sit
1806 5018 1875 5081 in
1897 5017 1998 5082 his
2034 5015 2268 5096 libellis,
2302 5017 2696 5099 firmissimis
2729 5015 3245 5097 solidissimisque
3278 5037 3353 5081 ex
3374 5018 3503 5082 imo
3523 5017 3652 5084 Dei
3683 5015 3856 5081 verbo
3878 5012 4100 5095 petitis
4132 5014 4393 5077 rationi-

380 5129 524 5208 bus,
567 5127 856 5209 refutata.
949 5126 1113 5192 Fuit
1152 5127 1318 5192 enim
1357 5125 1532 5191 homo
1574 5117 1690 5192 iste
1733 5148 1800 5192 eo
1845 5129 2073 5196 iudicii
2116 5130 2428 5208 acumine,
2486 5149 2674 5210 eaque
2717 5127 2980 5193 bonitate
3020 5127 3272 5211 inqenii,
3318 5128 3445 5195 Dei
3488 5127 3790 5208 beneficio,
3820 5125 4170 5208 praedituS,
4213 5129 4282 5190 ut
4317 5126 4389 5190 in

378 5238 717 5324 quibusvis
770 5239 1204 5304 controversiis
1260 5238 1472 5303 statim
1525 5239 1679 5320 quid
1727 5240 1798 5304 in
1843 5243 2260 5321 quaestionem
2301 5243 2556 5320 veniret,
2616 5239 3126 5304 animadverteret
3140 5291 3155 5322 ,
3212 5244 3269 5304 et
3308 5259 3535 5305 causae
3575 5237 3787 5321 iuyulo
3834 5238 4050 5319 petito,
4105 5237 4387 5303 veritatis
