5100 6061
346 431 474 491 505

345 623 522 681 rant.
592 613 727 681 Sed
770 614 880 681 hic
923 615 1119 680 homo
1159 621 1274 693 [fol.
1322 621 1431 695 47]
1477 617 1725 699 peccati
1762 623 1829 682 et
1871 617 1944 680 in
1978 617 2307 681 veteribus

345 701 481 767 illis
525 701 856 784 nequitiae
896 700 1167 767 latebris
1211 701 1426 768 adhuc
1446 723 1714 787 corpore
1748 711 1816 768 et
1859 703 2077 767 animo
2119 721 2308 785 pror-

1838 426 2025 493 OON
2027 425 2283 494 SILIU
2284 428 2360 494 M
2400 428 2693 495 PAULI
2735 428 2861 494 111.

4236 444 4361 505 506

2411 616 2730 683 scelerata
2773 616 3045 682 audacia
3089 625 3316 685 sancta
3349 617 3481 683 Dei
3524 621 3841 704 mysteria
3882 625 3951 688 in
3994 626 4254 692 foedam
4296 635 4366 694 et

2410 704 2752 785 profanam
2817 701 3359 769 nundinationem
3430 709 3850 784 converterit,
3930 710 4200 776 dubium
4265 721 4367 780 est

356 808 472 854 sus
530 787 868 852 demersus
937 795 1067 866 est,
1126 788 1427 854 tenebras
1496 810 1750 872 quoque
1802 787 1951 854 illas
2004 788 2306 865 somniat,
2411 788 2658 853 scilicet
2701 790 2860 873 quin
2903 797 3080 854 totus
3109 790 3412 868 mundus,
3460 791 3573 855 ιιι
3553 794 3956 874 1psissimum
3989 798 4365 866 Antichris-

349 873 587 958 quibus
629 872 954 937 mundum
1012 882 1499 954 excaecaverat,
1554 876 1773 958 itaque
1828 874 2141 958 quidquid
2189 895 2305 938 an-

349 960 571 1025 nuerit
606 966 674 1023 et
716 959 1045 1043 principes
1091 967 1159 1025 et
1196 960 1355 1024 alios
1402 962 1622 1026 statim
1659 961 2022 1027 credituros
2067 968 2301 1060 sperat.

348 1047 454 1110 De
490 1045 809 1128 religione
853 1045 1010 1128 quid
1054 1045 1309 1110 dicam?
1401 1047 1572 1112 Nam
1622 1049 1679 1113 si
1724 1055 1791 1112 et
1832 1047 2072 1112 fiducia
2113 1048 2304 1110 timo-

344 1151 547 1215 reque
589 1129 721 1197 Dei
762 1139 1016 1210 constat
1055 1153 1216 1197 vera
1253 1133 1481 1217 religio
1525 1148 1593 1198 et
1636 1154 1719 1198 ex
1755 1154 1913 1199 vera
1957 1133 2095 1197 eius
2136 1132 2305 1196 noti-

346 1218 442 1282 tia
484 1218 794 1295 ιιαθθιιιιι,
833 1215 1067 1299 quibus
1103 1220 1511 1302 argumentis
1554 1240 1624 1283 se
1659 1218 1866 1283 fidum
1907 1219 2048 1284 eius
2092 1227 2303 1283 custo-

348 1302 501 1369 dem
540 1302 842 1368 ostendet
874 1302 1089 1386 papa?
1136 1312 1203 1370 et
1246 1305 1391 1387 quis
1428 1305 1774 1371 coelestem
1819 1303 2003 1370 illam
2044 1305 2303 1387 sapien-

347 1389 530 1468 tiam,
576 1407 746 1472 quae
790 1389 919 1453 Dei
977 1389 1258 1455 oraculis
1303 1391 1703 1470 continetur,
1761 1391 1868 1455 vel
1912 1390 2301 1466 aboleverat,

348 1475 458 1541 vel
486 1474 843 1541 christiano
872 1476 1111 1558 populo
1136 1475 1540 1542 abstulerat?
1600 1474 1768 1558 Quis
1809 1475 1891 1541 ab
1936 1477 2132 1541 unius
2172 1476 2304 1541 Dei

343 1561 721 1628 reverentia
762 1560 1152 1644 divinaeque
1193 1562 1360 1646 legis
1401 1562 1830 1641 observantia,
1876 1561 1960 1627 ad
2004 1563 2304 1644 tyranni-

348 1647 452 1711 dis
489 1667 649 1712 suae
690 1645 1075 1730 obsequium
1113 1647 1411 1714 homines
1449 1649 1852 1714 abduxerat?
1917 1648 2082 1729 Quis
2117 1669 2302 1712 men-

350 1745 449 1798 tes
489 1732 834 1797 hominum
889 1733 958 1796 in
1012 1742 1363 1799 extraneas
1421 1734 1694 1800 fiducias
1750 1756 2022 1817 spesque
2075 1733 2304 1798 inanes

351 1817 778 1884 distrahendo
833 1840 1095 1884 omnem
1150 1820 1300 1884 fidei
1362 1821 1808 1887 sinceritatem
1873 1818 2300 1902 corruperat?

349 1904 503 1969 Non
547 1912 649 1970 est
692 1904 976 1970 difficilis
997 1906 1353 1988 responsi0,
1398 1906 1513 1972 ubi
1557 1906 1775 1989 palam
1813 1914 1913 1971 est
1958 1927 2077 1971 nec
2124 1904 2303 1968 aliud

346 1991 562 2075 magis
618 2010 855 2074 urgere
909 1999 1349 2073 protestantes
1407 2012 1604 2075 quam
1644 2000 1720 2057 ut
1762 1992 2125 2058 Christiani
2164 2011 2304 2054 om-

345 2097 464 2142 nes
510 2086 579 2142 et
632 2097 702 2142 se
748 2076 1095 2160 discipulos
1138 2078 1267 2142 Dei
1322 2099 1463 2144 esse
1505 2079 1928 2144 meminerint
1979 2086 2047 2142 et
2089 2078 2160 2141 in
2205 2078 2304 2159 ip-

343 2164 482 2228 sius
519 2162 743 2228 schola
776 2161 988 2228 indies
1022 2165 1336 2246 proficere
1371 2163 1708 2243 studeant;
1746 2184 1941 2248 quam
1981 2171 2052 2229 ut
2072 2162 2304 2229 Chris-

343 2259 454 2314 tus
497 2270 669 2314 unus
711 2250 1026 2332 magister
1069 2269 1143 2315 ac
1189 2249 1521 2334 legislator
1559 2217 1886 2328 audiatur,
1944 2250 2118 2315 solus
2163 2251 2303 2332 ipse

342 2334 611 2418 plenam
656 2332 930 2399 docendi
972 2334 1365 2417 iubendique
1401 2336 1816 2402 autoritatem
1853 2336 2121 2416 habeat3
2159 2334 2304 2418 qui-

343 2441 605 2520 cunque
660 2421 799 2485 eius
852 2421 1215 2486 ministerio
1258 2423 1653 2507 funguntur,
1712 2423 1833 2488 sub
1877 2422 2018 2487 eius
2059 2421 2303 2505 magis-

341 2506 513 2571 terio
550 2528 620 2571 se
663 2507 1072 2586 contineant3
1118 2528 1316 2590 quam
1360 2517 1437 2573 ut
1477 2528 1704 2575 omnes
1738 2508 2046 2572 mortales
2080 2515 2147 2572 et
2181 2505 2304 2571 sibi

415 2593 507 2658 sis
553 2600 620 2656 et
661 2593 965 2657 omnibus
995 2558 1226 2658 alienis
1263 2594 1524 2659 auxiliis
1570 2594 1766 2659 diffisi
1809 2602 2011 2660 totam
2055 2595 2127 2657 ιιι
2170 2614 2303 2657 uno

409 2678 618 2743 bristo
661 2676 970 2743 fiduciam
1014 2677 1297 2744 defixam
1341 2680 1647 2758 habeant,
1691 2682 1764 2745 in
1808 2702 1886 2746 ea
1919 2680 2300 2757 consistant,

342 2786 433 2828 ne
490 2763 626 2829 ulla
681 2764 749 2829 vi
809 2762 1142 2829 dimovere
1197 2787 1266 2830 se
1325 2764 1479 2830 inde
1524 2767 1763 2831 sinant.
1853 2767 2038 2831 Haec
2083 2765 2303 2828 omnia

340 2856 571 2914 autem
615 2856 800 2913 tanto
843 2850 1118 2928 fervore,
1164 2859 1347 2915 tanta
1391 2852 1763 2930 acerbitate,
1810 2858 1995 2916 tanta
2038 2851 2217 2916 rabie
2262 2870 2302 2913 a

340 2956 514 3018 papa
563 2936 970 3019 impugnari,
1028 2945 1104 3001 ut
1146 2938 1302 3002 satis
1346 2947 1681 3021 appareat,
1726 2938 1947 3021 ipsum
1990 2957 2131 3032 pro
2148 2939 2297 3014 aris,

337 3029 417 3087 ut
465 3021 722 3102 dicitur,
769 3033 836 3088 et
877 3022 1035 3090 focis
1080 3021 1402 3090 dimicare.
1484 3025 1590 3091 Ita
1632 3047 1791 3090 sane
1836 3035 1935 3089 est
1975 3025 2155 3108 quia
2168 3046 2300 3089 non

338 3107 523 3173 aliud
578 3130 857 3192 regnum
916 3131 986 3173 se
1052 3110 1293 3175 habere
1351 3112 1475 3175 sibi
1541 3112 1841 3177 conscius
1897 3117 2027 3187 est,
2102 3131 2299 3194 quam

338 3194 519 3293 quod
570 3192 852 3260 nefando
896 3195 1234 3281 sacrilegio
1280 3208 1581 3281 ereptum
1628 3196 1897 3263 Christo
1952 3162 2074 3261 sibi
2119 3216 2299 3260 arro-

426 3280 558 3360 vit3
603 3288 860 3345 tantum
908 3279 1029 3345 sibi
1075 3282 1371 3365 deperire
1415 3283 1610 3361 videt,
1657 3292 1977 3367 quantum
2013 3281 2297 3361 honoris,

409 3365 712 3451 gnitatis,
771 3367 1102 3449 potentiae
1157 3367 1423 3434 Christo
1486 3370 1614 3452 ipsi
1665 3369 1996 3435 tribuitur.
2096 3369 2295 3451 Ergo,

336 3475 425 3518 ne
471 3472 671 3536 quam
715 3453 796 3517 de
852 3454 997 3519 istis
1040 3454 1434 3520 Antichristi
1478 3455 1865 3555 corruptelis
1909 3453 2298 3535 particulam

336 3546 706 3622 repurgent
750 3541 1050 3623 germani
1091 3541 1441 3623 principes,
1485 3541 1700 3623 potius
1737 3550 1805 3604 et
1838 3539 2120 3623 patriam
2157 3548 2297 3603 tur-

338 3627 517 3691 cioae
570 3625 939 3691 crudelitati
995 3627 1302 3692 atrociter
1344 3625 1732 3692 vastandam
1786 3624 2071 3710 prodant
2114 3632 2182 3689 et
2216 3646 2296 3690 se

336 3712 517 3795 ipsos
584 3711 650 3775 in
715 3711 1162 3777 voluntarium
1228 3713 1619 3795 supplicium
1686 3711 1945 3777 dedant.
2056 3712 2146 3775 Et
2210 3731 2296 3774 ne

338 3796 502 3880 quid
557 3797 1001 3897 impudentiae
1057 3798 1382 3880 reliquum
1440 3799 1662 3878 faciat,
1722 3797 1922 3863 audet
1964 3819 2037 3863 os
2071 3798 2295 3897 impu-

336 3905 519 3961 rum,
577 3885 790 3967 primo
832 3884 907 3947 ιιι
951 3882 1220 3948 dubium
1260 3906 1496 3950 vocare
1540 3850 1672 3949 utri
1723 3885 1860 3950 sint
1903 3885 2296 3948 inimiciores

338 3969 643 4048 Christo,
699 3978 1139 4065 protestantes
1186 3993 1272 4035 an
1318 3971 1601 4049 Turcae‚
1662 3969 1897 4035 deinde
1945 3971 2139 4034 etiam
2189 3968 2296 4033 de-

336 4057 532 4121 finire
586 4021 733 4121 illos
778 4077 919 4121 esse
974 4056 1194 4122 hostes
1248 4057 1496 4121 nomini
1541 4022 1897 4123 christiano
1939 4063 2004 4121 et
2043 4056 2297 4137 priores

339 4151 409 4208 et
461 4143 887 4207 nocentiores.
989 4140 1168 4223 Quid
1226 4142 1377 4208 huic
1443 4150 1736 4206 monstro
1789 4140 2030 4207 facias?
2123 4139 2297 4206 Gon-

340 4228 664 4293 tendasne
708 4229 1071 4294 rationibus
1116 4229 1208 4292 sic
1249 4236 1683 4311 prosternere,
1730 4236 1808 4294 ut
1847 4226 2098 4311 pudore
2142 4248 2295 4291 con-

338 4317 563 4380 fusum
606 4315 867 4397 penitus
902 4314 1348 4380 obmutescat?
1418 4312 1639 4463 Sed}
1640 4314 1750 4379 uid
1786 4313 2086 4397 proficies
2110 4308 2298 4463 lapud

343 4401 724 4484 desperatae
765 4400 1271 4466 inverecundiae
1317 4337 1639 4466 bestiam?
1687 4423 1773 4465 an
1816 4401 2028 4484 magis
2074 4398 2295 4483 eligas,

343 4499 611 4552 ostensa
652 4485 870 4585 palam
914 4487 1058 4551 eius
1114 4486 1516 4569 turpitudine
1570 4487 1785 4553 facere
1836 4491 2032 4570 prout
2088 4505 2297 4550 mere-

342 4582 473 4651 tur,
518 4581 595 4635 ut
637 4572 724 4635 sit
767 4573 1070 4637 omnibus
1110 4572 1260 4672 odio
1297 4582 1364 4637 et
1400 4572 1874 4639 exsecrationi?
1947 4571 2163 4652 Quam
2201 4572 2295 4635 far-

341 4658 464 4727 cile
505 4655 576 4721 id
618 4657 806 4733 foret,
851 4658 907 4721 si
951 4658 1245 4723 omnium
1288 4679 1479 4725 aures
1523 4660 1605 4725 ad
1642 4658 2040 4724 audiendum
2076 4665 2301 4723 essent

344 4754 619 4812 erectae.
724 4742 898 4805 Nam
949 4744 1005 4808 si
1050 4766 1128 4808 ea
1171 4764 1299 4826 qua
1356 4744 1541 4810 decet
1594 4744 1909 4810 orationis
1967 4744 2296 4827 gravitate

338 4853 417 4897 ac
461 4828 881 4896 vehementia
922 4828 1300 4911 explicetur,
1348 4852 1545 4913 quam
1580 4829 1937 4895 miserabili
1980 4829 2296 4894 servitute

344 4919 598 4982 animas
656 4916 943 4979 tenuerit
997 4924 1061 4978 et
1118 4914 1331 4981 adhuc
1375 4925 1596 4982 teneat
1634 4918 1926 5000 captivas
1983 4936 2296 4979 romanus

345 5004 668 5086 pontifex,
723 5007 881 5083 quot
898 5000 1311 5100 ‘laqueorum
1363 5003 1733 5084 retiumque
1790 5001 2141 5086 generibus
2187 5021 2295 5066 eas

342 5089 565 5155 trahat
598 5093 714 5167 [fol.
740 5093 848 5166 48]
893 5088 965 5152 ιιι
1000 5086 1294 5164 exitium,
1331 5088 1577 5187 quibus·
1599 5087 2109 5170 inquinamentis
2143 5107 2293 5169 pro-

345 5176 675 5240 fanaverit
724 5173 1064 5258 religionis
1117 5178 1378 5236 nostrae
1434 5174 1816 5254 puritatem,
1873 5194 2068 5257 quam
2111 5172 2293 5236 nefa-

343 5263 461 5327 riis
505 5259 863 5324 mendaciis
905 5259 1037 5324 Dei
1081 5259 1425 5325 veritatem
1468 5258 1862 5337 obscurarit,
1919 5280 2115 5342 quam
2167 5258 2293 5321 im-

342 5348 455 5432 pio
521 5346 742 5411 furore
800 5354 1246 5412 renascentem
1313 5343 1506 5408 hodie
1570 5354 2029 5427 persequatur,
2096 5364 2294 5427 quam

2413 881 2556 937 tum
2615 881 2681 938 et
2741 874 2978 940 diaboli
3023 876 3359 955 vicarium,
3422 898 3569 942 cum
3627 882 3978 979 apostatica
4033 904 4154 948 sua
4209 884 4362 951 sede

2411 959 2572 1024 diris
2615 961 2917 1026 omnibus
2962 961 3298 1027 devoveat.
3391 960 3570 1043 Quid
3627 965 3681 1028 si
3726 967 3901 1030 vitae
3958 970 4359 1051 pontificum,

2411 1047 2523 1128 qui
2560 1045 3054 1132 quadringentis
3106 1049 3429 1113 continuis
3475 1050 3667 1115 annis
3711 1052 4132 1134 tyrannidem
4175 1077 4363 1122 exer-

2410 1139 2708 1207 cuerunt,
2755 1131 3035 1197 fideliter
3078 1134 3158 1198 ob
3202 1133 3421 1200 oculos
3464 1136 3836 1217 ponantur?
3927 1137 4106 1219 Quid
4149 1143 4204 1205 si
4246 1142 4366 1207 illa

2410 1217 2590 1282 dictu
2635 1215 2992 1300 audituque
3035 1218 3392 1297 horrenda,
3439 1241 3632 1286 omne
3676 1243 3884 1306 genus
3927 1225 4257 1292 facinora
4235 1249 4363 1293 re-

2407 1303 2837 1368 censeantur?
2927 1302 3104 1384 Quid
3157 1307 3214 1371 si
3266 1272 3585 1370 hodierna
3628 1307 3950 1374 duntaxat
3992 1312 4214 1378 curiae
4257 1334 4364 1378 ro-

2407 1409 2644 1454 manae
2689 1389 2884 1454 facies
2927 1389 3340 1470 proferatur?
3389 1414 3474 1456 an
3519 1394 3643 1457 erit
3677 1394 3821 1459 ulla
3864 1405 4052 1461 tanta
4095 1398 4202 1462 vel
4243 1420 4362 1482 pa-

2410 1476 2642 1539 tientia
2675 1474 2781 1540 vel
2820 1474 3186 1558 stupiditas,
3222 1497 3387 1559 quae
3421 1499 3552 1542 non
3591 1487 3886 1545 extrema
3905 1481 4362 1570 indignatione

2408 1560 2720 1625 ebulliat?
2815 1559 2948 1626 Sed
2993 1563 3147 1643 quia
3192 1572 3258 1626 et
3300 1583 3490 1628 aures
3534 1572 3599 1628 et
3632 1567 3801 1631 oculi
3833 1567 4061 1633 multis
4104 1564 4358 1649 desunt,

2406 1668 2526 1712 nec
2572 1645 2809 1729 ubique
2864 1646 3044 1713 locus
3090 1646 3283 1712 datur
3326 1647 3568 1713 liberae
3612 1653 3908 1730 veritati,
3965 1655 4363 1721 conscientia

2405 1733 2669 1797 interim
2717 1740 2945 1797 nostra
2989 1743 3054 1797 et
3096 1733 3414 1798 bonorum
3459 1736 3752 1801 omnium
3795 1738 4168 1805 testimonio
4208 1762 4361 1806 oon-

2406 1818 2571 1883 tenti
2618 1820 2840 1896 simus,
2887 1840 3094 1902 usque
3150 1818 3302 1883 dum
3342 1841 3605 1885 omnem
3648 1822 3846 1887 istam
3891 1824 4238 1909 caliginem
4284 1849 4360 1894 ac

2405 1904 2663 1968 fumum
2686 1905 3012 1970 Dominus
3046 1904 3299 1988 falgore
3333 1906 3559 1972 vultus
3595 1908 3697 1971 sui
3736 1909 4059 1975 discutiat.
4132 1911 4361 1993 Quan-

2406 2011 2605 2071 quam
2649 2010 2770 2054 nec
2814 2011 2925 2055 eos
2977 1991 3178 2073 ipsos,
3227 1992 3338 2073 qui
3382 2000 3540 2058 sunt
3573 1992 3713 2059 eius
3758 1997 4126 2080 praestigiis
4169 1999 4361 2064 fasci-

2406 2076 2568 2155 nati,
2615 2076 2722 2160 vel
2764 2077 2837 2140 ιιι
2880 2075 3168 2141 tenebris
3214 2077 3451 2160 quibus
3495 2077 3791 2144 obvoluti
3834 2088 3990 2146 sunt
4030 2082 4207 2163 latet,
4252 2104 4360 2149 ro-

2408 2183 2673 2227 manam
2719 2162 2971 2228 curiam
3016 2163 3109 2227 sic
3154 2164 3333 2226 omni
3378 2164 3695 2229 scelerum
3744 2187 3985 2249 genere
4028 2169 4358 2250 refertam,

2406 2255 2484 2311 ut
2527 2255 2941 2330 contemptus
2977 2248 3105 2312 Dei
3150 2255 3220 2313 et
3262 2250 3428 2313 meri
3463 2250 3833 2316 lucianismi
3868 2261 3936 2317 et
3970 2254 4361 2336 epicurismi,

2406 2353 2604 2415 quam
2647 2333 3040 2399 christianae
3083 2334 3347 2416 pietatis
3390 2334 3613 2400 schola
3653 2336 3880 2402 haberi
3920 2341 4144 2420 possit.

2585 2504 3173 2571 Reverendissimus
3214 2507 3453 2590 legatas
3507 2512 3596 2570 est
3636 2507 3831 2573 huius
3871 2512 4236 2592 sententiae,
4292 2517 4362 2576 ut

2405 2590 2735 2655 concilium
2800 2596 2941 2656 ante
3001 2591 3210 2656 omnia
3275 2597 3703 2658 convocaretur
3768 2600 3823 2658 et
3872 2594 4196 2662 celebretur
4252 2597 4363 2665 hoc

2404 2696 2585 2740 armo.

2578 2794 2803 2876 Quum
2844 2798 2949 2861 ius
2994 2796 3116 2861 sibi
3162 2807 3425 2882 arroget
3466 2795 3796 2863 indicendi
3841 2799 4098 2864 concilii
4139 2804 4358 2883 ponti-

2405 2883 2545 2959 fex,
2605 2880 2761 2963 quid
2806 2881 3158 2947 Caesarem
3217 2884 3298 2948 (ιθ
3358 2883 3711 2949 indictione
3776 2884 4025 2948 frustra
4079 2886 4355 2970 fatigat?

2403 2967 2640 3033 Faciat
2682 2968 2822 3051 ipse
2864 2968 3036 3051 quod
3079 2968 3280 3035 iactat
3315 2970 3417 3035 sui
3453 2991 3592 3035 esse
3635 2971 3948 3051 muneris,
3986 2993 4108 3037 nec
4153 2971 4357 3039 Caro-

2402 3053 2506 3118 lus
2542 3056 2904 3138 Augustus,
2941 3076 3062 3121 neo
3097 3054 3560 3121 Ferdinandus
3596 3055 3841 3121 Caesar
3874 3058 4354 3142 repugnabunt.

2406 3137 2586 3220 Quid
2630 3161 2787 3225 ergo
2833 3150 3045 3207 cessat
3086 3142 3329 3218 facere,
3392 3149 3672 3225 utroque
3715 3144 4116 3227 approbante
4159 3152 4356 3227 atque

2402 3228 2603 3291 etiam
2624 3225 2996 3306 adiuvante,
3077 3226 3205 3293 uod
3241 3193 3400 3293 adeo
3435 3230 3880 3294 necessarium
3914 3230 4147 3311 putat?
4208 3231 4355 3296 Imo

2402 3311 2558 3394 quid
2616 3312 2822 3377 veluti
2879 3335 2996 3396 per
2980 3249 3119 3378 ‘lu
3123 3313 3410 3379 dibrium
3467 3313 3549 3379 ab
3602 3316 3761 3398 ipsis
3805 3316 3998 3398 petit,
4056 3316 4232 3399 quod
4282 3317 4356 3381 in

2398 3398 2691 3480 ipsorum
2734 3406 3057 3482 potestate
3100 3420 3241 3466 esse
3283 3400 3524 3499 negat?
3611 3401 3867 3483 Nempe
3911 3410 3984 3465 ut
4026 3404 4237 3501 magis
4281 3424 4357 3469 ac

2400 3483 2614 3582 magis
2658 3491 2894 3566 pateat,
2937 3484 3108 3567 quod
3149 3487 3284 3551 iam
3329 3487 3520 3586 toties
3546 3488 3832 3552 diximus
3877 3487 4064 3552 inani
4104 3489 4358 3554 θοιιθιιιι

2401 3570 2669 3633 ιιοιιιιιιθ
2703 3571 2924 3635 fucum
2959 3572 3191 3650 facere,
3231 3574 3387 3655 quia
3421 3573 3563 3638 sine
3597 3575 3812 3639 colore
3847 3573 4065 3657 aliquo
4099 3574 4357 3641 obstare

2401 3655 2658 3738 nequit,
2716 3677 2802 3720 ne
2845 3664 3171 3721 conventu
3216 3657 3297 3722 de
3342 3658 3657 3743 religione
3702 3660 3926 3725 habito
3979 3661 4357 3743 germanica

2399 3741 2580 3805 natio
2626 3740 2823 3806 saluti
2868 3762 3021 3806 suae
3065 3744 3379 3808 consulat.

2573 3912 2661 3976 Et
2713 3913 2782 3976 in
2837 3914 3222 3978 conventibus
3280 3914 3664 3980 Germaniae
3721 3916 3884 3979 nihil
3933 3915 4010 3979 de
4063 3917 4355 3999 reliyione

2400 4004 2719 4077 tractetur,
2775 4004 2846 4062 ut
2893 4000 3112 4079 foedus
3165 4000 3600 4065 catholicorum
3641 4006 3945 4083 auyeatur
3989 4006 4045 4065 et
4084 4002 4354 4069 corrobo-

2400 4090 2574 4148 retur
2585 4109 2605 4164 ,-
2648 4090 2717 4148 ut
2761 4104 2826 4149 eo
2866 4085 3108 4166 foedere
3148 4092 3323 4150 aucto
3367 4091 3780 4167 protestantes
3823 4086 4105 4151 omnibus
4145 4091 4353 4154 modis

2400 4171 2487 4234 ad
2531 4176 2649 4249 [sol.
2685 4176 2791 4249 49]
2838 4172 3223 4237 concordiam
3265 4172 3647 4237 alliciantur.
3722 4171 3987 4235 Interim
4028 4193 4169 4238 vero
4213 4194 4352 4239 oon-

2400 4257 2696 4324 cludatur
2759 4278 2898 4321 cum
2962 4278 3102 4342 reye
3165 4258 3496 4323 Gallorum
3561 4263 3615 4322 et
3669 4257 4044 4340 colligantur
4097 4259 4352 4325 auzilia

2400 4344 2688 4408 omnibus
2741 4364 2815 4407 ex
2846 4343 3139 4425 partebus
3180 4349 3389 4408 contra
3440 4345 3728 4409 Tarcam.
3817 4342 3997 4409 Illud
4048 4345 4236 4409 etiam
4277 4346 4350 4410 ιη

2398 4429 2524 4510 fine
2568 4451 2692 4494 non
2736 4431 3131 4495 omittendum
3170 4435 3290 4496 est.-
3330 4431 3492 4511 quod
3536 4436 3865 4509 antequam
3909 4429 4138 4510 Spirae
4191 4436 4351 4497 trac-

2403 4521 2571 4580 tatus
2613 4516 2971 4581 amicabiles
3002 4516 3416 4596 perficiantur
3471 4522 3525 4579 et
3577 4515 3892 4580 auritium
3935 4516 4193 4596 imperii
4224 4522 4350 4583 sta-

2402 4600 2679 4681 biliatur,
2707 4602 2987 4681 elapsum
3028 4603 3147 4665 erit
3174 4606 3413 4682 tempus
3434 4602 3790 4667 occurrendi
3823 4601 3932 4665 hoc
3967 4622 4131 4666 aomo
4183 4604 4352 4668 Tur-

2401 4709 2535 4765 cae,
2595 4692 2652 4752 et
2696 4708 2857 4752 anno
2900 4689 3174 4767 sequenti
3226 4690 3531 4771 neyotium
3573 4687 3808 4751 auxilii
3844 4688 4089 4768 ferendi
4118 4691 4348 4768 potera

2400 4775 2626 4840 melias
2668 4774 2930 4837 tractari
2970 4774 3396 4839 communibus
3427 4774 3599 4851 votis,
3639 4778 3848 4837 contra
3881 4773 4188 4839 hminem
4221 4776 4346 4839 ini-

2397 4862 2646 4925 micam.
2737 4858 2818 4922 Ιη
2862 4858 2964 4922 his
3020 4863 3223 4923 tamen
3266 4861 3548 4925 omnibus
3589 4858 3927 4940 praefatus
3968 4862 4348 4926 reverendis·

2398 4967 2543 5012 mus
2592 4946 2828 5027 leqatus
2881 4946 3137 5009 remittit
3187 4966 3251 5009 se
3300 4946 3612 5029 sinyulari
3651 4945 4031 5025 prudentiae
4082 4948 4350 5012 serenis-

2397 5034 2712 5098 simarum
2766 5033 3164 5096 maie-etatum
3205 5052 3494 5110 warum,
3553 5031 3778 5112 quibus
3829 5033 4040 5096 onmia
4081 5031 4346 5113 feliciter

2395 5119 2736 5201 continyere
2775 5122 2956 5197 optat.

2569 5255 2856 5321 Valeant
2923 5256 3123 5339 igitur
3192 5254 3788 5339 superstitiosorum
3852 5253 4195 5319 hominum
4261 5255 4346 5331 de

2399 5342 2708 5408 ecclesiae
2765 5340 3136 5406 calamitate
3192 5340 3521 5423 querelae,
3568 5338 3647 5402 de
3690 5337 4072 5404 idololatriis
4114 5361 4340 5423 super-
