5100 6061
271 419 385 481 225

432 603 618 669 Haec
676 603 945 668 nomina
989 602 1215 667 mortis
1260 609 1327 666 et
1380 602 1622 667 inferni
1679 622 1809 665 non
1857 601 2053 666 aliam
2098 601 2214 665 ha-

270 694 415 759 bere
460 710 652 773 posse
696 689 1152 772 acceptionem,
1200 688 1271 752 in
1318 689 1616 753 versibus
1640 688 2057 753 Psalmorum
2096 692 2213 765 [fol.

272 782 372 856 45]
412 796 577 860 quos
612 775 986 853 obtrudunt,
1033 784 1101 839 et
1134 776 1205 838 in
1240 775 1495 841 cantico
1529 774 1645 838 illo
1681 773 2024 851 Ezechiae,
2063 794 2213 838 con-

270 862 476 929 tendo.
544 863 763 945 Atque
805 859 870 925 id
906 862 1100 926 certis
1138 860 1543 944 argumentis
1579 861 1793 925 evinci
1835 880 2022 942 posse
2059 880 2213 926 con-

268 952 471 1016 firmo,
534 948 616 1012 In
659 947 765 1011 his
810 947 986 1011 enim
1032 947 1361 1012 versibus:
1422 946 1754 1029 Numquid
1797 946 2073 1010 mortuis
2116 946 2213 1009 fa-

270 1037 390 1101 cies
433 1032 775 1111 mirabilia,
816 1044 955 1111 ete„
1002 1034 1193 1096 item:
1250 1031 1438 1113 Quae
1482 1033 1733 1097 utilitas
1779 1032 1849 1095 111
1894 1031 2214 1116 sanguine

270 1141 428 1199 mee,
475 1130 616 1198 ete„
674 1119 814 1185 sive
850 1117 1179 1196 Christus,
1226 1126 1422 1201 caput
1465 1116 1775 1195 fidelium,
1829 1118 1965 1182 sive
2010 1118 2214 1183 eccle-

271 1210 374 1285 sia,
425 1206 564 1270 eius
612 1226 864 1287 corpus,
910 1205 1231 1287 loquitur:
1273 1212 1584 1282 mortem,
1632 1211 1710 1268 ut
1752 1225 1893 1268 rem
1937 1203 2215 1268 horribi-

268 1295 391 1358 lem
448 1313 524 1357 ac
577 1289 1024 1356 detestandam
1044 1340 1058 1368 ‚
1121 1292 1364 1374 refugit
1424 1313 1498 1356 ac
1558 1289 1954 1372 depreeatur.
2024 1287 2216 1369 Quod

272 1380 461 1445 etiam
516 1379 671 1443 facit
715 1377 1032 1441 Ezechias
1086 1378 1157 1440 in
1212 1399 1329 1441 suo
1384 1377 1653 1441 66111160.
1734 1374 1872 1440 Cur
1927 1376 2019 1440 sie
2066 1375 2216 1439 hor·

272 1472 411 1531 rent
470 1463 550 1528 ad
609 1484 851 1528 nomen
908 1462 1169 1542 mortiS,
1225 1464 1279 1528 si
1336 1462 1557 1526 Deum
1610 1460 2096 1529 misericordem
2143 1481 2218 1526 ac

272 1551 384 1617 sibi
433 1550 789 1633 propitium
835 1547 1172 1613 sentiunt?
1244 1549 1354 1612 An
1398 1548 1547 1630 quia
1592 1546 1874 1629 amplius
1913 1546 2080 1611 nihil
2118 1548 2218 1610 fu-

272 1637 396 1702 turi
443 1636 639 1701 sunt?
716 1634 850 1700 Sed
896 1635 1176 1699 evadent
1220 1655 1301 1698 ex
1346 1633 1468 1699 hoc
1522 1631 1896 1698 turbulento
1940 1631 2215 1712 saecule,

272 1745 344 1787 ex
395 1722 652 1787 infestis
709 1721 1213 1800 tentationibus,
1273 1741 1357 1784 ex
1411 1719 1866 1802 inquietudine
1923 1720 1992 1782 in
2038 1740 2216 1783 sum-

272 1830 448 1873 mum
490 1809 699 1872 otium
734 1817 802 1871 et
836 1807 1091 1871 beatam
1129 1808 1437 1890 requiem.
1505 1806 1598 1869 Et
1621 1806 1774 1887 quia
1798 1804 1963 1868 nihil
2001 1811 2215 1883 erunt,

273 1893 433 1959 nihil
473 1894 627 1957 mali
686 1894 1001 1957 sentient:
1058 1891 1390 1958 excitandi
1442 1913 1558 1956 suo
1618 1899 1909 1972 tempore
1953 1889 2034 1954 ad
2079 1890 2218 1973 glo-

273 1982 453 2057 riam,
492 2001 657 2062 quae
702 1986 768 2042 et
793 1980 840 2061 ¹)
898 2000 1122 2043 eorum
1178 1986 1388 2043 morte
1432 1977 1597 2042 nihil
1644 1976 1961 2054 differtur,
2009 1997 2216 2057 neque

275 2068 404 2131 vita
452 2066 868 2131 acceleratur.
954 2063 1435 2129 Convertamur
1489 2062 1569 2128 ad
1628 2063 1905 2126 aliorum
1960 2070 2216 2127 sancto·

274 2174 415 2216 rum
465 2151 794 2234 exempla,
854 2172 937 2214 an
985 2151 1116 2214 tale
1162 2149 1406 2232 aliquid
1451 2151 1545 2214 618
1589 2147 1938 2213 acciderit?
1990 2146 2216 2228 Quum

274 2238 406 2303 Noe
468 2238 774 2316 moritur,
843 2258 975 2301 non
1033 2236 1328 2319 deplorat
1368 2236 1676 2300 miseram
1721 2242 1965 2298 sortem
2010 2252 2213 2298 suam.

278 2323 607 2389 Abraham
658 2344 792 2387 non
850 2322 1261 2387 lamentatur.
1346 2321 1540 2387 Iacob
1596 2321 1792 2385 etiam
1847 2320 2020 2383 inter
2063 2318 2215 2382 ulti-

273 2430 407 2474 mos
456 2410 725 2491 spiritus
779 2409 1152 2492 gratulatur
1194 2406 1349 2486 sibi,
1407 2406 1579 2489 quod
1617 2406 1901 2471 salutare
1943 2404 2212 2469 Domini

267 2504 596 2580 exspectet
655 2494 852 2578 (Gen.
893 2500 994 2571 49,
1041 2499 1164 2577 18).
1242 2493 1359 2558 Iob
1404 2515 1537 2558 non
1581 2493 1998 2576 lacrymatur.
2067 2491 2212 2555 Mo-

266 2603 376 2661 868,
427 2603 631 2664 quum
668 2580 852 2645 audit
895 2601 934 2643 a
976 2581 1281 2658 Domino,
1327 2578 1631 2649 ultimam
1675 2577 1904 2641 horam
1945 2578 2210 2654 instare,

267 2688 388 2733 non
459 2675 920 2733 commovetur.
1022 2665 1299 2744 Omnes,
1379 2672 1700 2747 quantum
1752 2663 1974 2728 videre
2041 2662 2209 2739 lieet,

265 2761 560 2836 prompto
609 2753 829 2817 animo
883 2760 1162 2817 mortem
1209 2751 1712 2834 amplectuntur.
1782 2749 1995 2814 Voces
2037 2748 2209 2827 illae,

266 2840 491 2922 quibus
545 2840 812 2903 vocanti
859 2839 1146 2903 Domino
1215 2839 1427 2903 sancti
1484 2835 1909 2919 respondent,
1967 2834 2211 2917 passim

265 2926 485 2990 obviae
520 2932 706 2989 sunt:
751 2925 942 3002 Ecce,
983 2946 1102 3008 ego
1130 2923 1380 3003 adsum,
1404 2924 1702 2987 Domine.
1772 2919 2055 3005 Oportet
2089 2920 2209 3002 igi-

267 3018 365 3076 tur
398 3008 583 3083 aliud
622 3010 934 3094 quiddam
970 3032 1128 3088 esse,
1168 3009 1340 3094 quod
1377 3009 1736 3087 Christum,
1776 3014 1842 3073 et
1876 3006 2016 3073 eius
2051 3005 2210 3071 fide-

266 3096 351 3162 les
390 3097 747 3181 eompellat
799 3097 882 3161 ad
929 3096 1300 3162 huiusmodi
1360 3095 1817 3179 querimoniae.
1895 3094 2043 3159 Non
2091 3092 2210 3157 du-

265 3183 459 3263 bium,
503 3185 661 3266 quin
704 3182 1029 3261 Christus,
1074 3205 1276 3265 quum
1320 3204 1391 3248 se
1436 3183 1701 3247 offerret
1740 3200 1861 3262 pro
1906 3180 2095 3244 nobis
2137 3199 2211 3244 ac

267 3277 789 3352 repraesentaret
845 3268 929 3333 ad
990 3291 1296 3352 poenam,
1365 3290 1515 3334 eum
1580 3274 1900 3350 potestate
1954 3264 2209 3344 diaboli,

268 3377 405 3420 cum
452 3356 810 3420 inferorum
853 3354 1247 3421 cruciatibus
1292 3377 1367 3420 ac
1412 3352 1737 3419 doloribus
1782 3353 2009 3416 mortis
2043 3373 2133 3433 pu
2180 3387 2208 3398 -

266 3442 532 3506 naverit.
626 3440 811 3521 Quae
890 3443 1112 3505 omnia
1190 3443 1258 3505 in
1327 3449 1551 3505 nostra
1626 3459 1821 3503 earne
1889 3439 2126 3502 vincen
2173 3457 2210 3499 a

268 3538 476 3591 erant:
536 3539 611 3590 ut
653 3527 758 3591 ius
802 3548 1025 3606 suum,
1082 3527 1253 3609 quod
1306 3528 1373 3590 in
1419 3547 1539 3589 nos
1557 3528 1615 3608 ⁴²)
1661 3524 2015 3600 habebant,
2062 3543 2207 3605 per-

269 3613 507 3678 derent.
575 3613 658 3676 In
705 3613 828 3678 hoc
883 3614 1088 3695 igitur
1131 3634 1368 3697 agone,
1426 3631 1626 3693 quum
1663 3609 1865 3693 rigori
1906 3630 1980 3673 ac
2025 3628 2209 3672 seve-

269 3700 437 3763 ritati
486 3697 745 3763 divinae
801 3699 1090 3764 iustitiae
1147 3699 1581 3772 satisfaceret,
1648 3717 1849 3777 quum
1895 3693 2209 3759 adversus

266 3784 526 3862 inferos,
581 3791 862 3849 mortem
918 3806 993 3850 ac
1049 3785 1380 3850 diabolum
1435 3780 1975 3866 congrederetur,
2022 3779 2207 3844 invo-

268 3872 434 3936 cavit
476 3878 750 3954 patrem,
795 3892 878 3935 ne
923 3892 992 3935 se
1036 3871 1107 3934 in
1151 3871 1355 3934 tantis
1385 3868 1705 3953 angustiis
1743 3865 2086 3941 desereret,
2123 3886 2208 3929 ne

267 3978 330 4020 se
372 3957 682 4038 potestati
726 3956 956 4021 mortis
1012 3957 1449 4039 permitteret:
1506 3954 1673 4017 nihil
1719 3950 1897 4016 aliud
1941 3972 1980 4014 a
2021 3961 2209 4032 patre

266 4050 506 4124 petens,
554 4063 751 4125 quam
796 4051 874 4106 ut
915 4043 1262 4107 infirmitas
1297 4050 1539 4118 nostra,
1576 4060 1769 4123 quam
1813 4039 1882 4101 in
1918 4059 2035 4102 suo
2069 4058 2210 4102 eor-

266 4148 419 4209 pore
460 4129 859 4205 sustinebat,
891 4149 931 4192 a
972 4137 1294 4211 potestate
1339 4126 1578 4192 diaboli
1624 4135 1692 4190 et
1725 4124 1955 4188 mortis
2000 4122 2210 4187 solve-

268 4225 459 4279 retur.
528 4215 715 4278 Haec
759 4223 859 4279 est
902 4214 1065 4279 fides
1109 4223 1350 4291 nostra,
1390 4212 1494 4278 cui
1540 4230 1715 4276 nuuc
1750 4207 2205 4284 incumbimus,

267 4299 432 4381 quod
476 4320 689 4383 poena
732 4300 979 4382 peccati
1014 4301 1084 4363 in
1121 4321 1316 4365 carne
1360 4306 1585 4364 nostra
1619 4295 1902 4372 admissi,
1941 4315 2104 4377 quae
2140 4294 2210 4356 in

266 4383 485 4450 eadem
533 4406 732 4451 carne
776 4386 1089 4451 solvenda
1133 4394 1300 4464 erat,
1356 4396 1433 4449 ut
1472 4384 1732 4448 divinae
1775 4381 2063 4446 iustitiae
2107 4402 2210 4444 sa-

263 4471 553 4549 tisfieret,
592 4472 803 4536 soluta
839 4493 913 4537 ac
951 4472 1233 4555 depensa
1271 4481 1372 4537 est
1411 4472 1481 4535 in
1518 4489 1712 4534 carne
1735 4466 2006 4542 Christi,
2045 4487 2210 4548 quae

263 4564 485 4623 nostra
538 4566 698 4622 erat.
778 4558 1064 4622 Mortem
1123 4559 1326 4642 igitur
1392 4578 1522 4621 non
1576 4554 1960 4637 deprecatur
2017 4551 2210 4617 Chri-

265 4650 435 4708 stus:
492 4643 608 4710 sed
666 4665 934 4728 gravem
993 4664 1262 4710 sensum
1306 4641 1677 4708 severitatis
1722 4639 1879 4716 Dei,
1926 4658 2054 4722 qua
2094 4660 2211 4720 per

264 4739 540 4794 mortem
594 4750 716 4812 pro
774 4730 960 4794 nobis
1012 4729 1461 4814 corripiendus
1506 4737 1663 4792 erat.
1742 4725 1865 4790 Vis
1919 4726 2083 4790 scire
2128 4745 2211 4787 ex

266 4834 392 4896 quo
447 4816 688 4881 affectu
738 4816 900 4881 haec
954 4837 1082 4880 vox
1141 4815 1495 4899 prodierit?
1568 4814 1719 4878 Non
1750 4832 2037 4894 ‚possum
2092 4808 2211 4873 tibi

265 4901 497 4966 melius
542 4903 931 4985 exprimere,
977 4923 1171 4985 quam
1217 4923 1347 4967 vox
1392 4899 1680 4965 eiusdem
1728 4897 1957 4962 altera:
2004 4903 2207 4978 pater,

264 4994 467 5067 pater,
504 4997 579 5052 ut
621 4986 776 5071 quid
819 5009 925 5052 me
970 4987 1413 5069 dereliquisti?
1482 4986 1628 5050 Hos
1672 4984 1875 5068 igitur
1917 4989 2210 5046 mortuos

264 5080 331 5136 et
375 5073 681 5155 sepultos,
727 5076 796 5139 in
841 5082 1082 5139 terram
1129 5072 1471 5137 oblivionis
1515 5070 1906 5153 deportatos,
1943 5074 2130 5135 vocat
2173 5087 2212 5130 a

408 5346 467 5414 1)
502 5347 661 5403 1542:
699 5365 890 5418 neque.
1095 5346 1157 5411 2)
1193 5345 1365 5415 nobiS,
1404 5342 1539 5398 1552
1576 5358 1713 5411 seqq.

483 5435 703 5490 Caluini
731 5450 915 5503 opera.
998 5435 1113 5491 Vol.
1160 5434 1217 5489 V.

1784 409 2737 479 PSYCHOPANNYCHIA.

4147 423 4272 486 226

2317 601 2462 667 Deo
2508 603 2869 670 derelictos.
2960 601 3069 667 Ad
3124 604 3299 669 hunc
3366 605 3633 671 modum
3687 610 3927 687 sancti,
3998 608 4273 677 docente

2319 690 2549 771 spiritu
2606 690 2767 768 Dei,
2824 711 2959 755 non
3017 691 3430 772 usurpabunt
3484 692 3603 756 has
3662 714 3882 773 voces,
3933 716 4059 777 quo
4115 717 4155 761 a
4198 718 4269 761 se

2318 783 2623 839 avertant
2655 786 2951 853 mortem,
2998 783 3065 840 et
3089 777 3134 856 ¹)
3163 777 3291 840 Dei
3330 779 3759 844 vocationem:
3800 780 3913 845 sed
3937 802 4061 863 quo
4098 783 4268 849 iudi-

2317 861 2512 939 cium,
2559 860 2727 924 iram
2772 873 2838 926 et
2871 861 3288 926 severitatem
3322 863 3452 927 Dei
3489 863 3946 946 deprecentur:
3993 889 4121 949 qua
4153 891 4270 952 per

2317 954 2599 1012 mortem
2643 947 2881 1030 corripi
2927 969 2996 1013 se
3042 952 3158 1026 [fol.
3200 953 3307 1027 46]
3355 970 3395 1013 a
3436 950 3581 1013 Deo
3623 952 3934 1016 sentiunt.
4004 954 4149 1021 Hoc
4185 978 4269 1021 ne

2318 1032 2723 1098 comminisci
2777 1031 3032 1110 videar,
3087 1054 3354 1115 quaero,
3412 1036 3580 1100 sitne
3634 1036 3848 1101 fidelis
3918 1048 4269 1107 vocaturus

2317 1118 2680 1201 simplicem
2738 1127 2805 1182 et
2860 1119 3223 1183 naturalem
3277 1129 3558 1185 mortem
3574 1173 3589 1199 ,
3647 1124 3814 1186 iram
3865 1131 3931 1188 et
3985 1131 4269 1193 terrores

2318 1204 2492 1269 Dei?
2560 1204 2714 1268 Non
2769 1205 3048 1269 arbitror
3104 1204 3249 1268 illos
3303 1226 3378 1271 eo
3434 1228 3638 1289 usque
3697 1208 4137 1291 impudentes,
4195 1225 4270 1277 ut

2319 1288 2608 1354 audeant
2659 1290 3005 1354 affirmare.
3096 1291 3330 1371 Atqui,
3376 1301 3655 1357 mortem
3699 1293 3882 1358 illam
3926 1295 4019 1361 sie
4061 1299 4266 1364 inter·

2319 1384 2617 1458 pretatur
2661 1375 2980 1458 propheta
3035 1375 3265 1441 iisdem
3317 1377 3503 1443 locis:
3559 1379 3642 1442 In
3696 1402 3803 1444 1116
3844 1385 4267 1465 transierunt,

2321 1463 2525 1541 Deus,
2567 1462 2703 1527 irae
2747 1469 2928 1541 tuae,
2990 1469 3056 1525 et
3101 1470 3396 1526 terrores
3427 1465 3656 1528 mortis
3712 1469 4270 1535 conturbaverunt

2322 1569 2428 1612 me
2475 1548 2676 1632 (Psal.
2719 1551 2820 1625 88,
2861 1553 2918 1611 8.
2966 1548 3086 1629 17).
3199 1548 3290 1611 Et
3343 1549 3554 1613 multa
3596 1550 3725 1614 alia
3769 1553 4060 1635 subiicit,
4104 1578 4268 1639 quae

2322 1635 2702 1715 pertineant
2755 1633 2837 1697 ad
2890 1634 3056 1697 iram
3112 1634 3258 1697 Dei.
3345 1634 3634 1699 Alterius
3693 1660 3847 1702 vero
3919 1639 4041 1703 loci
4108 1642 4268 1708 haec

2322 1720 2523 1784 verba
2586 1728 2768 1784 sunt:
2829 1719 3157 1800 Quoniam
3225 1730 3634 1784 momentum
3688 1723 3756 1786 in
3819 1724 4270 1809 indignatione

2322 1806 2479 1883 eius,
2525 1815 2593 1869 et
2635 1807 2773 1870 vita
2814 1806 2884 1869 in
2928 1805 3384 1870 benevolentia
3418 1806 3560 1870 eius
3597 1807 3797 1889 (Psal.
3842 1813 3939 1887 30,
3982 1816 4067 1894 G).
4133 1810 4269 1879 Sed

2318 1892 2593 1956 lectores
2636 1890 2879 1970 hortor,
2925 1890 3006 1955 ad
3050 1891 3352 1956 volumen
3396 1913 3465 1956 se
3510 1893 3872 1959 conferant:
3925 1905 4003 1960 ut
4045 1920 4127 1962 ex
4170 1901 4271 1963 in-

2320 1978 2524 2061 tegris
2584 1977 2837 2042 duobus
2891 1976 3202 2055 Psalmis,
3264 1986 3331 2041 et
3395 1979 3646 2043 cantico
3711 1978 3854 2057 illo,
3928 1985 4271 2050 certiorem

2319 2063 2515 2128 fidem
2557 2071 2803 2146 petant.
2874 2062 2986 2128 Sic
3029 2064 3205 2127 enim
3251 2085 3370 2128 nec
3404 2064 3593 2130 fucus
3636 2063 3767 2129 illis
3802 2067 3942 2145 fiet,
3988 2077 4056 2132 et
4087 2070 4271 2136 facile

2318 2148 2625 2214 obtinebo
2670 2148 2846 2232 apud
2891 2171 3018 2228 eos,
3061 2149 3172 2231 qui
3218 2170 3376 2213 sano
3419 2147 3656 2216 iudicio
3699 2150 3941 2234 legent.
4011 2153 4271 2221 Consti-

2319 2236 2566 2299 tuimus
2610 2256 2784 2318 ergo,
2831 2243 3106 2300 mortem
3152 2235 3280 2304 illis
3316 2235 3473 2300 locis
3509 2256 3668 2313 esse,
3715 2238 3959 2303 sentire
3993 2240 4160 2305 iram
4196 2264 4272 2307 ac

2320 2320 2636 2385 iudicium
2688 2323 2845 2401 Dei,
2915 2321 3162 2404 hocque
3219 2342 3416 2386 sensu
3469 2323 3822 2403 perterreri
3879 2346 3952 2389 66
4005 2334 4270 2392 contur-

2318 2407 2476 2471 bari.
2548 2406 2661 2471 Sic
2703 2408 3042 2485 Ezechias,
3089 2429 3290 2489 quum
3325 2407 3580 2474 videret
3614 2428 3684 2471 se
3720 2409 4090 2493 relinquere
4123 2433 4271 2498 reg-

2317 2515 2477 2557 num
2522 2494 2890 2575 expositum
2937 2494 3227 2558 hostium
3277 2492 3533 2575 probris
3576 2514 3650 2559 ac
3695 2493 4075 2577 direptioni,
4122 2521 4270 2581 pro-

2317 2578 2449 2643 lem
2493 2600 2650 2645 vero
2696 2602 2765 2643 se
2808 2600 2942 2643 non
2988 2580 3386 2661 relinquere,
3434 2601 3473 2642 a
3516 2599 3642 2661 qua
3685 2579 4111 2648 descenderet
4154 2608 4269 2650 ex-

2316 2666 2627 2748 spectatio
2682 2665 3008 2748 gentium:
3069 2665 3262 2742 haec,
3315 2686 3477 2747 quae
3534 2664 3725 2748 signa
3780 2677 3967 2731 erant
4009 2670 4160 2733 irati
4205 2682 4272 2736 et

2314 2751 2646 2834 punientis
2683 2752 2845 2827 Dei,
2893 2750 3334 2816 sollicitabant
3377 2751 3665 2815 animam
3710 2752 3868 2830 eius,
3915 2775 4046 2818 non
4091 2777 4265 2821 mor·
4359 2766 4364 2779 ⁸

2314 2836 2401 2901 tis
2438 2845 2666 2914 terror,
2708 2857 2903 2920 quam
2939 2846 3161 2918 postea
3195 2836 3382 2900 nulla
3417 2837 3871 2919 deprecatione
3908 2840 4124 2904 subiit.
4185 2842 4268 2906 In

2316 2944 2573 2987 summa
2616 2923 2840 3001 fateor,
2885 2928 3164 2986 mortem
3211 2944 3294 2986 ex
3339 2944 3407 2986 86
3442 2922 3691 2986 malum
3736 2944 3894 3002 esse,
3942 2945 4146 3006 quum
4182 2928 4270 2991 sit

2313 3008 2683 3075 maledictio
2710 3016 2776 3074 et
2816 3029 3026 3094 poena
3059 3008 3342 3093 peccati:
3390 3015 3471 3088 et,
3509 3029 3712 3090 quum
3745 3010 3973 3092 ipsam,
4017 3034 4133 3094 per
4176 3035 4264 3092 se,

2314 3095 2581 3179 plenam
2625 3117 2766 3162 esse
2802 3095 3067 3161 terroris
3102 3117 3178 3161 ae
3216 3094 3651 3173 desolationis,
3691 3103 3831 3160 tum
3867 3117 4024 3161 vero
4059 3099 4130 3162 in
4165 3099 4266 3163 ul-

2316 3183 2548 3247 timam
2584 3181 3103 3265 desperationem
3127 3201 3236 3245 eos
3271 3180 3615 3264 depellere,
3653 3182 3764 3263 qui
3800 3182 4095 3248 sentiunt
4121 3205 4266 3249 eam

2315 3270 2438 3334 sibi
2474 3268 2690 3353 infligi
2724 3269 2804 3335 ab
2839 3269 3005 3332 irato
3040 3275 3107 3333 et
3140 3268 3453 3351 puniente
3486 3267 3647 3331 Deo.
3718 3267 3943 3332 Unum
3979 3276 4078 3335 681
4111 3291 4266 3336 con-

2317 3355 2705 3432 dimentum,
2754 3354 2925 3437 quod
2968 3361 3225 3418 tantam
3272 3354 3410 3418 eius
3454 3351 3873 3418 acerbitatem
3919 3363 4264 3438 temperet:

2312 3441 2488 3504 inter
2531 3440 2674 3504 eius
2718 3441 3058 3524 angustias
3103 3460 3492 3523 cognoscere
3537 3439 3758 3504 Deum
3803 3441 3925 3505 sibi
3972 3463 4113 3507 osse
4153 3463 4267 3525 pa-

2314 3533 2512 3602 trem,
2584 3524 2927 3590 Christum
2995 3525 3237 3590 habere
3303 3525 3535 3592 ducem
3592 3547 3666 3591 ac
3720 3527 4041 3592 comitem.
4119 3528 4269 3595 Hoc

2314 3608 2732 3676 condimento
2830 3612 2897 3675 ui
2954 3617 3208 3688 carent,
3267 3611 3516 3677 habent
3558 3619 3838 3676 mortem
3884 3635 4000 3695 pro
4045 3616 4267 3680 confu-

2315 3698 2496 3761 sione
2554 3705 2620 3760 et
2675 3716 2791 3778 per
2838 3697 3036 3760 itione
3092 3704 3375 3762 aeterna.
3449 3696 3670 3777 Quare
3715 3699 3936 3763 Deum
3997 3700 4265 3765 laudare

2312 3784 2379 3846 in
2423 3791 2630 3846 morte
2677 3803 2808 3845 non
2854 3790 3145 3864 possunt.

2484 3954 2629 4018 Iam
2676 3974 2908 4022 versus
2951 3952 3087 4017 ille:
3138 3954 3288 4018 Non
3330 3956 3569 4019 mortui
3613 3952 3975 4018 laudabunt
4019 3963 4100 4032 16,
4140 3962 4259 4021 616.

2315 4039 2563 4104 claudit
2601 4038 2827 4103 laudes
2861 4038 3103 4121 populi,
3141 4039 3392 4123 gratias
3428 4063 3466 4105 a
3513 4041 3683 4105 entis
3719 4040 3882 4118 Dec,
3922 4039 4091 4121 quod
4127 4041 4267 4107 eius

2314 4147 2515 4190 manu
2571 4131 2905 4207 protectus
2949 4132 3121 4190 esset
3164 4147 3204 4189 a
3256 4127 3477 4208 pericu
3506 4146 3573 4190 o:
3631 4126 3704 4188 in
3758 4123 3936 4188 hune
3981 4147 4263 4205 sensum,

2316 4212 2369 4276 si
2422 4211 2825 4294 permisisset
2877 4232 2996 4276 nos
3054 4211 3330 4295 opprimi
3387 4212 3746 4289 Dominus,
3808 4232 3882 4275 ac
3928 4211 4153 4277 venire
4193 4214 4264 4277 in

2314 4303 2706 4381 potestatem
2762 4296 3000 4377 hostis,
3059 4296 3437 4363 insultasset
3495 4299 3633 4362 eius
3687 4297 3935 4361 nomini
3992 4297 4139 4376 ille,
4200 4306 4267 4362 et

2316 4383 2631 4467 gloriatus
2676 4390 2850 4448 esset
2894 4405 2963 4448 se
3007 4404 3343 4466 superasse
3387 4381 3753 4446 Dominum
3788 4382 4011 4448 Israel.
4072 4384 4136 4448 N
4139 4405 4266 4448 unc

2317 4490 2472 4534 vero
2516 4469 2628 4535 ubi
2667 4469 2993 4534 Dominus
3038 4471 3176 4534 eius
3219 4469 3523 4534 ferociam
3566 4470 3878 4551 repressit
3919 4490 3994 4536 ac
4038 4477 4264 4536 contu-

2317 4554 2443 4633 dit,
2491 4555 2606 4620 ubi
2657 4576 2778 4620 nos
2834 4554 2917 4619 ab
2960 4555 3101 4620 eius
3147 4555 3418 4622 saevitia
3462 4555 3733 4637 eripuit,
3794 4555 3864 4619 in
3905 4577 4106 4620 manu
4149 4578 4263 4639 po-

2315 4641 2477 4705 tenti
2517 4648 2584 4706 et
2618 4640 2884 4706 brachio
2924 4641 3202 4706 excelso:
3244 4662 3374 4705 non
3414 4647 3719 4723 poterunt
3753 4649 3980 4724 gentes
4017 4642 4262 4707 dicere:

2315 4727 2448 4792 Ubi
2488 4735 2590 4792 est
2632 4726 2816 4791 Deus
2859 4725 3130 4791 eorum?
3188 4728 3297 4809 qui
3352 4748 3422 4790 se
3467 4749 3619 4792 vere
3663 4728 3882 4792 Deum
3927 4728 4263 4792 viventem

2315 4813 2616 4877 ostendit.
2688 4811 2829 4878 Nec
2885 4813 3127 4895 poterit
3179 4813 3319 4877 eius
3379 4813 3826 4879 misericordia
3877 4814 3945 4876 in
3991 4811 4262 4877 dubium

2315 4901 2557 4977 venire,
2604 4918 2799 4981 quam
2844 4896 3004 4962 adeo
3044 4899 3318 4963 mirifice
3353 4898 3670 4963 exhibuit.
3737 4899 3829 4962 Et
3871 4898 3976 4963 hic
4017 4901 4262 4964 mortui

2316 4984 2761 5069 appellantur,
2819 4983 3112 5051 derelicti
3156 5006 3196 5049 a
3238 4985 3412 5063 Dee,
3475 4994 3542 5050 et
3595 4986 3702 5067 qui
3762 4985 3903 5049 eius
3945 4984 4261 5049 virtutem

2315 5091 2391 5135 ac
2433 5070 2910 5153 benignitatem
2955 5091 3110 5153 erga
3145 5092 3215 5136 se
3250 5092 3385 5136 non
3422 5077 3792 5136 senserunt:
3840 5070 4262 5152 quemadmo-

2458 5345 2515 5411 1)
2560 5341 2653 5398 Sic
2687 5343 2805 5398 sola
2841 5342 2977 5398 1542
3010 5347 3333 5400 assentiente
3373 5343 3558 5409 Gallo;
3593 5348 3835 5398 caeterae
3873 5360 4080 5400 omnes.-
4116 5354 4194 5402 ut.

3787 5429 3855 5482 15
