5100 6061
412 409 532 471 193

366 612 381 624 ·
408 593 530 660 bus
573 592 800 659 diebus
846 603 911 660 et
946 594 1153 659 tribus
1199 593 1498 660 noctibus
1554 593 1723 678 (Ion.
1765 597 1821 673 2,
1863 598 1897 657 2
1916 619 1931 675 ;
1970 594 2209 660 Matth.
2255 598 2352 673 12,

408 681 544 761 40).
634 680 839 761 Atqui
878 680 1075 745 Ionas
1094 680 1200 745 *de
1234 689 1467 745 ventre
1508 680 1705 763 piscis
1749 680 2055 746 clamavit
2097 678 2178 744 ad
2214 679 2355 744 Do-

407 767 682 845 minum,
719 775 785 831 et
816 766 1164 831 exauditus
1199 778 1315 831 est.
1362 765 1618 831 Venter
1648 767 1758 831 ille
1794 788 1970 832 mors
2005 775 2119 833 est.
2189 767 2355 830 Ani-

408 873 586 917 mam
621 852 825 936 igitur
846 851 1096 917 salvam
1127 852 1200 915 in
1233 860 1441 916 morte
1476 851 1729 916 habuit:
1770 852 2132 918 secundum
2160 873 2355 935 quam

409 938 722 1005 clamaret
764 936 847 1002 ad
891 936 1271 1003 Dominum.
1361 938 1549 1004 Isaac
1593 959 1873 1020 quoque,
1920 939 2033 1022 qui
2077 940 2355 1024 figuram

398 1023 664 1101 ,Christi
710 1023 943 1107 gessit,
1003 1032 1069 1088 et
1113 1046 1151 1089 a
1194 1032 1402 1089 morte
1447 1026 1617 1107 patri
1662 1023 1956 1090 redditus
2012 1032 2141 1103 est,
2195 1044 2354 1106 quo-

410 1107 579 1188 dam,
627 1117 704 1174 ut
747 1110 841 1174 ait
882 1109 1229 1192 apostolus,
1276 1110 1769 1175 resurrectionis
1805 1117 1978 1195 type,
2025 1110 2208 1176 nobis
2244 1132 2355 1175 ve-

405 1197 667 1261 ritatem
709 1197 778 1260 in
820 1196 1037 1279 figura
1069 1197 1281 1277 aperit
1325 1196 1523 1280 (Gen.
1567 1200 1665 1274 22,
1710 1200 1819 1275 103
1856 1197 2059 1262 Hebr.
2092 1202 2187 1275 11,
2221 1196 2355 1279 19)·.

406 1303 609 1364 quum
655 1282 831 1346 enim
875 1282 1239 1371 impositus,
1265 1289 1435 1347 esset
1477 1283 1669 1345 altari
1708 1292 1937 1364 parata
1979 1283 2246 1348 victima
2290 1291 2356 1348 et

406 1367 714 1451 alligatus
750 1374 938 1446 esset,
976 1377 1201 1450 postea
1234 1368 1419 1435 iussu
1455 1368 1726 1432 Domini
1762 1364 2015 1434 solutus
2043 1378 2157 1433 est.
2219 1367 2352 1433 Sed

406 1454 594 1531 aries,
637 1454 747 1536 qui
790 1454 964 1518 inter
998 1475 1229 1536 vepres
1264 1453 1579 1531 haeserat,
1628 1454 1698 1516 in
1736 1455 1945 1519 vicem
1981 1454 2165 1519 Isaac
2199 1476 2353 1538 sup-

408 1540 659 1621 positus
701 1548 815 1604 est.
906 1537 1083 1619 Quid
1124 1547 1224 1603 est
1265 1547 1480 1604 autem
1525 1538 1698 1622 quod
1742 1539 1930 1605 Isaac
1975 1561 2109 1604 non
2155 1542 2354 1604 mori·

407 1634 537 1702 tur,
584 1626 711 1690 nisi
755 1625 907 1708 quia
951 1624 1120 1707 quod
1163 1626 1496 1708 proprium
1559 1633 1659 1690 est
1717 1625 2028 1703 110181018,
2087 1626 2352 1690 immor-

408 1710 537 1775 tale
599 1710 907 1776 Christus
961 1712 1317 1793 praestitit,
1374 1710 1496 1776 hoc
1551 1718 1680 1788 est,
1742 1710 2067 1775 animam?
2158 1713 2352 1777 Aries

406 1818 579 1875 vere,
628 1796 868 1861 animal
913 1796 1305 1875 irrationale,
1349 1798 1458 1879 qui
1501 1797 1571 1859 in
1616 1797 1755 1861 eius
1799 1797 2012 1862 locum
2056 1797 2139 1861 ad
2178 1819 2351 1862 mor-

405 1890 543 1946 tem
591 1882 1028 1961 substituitur,
1076 1903 1309 1964 eorpus
1354 1892 1467 1947 est.
1546 1880 1738 1962 Quod
1782 1890 2003 1947 autem
2047 1883 2351 1966 alligatur

404 1968 619 2045 Isaac,
667 1969 953 2032 animam
997 1970 1475 2051 repraesentat:
1527 1988 1691 2050 quae
1733 1969 1805 2032 in
1848 1976 2057 2032 morte
2099 1968 2351 2034 Christi

405 2055 688 2136 speciem
711 2054 1044 2118 morientis
1081 2052 1281 2118 dedit:
1322 2063 1388 2118 et
1420 2052 1533 2117 dat
1569 2053 1768 2118 etiam
1791 2053 2077 2135 quotidie
2110 2055 2180 2118 in
2204 2054 2350 2118 vul-

404 2141 550 2223 gari
588 2148 802 2204 morte
846 2140 1217 2215 hominum:
1266 2141 1376 2204 ubi
1414 2141 1650 2217 omnia,
1696 2140 1990 2204 humana
2024 2139 2371 2222 opinione,

404 2225 769 2291 creduntur
811 2225 1163 2291 exstincta:
1211 2246 1411 2307 quum
1455 2234 1674 2289 tamen
1709 2247 1792 2289 ex
1821 2225 2104 2290 vinculis
2140 2226 2352 2290 soluta

404 2312 496 2377 sit
538 2311 792 2376 Christi-
831 2310 1079 2390 anima,
1124 2318 1191 2375 et
1231 2318 1489 2377 nostrae
1532 2331 1785 2394 quoque
1831 2311 2187 2390 solvantur,
2234 2333 2351 2376 an-

404 2406 672 2480 tequam
718 2405 1004 2479 11010801.
1093 2397 1417 2463 Perfricet
1458 2397 1740 2461 frontem
1799 2418 1976 2462 nunc
2031 2397 2351 2480 quispiam

408 2504 495 2547 ex
523 2482 720 2561 vobis,
760 2493 826 2547 et
860 2484 1054 2549 iactet
1076 2490 1365 2548 ‘mortem
1401 2482 1653 2548 Christi
1684 2483 2011 2548 somnium
2038 2485 2084 2563 ¹)
2123 2483 2349 2548 fuisse:

406 2569 517 2635 vel
574 2570 840 2634 omnino
896 2569 964 2632 in
1022 2575 1239 2634 castra
1278 2568 1675 2651 Apollinaris
1732 2568 2137 2651 transfugiat.
2229 2568 2352 2633 Ille

405 2655 673 2738 quidem
694 2654 1007 2738 vigilavit,
1035 2655 1188 2719 dum
1211 2654 1618 2720 incumberet
1640 2656 1708 2718 in
1732 2654 2012 2719 salutem
2035 2664 2349 2719 vestram:

410 2762 529 2805 vos
586 2750 803 2805 autem
861 2739 1157 2805 dormitis
1213 2762 1516 2806 somnum
1560 2751 1883 2818 vestrum,
1939 2747 2005 2804 et
2063 2740 2352 2805 tenebris

406 2826 738 2892 caecitatis
782 2827 996 2892 obruti
1043 2827 1302 2909 vigilias
1347 2848 1480 2892 non
1527 2824 1875 2891 exauditis.

579 2998 933 3065 Praeterea
971 3020 1100 3064 non
1137 2999 1258 3065 hoc
1298 3006 1552 3065 tantum
1589 3019 1710 3064 nos
1746 2999 2135 3078 consolatur,
2182 2995 2355 3081 quod

408 3084 739 3163 Christus,
796 3093 990 3168 caput
1034 3094 1363 3163 nostrum,
1419 3086 1489 3150 in
1544 3084 1757 3150 medio
1801 3085 2069 3150 umbrae
2122 3084 2353 3149 mortis

401 3192 545 3236 non
585 3171 804 3253 periit:
851 3170 966 3236 sed
1003 3171 1086 3235 ad
1120 3172 1290 3236 hanc
1326 3172 1744 3237 securitatem
1788 3170 2035 3238 accedit
2075 3170 2214 3235 eius
2249 3191 2353 3234 re-

403 3257 739 3336 801100110,
787 3279 915 3340 qua
955 3259 1184 3322 mortis
1217 3256 1579 3322 Dominum
1616 3278 1687 3321 se
1722 3257 2078 3333 constituit,
2123 3277 2197 3321 ac
2233 3277 2352 3322 nos

360 3353 365 3358 ’
404 3364 605 3426 supra
648 3351 924 3407 mortem
961 3343 1217 3417 extulit,
1262 3345 1625 3427 quicunque
1659 3352 1914 3425 partem
1948 3345 2019 3406 in
2054 3343 2196 3425 ipso
2235 3342 2351 3407 ha-

406 3428 652 3494 bemus.
745 3429 838 3494 Ut
896 3450 1029 3493 000
1078 3428 1475 3495 dubitaverit
1530 3428 1779 3494 Paulus
1835 3427 2079 3507 dicere,
2140 3427 2351 3492 vitam

405 3522 699 3579 nostram
722 3514 1177 3580 'absconditam
1214 3537 1354 3581 esse
1390 3536 1536 3581 cum
1574 3514 1838 3580 Christo
1884 3515 1954 3578 in
1989 3512 2135 3578 Deo
2180 3512 2347 3597 (Col.

408 3604 468 3679 3,
510 3601 595 3683 3).
683 3602 774 3665 Et
818 3599 1002 3664 alibi:
1048 3601 1219 3665 Vivo
1265 3621 1411 3684 ego,
1466 3601 1596 3664 iam
1642 3622 1773 3664 non
1818 3621 1968 3684 ege,
2027 3599 2142 3664 sed
2187 3599 2353 3664 vivit

404 3688 477 3750 in
521 3707 625 3751 me
669 3685 977 3751 Christus
1023 3686 1200 3766 (Gal.
1242 3692 1298 3764 2,
1340 3686 1468 3770 20).
1538 3684 1715 3766 Quid
1751 3694 2067 3769 superest,
2113 3685 2241 3750 nisi
2278 3694 2351 3749 ut
2400 3737 2404 3756 .

406 3780 630 3855 aperto
686 3794 797 3836 ore
851 3770 1190 3837 Christum
1248 3773 1320 3835 in
1380 3773 1615 3837 animis
1675 3772 2148 3837 dormientibus
2204 3770 2350 3835 dor-

406 3859 574 3922 mire
641 3865 707 3922 et
760 3856 1053 3922 desidere
1107 3858 1431 3922 clament?
1521 3856 1596 3922 Si
1655 3860 1830 3922 enim
1886 3856 2196 3923 Christus
2251 3865 2352 3922 est

408 3945 520 4027 qui
562 3944 631 4008 in
674 3943 806 4008 illis
850 3944 1034 4021 vixit,
1080 3941 1251 4008 idem
1298 3951 1395 4009 est
1443 3943 1555 4026 qui
1598 3943 1666 4007 in
1713 3943 1842 4008 illis
1886 3945 2182 4009 moritur.
2274 3941 2350 4008 Si

406 4030 550 4094 vita
572 4029 821 4094 Christi
858 4037 1083 4093 nostra
1119 4037 1235 4108 est,
1283 4030 1393 4113 qui
1419 4031 1622 4094 vitam
1658 4038 1948 4095 nostram
1983 4030 2173 4094 finire
2209 4028 2355 4095 vult

407 4124 639 4194 morte,
685 4114 988 4180 detrahat
1031 4115 1370 4180 Christum
1415 4138 1450 4180 e
1496 4114 1730 4180 dextra
1772 4116 1997 4197 patris,
2044 4122 2110 4179 et
2143 4115 2214 4179 in
2250 4136 2351 4180 se-

407 4201 691 4266 cundam
734 4210 1009 4265 mortem
1057 4199 1377 4265 deturbet.
1448 4198 1519 4265 Si
1561 4202 1724 4265 mori
1761 4201 1872 4266 ille
1908 4208 2137 4283 potest,
2177 4208 2354 4265 certa

1929 405 2880 475 PSYCHOPANNYCHIA.

2400 4213 2406 4280 ι
2456 4201 2710 4265 01181881
2767 4208 3068 4265 mortuus
3122 4201 3349 4278 fuerit,
3394 4200 3591 4264 vivet.

4290 424 4409 486 194

2459 596 2676 663 lamus
2720 620 2875 681 0130
2919 619 2958 662 8
2993 597 3256 663 Christo
3293 599 3587 665 membra
3632 622 3769 681 sua,
3815 605 3872 669 si
3912 606 4210 673 volumus
4246 609 4408 692 ipsis

2461 684 2666 748 vitam
2710 683 3012 749 adimere.
3103 684 3345 749 Nostra
3388 685 3549 750 haec
3594 690 3909 755 confessio
3950 701 4079 769 est,
4138 699 4253 773 [fol.
4300 701 4402 775 16]
4465 758 4468 765 .

2460 790 2656 851 quam
2694 770 2830 835 suis
2866 770 3065 834 armis
3102 770 3260 836 satis
3294 772 3760 840 instruximus:
3795 775 3879 839 In
3905 776 4118 841 Adam
4143 778 4407 862 quidem

2461 874 2687 919 omnes
2740 876 2858 920 nos
2914 876 3054 920 0880
3098 865 3412 921 mortuos:
3473 857 3589 924 sed
3644 860 3715 923 in
3759 858 4025 926 Christo
4070 865 4290 930 vivere
4338 869 4397 951 (1

2462 938 2610 1004 Cor.
2659 945 2753 1019 15,
2794 941 2922 1023 22).
3012 941 3198 1008 Η800
3242 942 3579 1025 splendide
3624 953 3690 1010 et
3734 946 4076 1031 magnifice
4120 969 4159 1012 a
4191 951 4404 1016 Paulo

2460 1032 2855 1109 tractantur:
2901 1048 3162 1109 nempe,
3223 1027 3397 1111 quod
3441 1031 3497 1093 si
3542 1028 3790 1097 Christi
3844 1035 4112 1115 spiritus
4157 1034 4408 1102 habitat

2458 1112 2529 1174 in
2574 1113 2791 1191 nebia,
2848 1132 3082 1194 corpus
3127 1113 3387 1195 quidem
3433 1126 3762 1180 mortuum
3806 1129 3907 1182 est
3950 1128 4211 1202 propter
4254 1143 4405 1204 pec-

2460 1203 2703 1275 catum,
2760 1204 2829 1261 at
2869 1197 3134 1280 811111108
3177 1200 3314 1264 vita
3358 1209 3456 1266 est
3499 1209 3767 1284 propter
3810 1203 4126 1269 iustitiam
4182 1208 4401 1292 (Rom.

2460 1285 2517 1361 8,
2565 1285 2690 1365 10).
2781 1282 3036 1366 Corpus
3079 1283 3327 1349 80111001
3366 1296 3558 1351 vocat
3600 1310 3885 1354 massam
3929 1293 4194 1371 peccati,
4240 1314 4405 1375 quae

2460 1388 2544 1432 ex
2578 1370 2791 1433 carnis
2823 1368 3172 1433 nativitate
3205 1370 3274 1434 in
3308 1370 3571 1437 homine
3593 1373 3861 1439 residet:
3898 1376 4204 1457 spiritum
4228 1400 4401 1458 vero,

2457 1461 2712 1537 partem
2775 1448 3059 1523 hominis
3115 1455 3541 1537 spiritualiter
3598 1468 4067 1542 regeneratam.
4159 1460 4401 1543 Quare,

2457 1561 2658 1621 quum
2701 1540 2898 1623 paulo
2942 1548 3097 1605 ante
3141 1541 3361 1625 (Rom.
3402 1547 3458 1620 7,
3499 1542 3629 1627 24),
3677 1545 3755 1609 ob
3799 1548 4048 1628 peccati
4094 1549 4404 1631 reliquias

2457 1626 2527 1688 in
2564 1648 2633 1690 se
2670 1627 3034 1703 haerentes,
3073 1627 3401 1691 miseriam
3439 1649 3622 1693 suam
3660 1629 4040 1712 deploraret,
4078 1655 4210 1698 non
4245 1636 4403 1698 sim-

2455 1710 2716 1794 pliciter
2760 1713 3029 1794 optabat
3073 1713 3233 1790 tolli,
3284 1720 3350 1778 et
3393 1714 3561 1777 nihil
3601 1736 3760 1794 esse,
3807 1728 3881 1780 ut-
3924 1738 4006 1781 01
4051 1718 4166 1784 1118
4209 1722 4403 1785 mise-

2455 1798 2554 1861 ria
2598 1797 2931 1863 evaderet:
2979 1797 3093 1862 sed
3137 1798 3395 1863 liberari
3441 1820 3480 1864 a
3523 1819 3793 1883 corpore
3836 1805 4080 1881 mortis,
4128 1805 4251 1870 hoc
4284 1813 4403 1886 est,

2455 1904 2738 1948 massam
2784 1885 3028 1967 peceati
3073 1884 3144 1947 in
3191 1905 3259 1949 80
3301 1885 3598 1950 1010111οε
3647 1894 3724 1949 ut
3758 1888 4024 1969 spiritus
4060 1899 4399 1973 purgatuS,

2456 1976 2523 2032 et
2567 1970 2748 2051 quasi
2796 1968 3189 2049 defaecatus,
3247 1991 3470 2052 pacem
3526 1993 3676 2037 cum
3720 1971 3865 2038 Deo
3920 1973 4220 2039 haberet:
4276 1978 4400 2043 hoc

2454 2054 2596 2136 ipso
2643 2054 3009 2134 declarans,
3067 2055 3402 2120 meliorem
3456 2057 3560 2121 sui
3613 2066 3871 2140 partem
3924 2062 4210 2144 corporis
4254 2063 4400 2128 vin-

2456 2140 2621 2205 culis
2665 2142 2992 2223 captivam
3036 2142 3265 2218 teneri,
3312 2162 3386 2205 80
3427 2163 3546 2224 1101
3589 2152 3864 2209 mortem
3909 2144 4256 2211 liberatum
4300 2150 4400 2213 iri.

2628 2312 2901 2377 Utinam
2946 2320 3124 2378 recta
3165 2312 3294 2377 fide
3339 2315 3669 2397 percipere
3713 2335 4049 2396 possemus
4094 2317 4282 2400 quale
4320 2320 4404 2383 sit

2456 2418 2735 2481 regnum
2771 2399 2918 2477 Dei,
2966 2397 3138 2482 quod
3174 2407 3275 2463 est
3307 2399 3483 2463 intra
3520 2397 3763 2477 fideles,
3809 2403 4002 2465 etiam
4041 2400 4196 2466 dum
4234 2403 4403 2471 hanc

2456 2484 2665 2547 vitam
2723 2484 2971 2549 vivunt.
3062 2484 3234 2548 Nam
3293 2485 3486 2550 simul
3543 2485 3729 2550 facile
3786 2494 3958 2552 esset
4012 2487 4401 2572 intelligere,

2456 2569 2827 2634 inchoatam
2874 2571 3076 2635 vitam
3122 2579 3472 2634 aeternam.
3542 2570 3857 2635 Promisit
3897 2572 4018 2637 hoc
4065 2574 4251 2637 nobis
4340 2575 4406 2639 ui

2457 2654 2683 2718 fallere
2735 2676 2867 2719 non
2911 2666 3139 2738 potest.
3233 2655 3367 2735 901
3408 2656 3636 2735 verba,
3696 2657 3935 2738 inquit,
3996 2680 4144 2723 mea
4199 2597 4401 2740 audit,

2456 2740 2659 2806 habet
2698 2740 2902 2805 vitam
2961 2749 3326 2819 aeternam,
3388 2751 3454 2805 et
3497 2743 3565 2805 10
3611 2741 4211 2808 condemnationem
4270 2767 4402 2811 non

2458 2827 2664 2891 venit:
2712 2824 2827 2891 sed
2871 2826 3238 2890 transivita
3281 2836 3490 2891 morte
3536 2829 3603 2891 in
3650 2829 3852 2893 vitam
3900 2828 4155 2902 (Ioann.
4188 2837 4242 2908 5,
4271 2832 4398 2913 24).

2460 2910 2536 2976 Si
2585 2913 2900 2976 transitus
2942 2912 3154 2977 factus
3199 2919 3299 2977 est
3339 2912 3411 2975 in
3456 2914 3659 2977 vitam
3701 2923 4051 2992 aeternam,
4097 2937 4213 2980 cur
4257 2937 4402 2980 eam

2458 3005 2668 3063 morte
2711 2996 3246 3081 interrumpunt?
3335 2997 3539 3064 Alibi:
3599 2999 3810 3078 Haec,
3859 3001 4098 3083 inquit,
4147 3011 4245 3065 ost
4291 3023 4403 3068 vo-

2456 3084 2678 3150 luntas
2735 3085 2970 3168 patris,
3031 3092 3106 3149 ut
3159 3085 3373 3149 omnis
3426 3085 3538 3167 qui
3592 3084 3797 3150 credit
3852 3087 3920 3149 in
3965 3086 4206 3164 filium,
4269 3109 4403 3152 non

2456 3178 2696 3254 pereat,
2723 3169 2849 3248 ,sed
2885 3171 3125 3237 habeat
3156 3171 3360 3236 vitam
3392 3179 3752 3235 aeternam:
3803 3179 3869 3235 ot
3913 3193 4032 3255 ego
4077 3174 4400 3239 suscitabo

2457 3278 2608 3322 eum
2650 3257 2723 3320 in
2767 3257 3119 3323 novissimo
3164 3254 3268 3322 die
3314 3256 3571 3336 (Ioann.
3614 3262 3669 3334 6,
3713 3260 3844 3339 40).
3899 3258 4219 3323 Rursum:
4271 3257 4404 3339 Qui

2458 3342 2595 3407 edit
2638 3364 2903 3408 carnem
2950 3365 3191 3421 meam,
3240 3349 3306 3406 et
3348 3341 3513 3407 bibit
3555 3364 3774 3408 meum
3819 3345 4235 3428 sanguinem,
4285 3346 4404 3409 ha-

2454 3427 2566 3493 bet
2608 3429 2815 3493 vitam
2858 3436 3219 3507 aeternam,
3279 3435 3347 3493 et
3403 3449 3522 3512 ego
3572 3430 3896 3495 suscitabo
3954 3450 4103 3493 eum
4160 3432 4232 3494 in
4290 3453 4404 3496 no-

2455 3514 2722 3579 vissimo
2767 3513 2871 3578 die
2926 3514 3183 3598 (Ioann.
3234 3523 3290 3595 6,
3335 3514 3465 3599 54).
3568 3515 3717 3579 Νο0
3762 3515 3933 3581 sieut
3976 3515 4402 3581 comederunt

2452 3607 2672 3683 patres
2727 3601 2929 3664 vestri
2989 3621 3259 3678 manna,
3325 3609 3393 3664 et
3448 3602 3685 3665 mortui
3742 3615 3912 3665 sunt.
4014 3599 4149 3681 9111
4203 3601 4410 3667 ederit

2455 3706 2695 3767 panem
2741 3686 2938 3763 hunc,
2984 3687 3165 3751 vivet
3207 3687 3273 3749 in
3320 3697 3676 3751 aeternum.
3750 3686 3970 3751 Nolite
4016 3686 4145 3751 huc
4190 3697 4408 3752 vestra

2454 3778 2821 3835 commenta
2865 3773 3194 3854 ingerere,
3254 3770 3333 3836 de
3394 3769 3497 3835 die
3557 3772 3927 3837 novissimo.
4016 3773 4167 3837 Duo
4225 3773 4408 3838 nobis

2454 3856 2814 3940 pollicetur,
2864 3858 3071 3921 vitam
3116 3864 3473 3934 aeternam,
3516 3867 3583 3921 et
3628 3856 3805 3921 illam
3844 3859 4406 3923 resurrectionem.

2454 3943 2609 4007 Duo
2654 3963 2857 4025 quum
2902 3941 3214 4021 audiatis,
3273 3943 3551 4008 alterum
3609 3951 3868 4008 tantum
3922 3942 4408 4023 amplectimini.

2456 4028 2673 4111 Magis
2718 4029 2918 4092 etiam
2963 4050 3079 4095 vos
3125 4029 3455 4093 convincit
3498 4028 3706 4093 altera
3749 4027 3996 4092 Christi
4042 4047 4190 4093 vox.
4259 4029 4404 4112 Ego

2456 4136 2624 4192 sum,
2667 4115 2901 4197 inquit,
2949 4115 3341 4180 resurreetio
3388 4123 3455 4179 et
3498 4116 3648 4179 vita.
3741 4111 3876 4193 Qui
3918 4112 4124 4177 credit
4167 4114 4238 4177 in
4280 4135 4404 4195 me,

3682 4199 3776 4263 Et
3829 4199 4041 4262 omnis
4087 4200 4198 4281 qui
4237 4200 4405 4264 vivit

406 4308 586 4352 mors
620 4308 739 4352 nos
776 4287 1099 4369 sequitur:
1148 4287 1202 4352 si
1239 4286 1493 4351 nullum
1530 4287 1728 4352 habet
1762 4287 1937 4351 vitae
1972 4288 2192 4365 finem,
2238 4306 2351 4351 ne-
2454 4294 2521 4350 et
2566 4286 2773 4352 credit
2814 4287 2885 4351 in
2929 4309 3063 4365 me,
3109 4308 3242 4351 non
3287 4287 3600 4350 morietur
3640 4285 3713 4347 in
3758 4291 4101 4348 aeternum
4142 4284 4398 4384 (10800.

406 4395 537 4457 que
573 4374 822 4437 animae
860 4379 1138 4451 nostrae,
1186 4394 1351 4455 quae
1388 4372 1483 4437 illi
1519 4374 1751 4438 insitae
1790 4382 1961 4452 sunt,
2004 4373 2181 4438 finiri
2218 4372 2354 4437 ulla

403 4466 617 4523 morte
653 4467 940 4542 possunt.
1008 4459 1101 4523 Et
1132 4457 1288 4542 quid
1325 4458 1538 4523 adhuc
1569 4458 1984 4524 laboramus?
2050 4461 2162 4524 An
2195 4480 2354 4523 vero

406 4553 569 4610 sunt
609 4546 881 4610 obscura
924 4545 1061 4608 eius
1105 4544 1331 4609 verba:
1382 4543 1558 4625 Quia
1600 4567 1719 4629 ego
1765 4547 1951 4623 1110,·
1983 4552 2049 4609 01
2090 4567 2209 4611 vos
2253 4546 2351 4608 vi-

406 4630 578 4697 vetis
622 4630 874 4712 (Ioann.
920 4635 1016 4709 14,
1060 4633 1187 4714 19).
1281 4629 1354 4695 Si
1400 4631 1706 4711 vivimus,
1754 4632 1910 4715 quia
1953 4632 2147 4696 vivit:
2196 4651 2352 4715 ergo

403 4718 463 4781 si
508 4716 840 4792 morimur,
889 4717 1028 4799 ipse
1072 4716 1203 4780 iam
1249 4737 1381 4781 non
1427 4718 1621 4783 vivet.
1714 4720 1821 4782 An
1865 4719 2211 4783 obscurum
2255 4725 2355 4782 est

403 4800 579 4886 quod
618 4802 944 4884 promisit,
1003 4824 1152 4867 eum
1211 4802 1279 4865 in
1333 4824 1401 4867 se
1445 4822 1858 4881 mansurum,
1917 4811 1983 4868 et
2028 4824 2097 4867 80
2141 4805 2211 4866 10
2258 4824 2351 4882 00,

402 4889 518 4972 qui
554 4909 672 4971 per
692 4887 887 4952 fidem
925 4888 1048 4954 sibi
1070 4889 1329 4953 iunctus
1363 4889 1562 4953 fuerit
1585 4889 1835 4973 (Ioann.
1866 4893 1921 4969 6,
1951 4888 2103 4971 56)?
2151 4889 2354 4954 Avel-

549 5127 606 5193 1)
650 5126 742 5182 Sic
764 5127 900 5180 1542
918 5135 967 5182 et
992 5126 1141 5196 1545,
1176 5142 1316 5196 quas
1350 5128 1592 5196 sequitur
1619 5128 1814 5182 Gallus
1852 5133 1948 5195 (un
1974 5133 2184 5199 conge}
2225 5130 2354 5184 Gaz-

403 5196 585 5250 lasius
619 5198 747 5251 bene
782 5198 1082 5252 emendavit
1118 5214 1375 5265 somnum,
1410 5212 1568 5265 quem
1590 5199 1805 5265 sequuti
1823 5205 1954 5253 sunt
1969 5199 2182 5267 reliqui.
2239 5199 2352 5253 Fa-

405 5265 522 5388 ἓξ
542 5266 744 5388 egsztoc
779 5267 892 5322 loco
928 5264 1506 5356 effecerisymionom
1553 5281 1663 5319 non
1711 5267 1779 5319 ab
1816 5268 1935 5334 ipso
1978 5266 2205 5322 Calvino
2235 5268 2352 5333 fac·

627 5420 842 5476 Calvini
871 5437 1053 5488 opera.
1137 5421 1248 5476 Vol.
1298 5421 1354 5474 V.

2466 4377 2559 4452 ll,
2598 4375 2727 4452 25).
2816 4372 2956 4440 Nec
3010 4372 3291 4438 evadent
3344 4373 3398 4436 si
3451 4369 3767 4448 dixerint,
3824 4391 3959 4434 non
4028 4390 4193 4434 mon
4249 4392 4402 4435 eum

2455 4460 2526 4522 in
2561 4467 2921 4539 aeternum,
2967 4460 3074 4542 qui
3108 4459 3504 4528 suscitatur:
3535 4457 3842 4539 quoniam
3874 4477 4005 4520 non
4039 4454 4106 4519 id
4139 4464 4402 4520 tantum

2458 4545 2669 4609 voluit
2724 4546 3077 4622 Dominus,
3141 4543 3255 4609 sed
3309 4564 3651 4626 nunquam
3706 4542 3998 4609 accidere
4054 4563 4270 4625 posse,
4328 4550 4403 4606 ut

2456 4632 2843 4696 moriantur.
2936 4630 3148 4711 Quem
3202 4651 3468 4695 sensum
3524 4628 3757 4694 melius
3814 4629 4126 4712 exprimit
4167 4648 4402 4711 graeca

2455 4717 2737 4801 phrasis,
2784 4716 2896 4781 ubi
2940 4716 3202 4800 legitur,
3251 4717 3338 4788 εἰς
3373 4713 3485 4777 τὸν
3533 4717 3756 4778 αἰῶνας
3823 4714 3998 4797 quod
4035 4714 4293 4778 Latinis
4331 4715 4401 4778 in

2456 4803 2789 4869 saeculum
2836 4803 3173 4885 significat.
3266 4800 3417 4882 908
3475 4800 3779 4883 loquendi
3819 4802 4027 4865 forma
4072 4799 4399 4882 significa-

2455 4910 2604 4954 mus
2648 4907 2982 4971 nunquam
3034 4889 3198 4964 fore,
3256 4886 3322 4951 id
3367 4884 3538 4970 quod
3596 4888 3663 4952 in
3717 4886 4046 4951 saeculum
4103 4886 4398 4949 futurum

2456 4996 2790 5058 negamus.
2882 4971 2994 5037 Sic
3046 4973 3231 5038 alibi:
3292 4972 3424 5054 901
3479 4993 3843 5038 8010100010
3898 4992 4117 5036 meum
4177 4992 4398 5037 serva-

2455 5063 2643 5140 verit,
2679 5066 2960 5124 mortem
2994 5082 3125 5124 non
3146 5060 3394 5126 videbit
3425 5060 3495 5123 in
3529 5066 3867 5124 aeternum
3899 5057 4152 5129 (Ioann.
4179 5060 4236 5135 8,
4267 5057 4396 5139 51).

2454 5148 2601 5212 Ηο0
2645 5146 2965 5211 invictum
3011 5153 3142 5210 stat
3181 5153 3640 5231 argumentum
3679 5151 3904 5208 contra
3941 5164 4081 5219 eos,
4128 5164 4260 5206 non
4296 5144 4396 5208 vi·

2457 5254 2686 5299 surum
2731 5238 3009 5296 mortem
3055 5255 3237 5311 eum,
3295 5232 3408 5314 qui
3452 5251 3816 5296 sermonem
3860 5228 4128 5292 Domini
4175 5249 4398 5293 serva-

2739 5316 2930 5397 911οᾶ
2986 5340 3194 5383 unum
3252 5318 3407 5382 satis
3450 5338 3589 5381 esse
3632 5315 3834 5398 possit
3877 5313 4271 5380 Christianis
4315 5315 4400 5379 ad

2459 5320 2647 5385 verit.
