5100 6061
1449 1293 2365 1378 CONTINENTUR
2412 1294 2677 1377 HOC
2729 1292 3402 1375 VOLUMI'NE

1619 1431 1925 1496 (Asterisco
1960 1438 2211 1485 notamus
2247 1446 2387 1499 quae
2424 1408 2574 1500 apud¹
2605 1430 2808 1484 Bezam
2842 1429 3244 1496 desiderantur)

424 1605 905 1690 Prolegomena
946 1604 1020 1669 in
1063 1605 1345 1689 'l'omum
1386 1603 1678 1687 primum
1809 1651 3846 1669 ....................

567 1718 621 1784 Ι,
690 1718 770 1784 L.
817 1717 1081 1782 Annaei
1125 1714 1416 1782 Senecae
1457 1714 1611 1780 libri
1653 1715 1732 1780 de
1776 1714 2125 1781 clementia
2167 1734 2319 1779 cum
2357 1714 2453 1779 Io.
2500 1712 2764 1779 Calvini
2807 1713 3276 1779 commentario
3319 1712 3551 1796 (1532)
3621 1764 3636 1778 .
3728 1764 3743 1779 .
3832 1765 3848 1780 .

535 1830 625 1896 H.
691 1829 939 1895 Vivere
996 1827 1169 1911 apud
1226 1826 1566 1893 Christum
1622 1849 1755 1893 non
1809 1825 2093 1892 dormire
2148 1826 2385 1891 animis
2439 1834 2697 1891 sanctos
2755 1827 2867 1909 qui
2919 1826 2990 1889 in
3044 1825 3173 1891 fide
3217 1824 3468 1891 Christi
3515 1824 3854 1906 decedunt,

921 1961 1086 2025 quae
1131 1939 1330 2024 vulgo
1370 1938 2012 2025 Psychopannychia
2054 1939 2292 2004 dicitur
2337 1938 2572 2021 (1534)
2667 1986 3854 2011 ............

509 2054 634 2119 ΠΙ.
703 2051 1043 2137 Epistolae
1087 2049 1256 2118 duae
1299 2051 1378 2116 de
1418 2052 1615 2117 rebus
1657 2053 1781 2118 hoo
1823 2050 2080 2116 saeculo
2124 2051 2391 2135 cognitu
2434 2050 2728 2132 apprime
2770 2012 3153 2115 necessariis
3199 2051 3427 2133 (1537)
3517 2100 3531 2115 .
3623 2100 3640 2116 .
3730 2102 3745 2115 .
3836 2100 3853 2115 .
3989 2103 4019 2130 ,‚

702 2165 1006 2249 Epistola
1049 2165 1278 2247 prima.
1380 2161 1486 2227 De
1541 2165 1872 2248 fugiendis
1914 2164 2265 2246 impiorum
2309 2161 2558 2228 illicitis
2617 2162 2818 2227 sacris
2863 2170 2931 2225 et
2984 2162 3271 2245 puritate
3316 2161 3713 2229 christianae
3751 2183 3856 2228 re-

928 2278 1191 2361 ligionis
1235 2275 1643 2341 observanda
1713 2323 3851 2342 .....................

695 2389 1000 2474 Epistola
1043 2389 1343 2455 secunda.
1433 2385 1539 2451 De
1579 2389 1918 2454 christiani
1963 2387 2249 2452 hominis
2293 2385 2503 2450 officio
2546 2386 2620 2450 in
2674 2384 3049 2451 sacerdotiis
3100 2387 3353 2471 papalis
3393 2386 3708 2453 ecclesiae
3749 2386 3858 2456 vel

924 2497 1463 2566 administrandis
1508 2501 1614 2566 vel
1658 2498 2041 2566 abiiciendis
2132 2547 3851 2565 .................

513 2613 669 2679 I'V.*
711 2613 1169 2680 catechismus
1228 2635 1276 2677 s.
1337 2610 1735 2678 christianae
1791 2611 2127 2695 religionis
2180 2610 2508 2674 institutio
2574 2610 2961 2693 genevensis
3015 2611 3323 2677 ecclesiae
3377 2609 3710 2696 suffragiis
3753 2632 3856 2677 re-

927 2734 1115 2808 cepta
1160 2723 1393 2807 (1538)
1494 2771 3853 2789 .......................

558 2838 637 2901 V.
704 2837 925 2903 Iacobi
983 2835 1278 2901 Sadoleti
1335 2834 1683 2900 cardinalis
1739 2834 2016 2931 epistola
2082 2834 2163 2899 ad
2230 2842 2531 2899 senatum
2592 2833 3036 2916 populumque
3105 2855 3543 2917 genevensem
3605 2855 3733 2917 qua
3784 2836 3853 2900 in

925 2947 1363 3013 obedientiam
1407 2947 1662 3011 romani
1707 2946 2035 3030 pontificis
2080 2967 2190 3011 eos
2233 2946 2545 3011 reducere
2591 2953 2865 3010 conatur
2987 2996 3850 3011 .........

695 3060 789 3127 Io.
839 3060 1101 3127 Calvini
1144 3059 1476 3143 responsio
1524 3060 1752 3145 (1539)
1818 3107 3849 3125 ....................

513 3172 633 3237 VI.
710 3173 1064 3256 Epinicion
1100 3172 1366 3238 Christo
1408 3181 1747 3238 cantatum
1794 3172 2024 3256 (1541)
2134 3221 3851 3238 .................

485 3284 642 3349 VII.
713 3284 896 3351 Petit
934 3284 1195 3349 'Praiote
1242 3283 1321 3347 de
1363 3283 1429 3347 la
1477 3282 1745 3350 Saincte
1790 3284 1970 3350 Cone
2015 3283 2095 3347 de
2136 3285 2217 3349 N.
2266 3282 2335 3349 S.
2381 3283 2572 3350 Iesus
2615 3284 2846 3350 Christ
2893 3285 3120 3368 (1541)
3202 3334 3848 3349 .......

425 3395 669 3461 VEL*
717 3395 1085 3461 Consilium
1130 3393 1478 3460 admodum
1535 3405 1883 3480 paternum
1921 3395 2115 3461 Pauli
2159 3395 2287 3460 ΠΙ.
2343 3396 2670 3478 pontificis
2726 3396 3018 3476 romani,
3079 3394 3306 3459 datum
3348 3395 3742 3492 {mperatori
3784 3396 3858 3460 in

921 3508 1151 3592 Belgis
1216 3529 1334 3590 per
1397 3508 1789 3573 cardinalem
1845 3508 2243 3573 Farnesium
2305 3528 2423 3590 pro
2479 3507 2910 3573 Lutheranis.
3025 3507 3118 3571 Et
3176 3506 3448 3572 Eusebii
3516 3507 3850 3592 Pamphili

920 3618 1210 3685 eiusdem
1254 3618 1509 3685 consilii
1552 3621 1661 3702 pia
1704 3627 1770 3685 et
1813 3619 2115 3685 salutaris
2160 3618 2506 3702 explicatio
2554 3619 2784 3703 (1541)
2877 3641 2908 3685 ‚¹
2985 3667 3853 3685 .........

494 3730 664 3795 lx*
707 3730 842 3797 Les
893 3732 1094 3797 Actes
1143 3729 1223 3794 de
1279 3729 1346 3794 la
1384 3730 1669 3795 Iournee
1729 3730 2101 3814 imperiale,
2145 3739 2345 3797 tenue
2388 3752 2473 3796 en
2507 3730 2576 3795 la
2608 3731 2737 3796 cite
2780 3729 2860 3795 de
2898 3729 3411 3814 Regenspourg‚
3458 3731 3854 3797 aultrement

921 3844 1054 3909 dite
1099 3842 1493 3925 Ratispone,
1551 3864 1666 3907 sur
1708 3841 1803 3908 les
1849 3840 2157 3908 differens
2200 3842 2313 3925 qui
2356 3823 2507 3909 sont
2549 3841 2965 3927 auiourdhuy
3022 3862 3105 3906 en
3160 3842 3227 3906 la
3267 3842 3577 3928 Religion
3622 3844 3854 3928 (1541)

3935 1637 4044 1691 pag
4087 1622 4421 1679 IX—LVIII

4147 1731 4436 1784 1—162.

4091 1952 4417 2006 165—232

4083 2064 4417 2117 233—312

3990 2329 4019 2358 „
4085 2290 4440 2344 239——27s.

3991 2552 4020 2578 „
4083 2513 4440 2567 279—312.

3992 2775 4022 2802 „
4085 2736 4437 2790 313-ss2.

3991 3000 4020 3026 „
4084 2961 4436 3015 365-3s4.

3989 3113 4018 3139 „
4082 3074 4435 3126 385—416.

3991 3225 4020 3252 „
4083 3186 4434 3240 417-42s.

3988 3336 4016 3363 „
4079 3297 4434 3351 429-460.

3990 3672 4019 3699 „
4085 3633 4436 3687 461-5os.

3988 3895 4017 3920 „
4082 3855 4432 3908 509—684.
