5100 6061
720 364 937 433 XXII
966 301 977 317 p
1908 358 2450 427 TRAOTATUS
2491 354 3077 424 THEOLOGIOI
3117 354 3560 423 MINORES.

723 553 1127 620 adversarios
1168 555 1473 631 sterneret,
1519 549 1812 616 inanium
1852 547 2250 632 arqutiarum
2290 546 2603 630 fuyitoens,
2656 546 2859 612 omnis
2895 544 3252 628 sophistices
3303 543 3498 611 hostis
3550 546 3919 627 acerrimw,
3974 546 4103 612 zelo
4144 546 4515 614 asserendae
4555 543 4721 612 veri-

724 666 877 731 tatis
925 664 1151 746 ubique
1204 663 1296 728 sic
1346 654 1617 744 fervens,
1672 666 1742 725 ut
1780 660 2117 743 fuqientem
2160 660 2348 724 etiam
2388 657 2622 722 hostem
2655 662 3145 740 persequeretur.
3234 656 3405 724 Hine
3438 657 3674 741 factum
3726 664 3798 723 ut
3838 657 4248 724 vehementius
4290 658 4607 725 interdum
4647 659 4724 724 in

722 778 906 859 ipsas
958 776 1145 841 etiam
1194 794 1499 857 personas
1544 773 1707 856 ferri
1748 772 2068 849 videatur,
2122 790 2239 851 quo
2292 771 2534 836 nomine
2575 770 2685 851 qui
2740 790 2935 851 usque
2976 768 3128 835 adeo
3171 770 3384 850 ipsum
3426 774 3720 836 accusant
3759 775 3832 834 ut
3872 770 4338 837 conviciatorem
4379 772 4568 838 etiam
4610 790 4730 851 ap-

712 888 959 974 pellent,
998 887 1184 953 velim
1228 887 1417 952 etiam
1456 891 1639 968 atque
1673 885 1861 948 etiam
1893 903 2095 947 secum
2130 882 2383 964 coqitent
2415 881 2690 946 heroicos
2733 881 2875 946 illos
2916 882 3183 964 spiritus
3215 882 3522 947 divinitus
3563 887 3619 945 et
3647 880 4081 962 peculiaribus
4123 882 4498 964 quibusdam
4538 882 4730 964 affla—
4763 922 4782 943 ..

722 999 891 1066 tibus
952 998 1220 1081 impedi,
1273 997 1436 1081 quod
1487 997 1617 1062 nisi
1672 993 2123 1060 consideremus
2139 1044 2154 1071 ,
2207 993 2405 1058 multa
2444 1013 2631 1076 saepe
2670 993 2743 1058 in
2782 992 2925 1058 illos
2968 974 3155 1058 itiam
3210 993 3381 1058 omni
3421 993 3768 1075 exceptione
3820 994 4115 1075 maiores,
4166 998 4410 1060 sanctos
4450 993 4733 1060 videlicet

713 1111 1054 1196 prophetas
1070 1161 1084 1188 ,
1140 1108 1661 1190 reprehendendos
1704 1109 1772 1172 in
1817 1105 1905 1171 iis
1943 1104 2528 1185 existimaverimus,
2573 1107 2649 1171 de
2691 1105 2919 1187 quibus
2959 1109 3164 1170 tamen
3204 1125 3516 1170 summam
3558 1103 3807 1169 laudem
3837 1110 4286 1186 promerentur.
4375 1103 4725 1171 Mitissimo

724 1224 972 1307 inqenio
1008 1222 1268 1304 fuerunt
1308 1220 1511 1298 Iacob,
1558 1218 1857 1296 Solomon,
1901 1215 2240 1283 Ezechias.-
2281 1217 2579 1282 acerrimo
2622 1216 2838 1294 Iosue,
2890 1214 3153 1295 Gedeon,
3199 1214 3509 1298 Simpson,
3553 1215 3712 1294 Asa,
3758 1215 4000 1282 Iosias:
4040 1216 4348 1282 moderato
4389 1215 4715 1298 Iosephus,

726 1332 969 1413 Moses,
1023 1332 1257 1399 David.
1349 1329 1680 1412 Prophetis
1736 1329 2051 1394 interdum
2105 1326 2268 1392 nihil
2323 1326 2635 1406 acerbius,
2705 1328 3015 1393 interdum
3079 1326 3244 1393 nihil
3299 1328 3547 1394 Maus
3602 1327 3760 1410 ῥοιαὶ
3802 1332 4019 1410 potest.
4106 1328 4348 1412 Aqebat
4397 1329 4564 1393 enim
4615 1349 4718 1395 eos

723 1444 1052 1513 ‚Dominus
1095 1448 1289 1526 prout
1344 1449 1620 1524 tempora
1674 1447 1728 1504 et
1766 1460 1982 1505 eorum
2022 1460 2221 1505 mores
2256 1439 2533 1521 ferebant
2546 1490 2562 1519 ,
2618 1440 2704 1505 ad
2745 1460 2899 1523 quos
2955 1438 3365 1505 mittebantur.
3451 1439 3714 1522 Alioqui
3768 1439 4066 1522 quomodo
4098 1438 4405 1519 probabis
4447 1438 4723 1506 Esaiam

725 1558 1124 1624 clamantem:
1184 1554 1425 1636 Popule
1472 1552 1776 1617 Sodomae
1819 1556 1875 1615 et
1923 1551 2266 1617 Gomorrae
2281 1601 2296 1630 ,
2353 1556 2411 1615 et
2452 1556 2535 1616 tot
2575 1551 2916 1616 sarcasmis
2961 1550 3468 1616 Nebucadnesari
3507 1553 3579 1615 in
3620 1557 4006 1618 mortuorum
4051 1571 4329 1633 persona
4368 1551 4710 1618 illudenti?

725 1667 819 1733 Et
857 1667 1081 1735 Eliam
1121 1685 1243 1748 quo
1286 1663 1520 1746 spiritu
1561 1664 1919 1728 dixerimus
1961 1662 2301 1744 impulsum
2345 1664 2417 1727 in
2461 1684 2530 1728 re
2574 1667 2702 1728 tam
2736 1663 2908 1728 seria
2950 1660 3252 1728 Baalitas
3292 1662 3608 1729 irridere?
3697 1662 3786 1727 Et
3837 1664 3956 1729 illa
3997 1661 4346 1729 Ezechielis
4398 1662 4472 1728 de
4523 1662 4719 1729 Ohola

724 1784 783 1845 et
832 1779 1094 1845 Oholiba
1108 1829 1124 1857 ,
1171 1783 1230 1842 et
1268 1774 1554 1856 infinitae
1584 1795 1786 1855 paene
1826 1774 2279 1840 similitudines
2321 1776 2496 1857 apud
2528 1773 2869 1856 prophetas
2911 1795 2956 1839 a
2992 1773 3377 1856 foedissimis
3434 1776 3622 1841 etiam
3661 1775 3843 1841 rebus
3882 1776 4268 1856 desumptae,
4326 1775 4489 1842 illud
4529 1775 4725 1842 Ioan-

723 1893 833 1957 nis
875 1890 1228 1972 Baptistae,
1276 1885 1618 1970 Proqenies
1656 1887 2037 1969 viperarum,
2079 1887 2152 1950 in
2193 1907 2292 1951 eos
2338 1888 2528 1951 etiam
2572 1891 2907 1952 contortum
2948 1887 3061 1968 qui
3103 1888 3188 1951 ad
3228 1887 3435 1969 ipsius
3468 1886 3846 1967 baptismum
3887 1886 4260 1965 accedebant,
4299 1885 4416 1952 illa
4457 1888 4728 1969 deniqtce

731 2002 971 2069 eruisti
1011 2002 1084 2065 in
1126 2021 1248 2082 quo
1275 2002 1595 2081 peccatum
1634 1999 1882 2064 nullum
1922 1998 2076 2079 fuit.-
2116 1998 2497 2080 hypocritae,
2541 1998 2822 2080 parietes
2862 1997 3158 2079 dealem,
3212 1974 3454 2065 diaholo
3485 2003 3675 2079 patre
3715 1999 3880 2078 nati,
3921 1999 4220 2078 latrones,
4264 2000 4436 2064 natio
4476 2000 4725 2080 spuria,

726 2112 1102 2192 homicidae,
1148 2110 1466 2194 flaqellwm
1518 2131 1596 2175 ex
1633 2110 1943 2192 funiculis
1984 2115 2226 2191 repente
2278 2110 2639 2192 confectum,
2694 2130 3056 2177 mensarum
3108 2116 3166 2176 et
3215 2111 3618 2177 numulorum
3667 2109 3899 2177 eversio
3913 2160 3927 2189 ,
3981 2116 4038 2175 et
4077 2110 4195 2175 illa
4234 2109 4457 2177 Pauli:
4499 2110 4722 2176 insani

733 2225 1031 2306 Galatae,
1087 2230 1143 2288 et
1199 2228 1395 2288 cavete
1430 2243 1642 2301 canes,
1686 2220 2038 2287 cuiusmodi
2092 2223 2338 2288 tandem
2390 2222 2679 2304 fuerint?
2770 2222 3070 2304 Quamvis
3119 2227 3327 2287 autem
3380 2242 3520 2288 cum
3560 2223 3704 2288 istis
3756 2223 3924 2287 omni
3977 2222 4322 2303 eoeceptione
4365 2220 4718 2288 maioribus

725 2336 984 2401 minime
1023 2334 1379 2417 conferendi
1419 2338 1566 2398 sunt
1606 2335 1963 2415 consequuti
2005 2333 2290 2398 ecclesiae
2333 2334 2621 2413 doctores,
2663 2335 2851 2416 quasi
2878 2335 3038 2415 pari
3070 2334 3338 2416 spiritus
3370 2354 3665 2399 mensura
3684 2333 4005 2416 praediti.-
4046 2334 4119 2398 in
4160 2353 4229 2398 eo
4260 2339 4464 2398 tamen
4482 2333 4725 2400 similes
4783 2336 4791 2343 ’

726 2467 852 2514 non
890 2445 1101 2513 dubito
1137 2446 1561 2529 pronunciare
1601 2445 1769 2526 quod
1807 2444 2014 2510 eodem
2054 2445 2285 2527 spiritu
2314 2466 2439 2528 pro
2484 2465 2599 2510 suo
2643 2445 2887 2511 modulo
2929 2445 3141 2512 donati
3183 2447 3439 2511 eandem
3478 2465 3736 2511 causam
3769 2447 4015 2529 eqerint.
4110 2445 4288 2510 Talis
4327 2445 4458 2528 fuit
4498 2444 4722 2512 adver-

724 2581 842 2625 sus
875 2558 1282 2637 Marcionem,
1320 2556 1658 2636 Praxeam‚
1696 2556 2144 2640 Hermoqenem
2182 2556 2641 2623 Tertullianus.-
2682 2557 2750 2621 in
2786 2557 3153 2625 Eudoxiam
3189 2556 3685 2641 Chrysostomus:
3727 2559 4028 2624 adversus
4063 2557 4396 2623 Iulianum
4436 2556 4725 2623 Nazian-

726 2691 947 2750 zenus,
1001 2669 1367 2751 quibuscum
1417 2673 1572 2735 certe
1624 2668 1818 2734 noum
1861 2668 2317 2751 Hieronymum
2371 2688 2751 2749 comparare.
2841 2667 3249 2751 Epiphanius
3302 2674 3509 2735 autem
3550 2669 3798 2752 qualem
3851 2689 3982 2735 sese
4040 2670 4343 2734 adversus
4386 2668 4721 2735 haereticos

717 2782 1015 2868 praebet?
1060 2783 1216 2849 tales
1247 2801 1488 2864 quoque
1519 2786 1737 2846 nostra
1770 2780 2072 2845 memoria
2111 2780 2403 2846 nonnum
2434 2801 2574 2846 vere
2617 2780 2855 2846 heroico
2889 2761 3140 2863 spiritu,
3181 2782 3480 2863 qumnam
3512 2781 3678 2847 malo
3709 2780 3871 2846 nodo
3904 2781 4093 2845 mazze
4126 2781 4338 2846 cuneis
4373 2801 4533 2863 opus
4574 2785 4726 2847 erat„

740 2894 1004 2963 Omnino
1043 2913 1192 2959 vero
1236 2898 1365 2959 tam
1404 2893 1569 2958 inter
1608 2912 1674 2958 se
1713 2893 1967 2959 diversa
2008 2898 2170 2973 sunt,
2212 2890 2344 2957 Dei
2382 2912 2642 2959 causam
2682 2913 2862 2977 aqere
2903 2893 3313 2959 immoderata
3346 2894 3551 2975 etiam,
3592 2892 3653 2958 si
3685 2893 3843 2974 libet,
3884 2892 4275 2973 vehementia,
4314 2898 4369 2958 et
4401 2898 4619 2960 temere
4650 2914 4724 2960 ac

727 3008 948 3073 vitiose
998 3006 1229 3086 irasci,
1284 3024 1474 3087 quam
1529 3004 1643 3071 lua·
1682 3010 1737 3070 et
1778 3002 2059 3071 tenebrae
2102 3005 2265 3070 inter
2313 3023 2382 3070 se
2422 3003 2739 3085 differunt.
2828 3004 3053 3088 Itaque
3093 3005 3155 3070 si
3211 3005 3356 3088 quis
3404 3003 3734 3071 Calvinum
3783 3006 4077 3088 cuiquam
4128 3006 4468 3073 convicium
4508 3005 4580 3072 in
4620 3005 4724 3072 his
4781 3008 4788 3019 '

726 3118 986 3201 scriptis
1024 3119 1263 3201 fecisse,
1305 3123 1419 3184 aut
1451 3119 1522 3184 in
1548 3118 1811 3202 privata
1846 3136 2042 3182 causa
2074 3117 2214 3182 irae
2245 3115 2604 3196 indulsisse,
2640 3136 2714 3184 ac
2747 3117 2939 3182 multo
2982 3117 3189 3201 maqis
3220 3118 3282 3182 si
3321 3119 3467 3200 quis
3500 3139 3642 3183 eum
3676 3117 3991 3189 mendacio
4012 3119 4483 3200 patrocinatum
4521 3119 4727 3200 fuisse

585 3307 589 3310 Α
725 3231 1071 3312 convicerit,
1113 3236 1246 3295 tum
1288 3250 1392 3315 eqo
1415 3230 1610 3312 plane
1642 3230 1717 3295 de
1750 3229 2051 3294 sententia
2084 3228 2407 3295 decessero.
2477 3225 2599 3293 Sin
2632 3249 2772 3295 vero
2808 3248 3000 3312 quam
3033 3250 3076 3294 a
3107 3233 3340 3294 natura
3382 3230 3641 3295 insitam
3688 3251 3757 3295 v
3735 3229 4128 3296 hementiam
4160 3229 4428 3312 habebat,
4473 3250 4550 3295 ea
4589 3230 4728 3313 ipsc

728 3343 1037 3408 adversus
1071 3342 1350 3424 perditos
1382 3340 1699 3426 sophistas
1740 3360 1899 3406 usus
1939 3345 2057 3419 est,
2110 3345 2182 3404 ut
2220 3340 2533 3405 interdum
2578 3341 2767 3406 etiam
2817 3341 3072 3407 modum
3123 3361 3245 3406 non
3284 3343 3553 3408 tenuisse
3595 3342 3794 3407 videri
3824 3343 4060 3422 possit,
4102 3362 4254 3427 roqo
4296 3340 4728 3408 moderatissi-

727 3473 862 3519 mos
902 3454 1062 3520 istos
1102 3453 1378 3519 homines
1418 3452 1647 3535 quibus
1687 3452 1957 3517 nimium
1999 3452 2367 3518 incalescere
2407 3453 2709 3533 videntur,
2753 3455 3101 3535 quicumque
3141 3454 3421 3534 ipsorum
3460 3474 3627 3519 more
3668 3474 3791 3519 non
3818 3453 4081 3537 friqent,
4123 3459 4195 3519 ut
4224 3473 4354 3535 pro
4394 3474 4511 3536 quo
4553 3457 4612 3518 et
4649 3453 4725 3518 in

728 3585 913 3649 quem
950 3565 1202 3632 dicatur
1224 3564 1421 3648 paulo
1454 3564 1747 3630 attentius
1786 3563 2148 3648 expendant,
2190 3583 2386 3645 neque
2427 3565 2696 3631 heroicos
2739 3567 2893 3631 istos
2923 3566 3191 3649 spiritus
3229 3587 3306 3632 a
3344 3567 3589 3651 inqenio
3628 3585 3744 3633 suo
3777 3567 4132 3631 metiantur.
4203 3564 4295 3630 Et
4324 3565 4399 3630 de
4440 3564 4544 3630 his
4585 3566 4729 3648 qui-

729 3676 871 3741 dem
925 3676 1232 3743 hactenus.
1327 3673 1490 3743 Sunt
1529 3676 1694 3741 enim
1735 3676 1824 3740 iis
1856 3677 1984 3741 ista
2023 3676 2279 3740 minime
2312 3678 2671 3744 necessaria
2724 3677 2952 3759 quibus
2981 3698 3103 3760 per
3143 3698 3212 3744 se
3265 3680 3502 3745 veritas
3542 3677 3726 3762 sapit.
3817 3677 3920 3742 Iis
3962 3682 4166 3743 autem
4205 3696 4361 3759 quos
4403 3676 4724 3744 Dominus

728 3788 824 3852 sic
857 3789 1203 3854 excaecavit
1233 3793 1303 3853 ut
1334 3808 1457 3855 non
1489 3788 1666 3854 modo
1697 3788 2099 3854 conscientiae
2130 3789 2243 3855 sed
2275 3790 2462 3853 etiam
2501 3791 2812 3869 scientiae,
2854 3791 3013 3869 sive,
3056 3794 3128 3855 ut
3166 3790 3446 3872 loquitur
3482 3790 3818 3871 apostolus,
3857 3789 4022 3870 fidei*
4041 3808 4276 3869 quoque
4309 3787 4729 3872 naufraqium

728 3898 1011 3980 fecerint,
1065 3900 1441 3965 insanierim
1481 3900 1736 3982 quidem
1785 3921 1920 3983 eqo,
1975 3900 2036 3965 si
2075 3899 2376 3980 satisfieri
2417 3901 2554 3966 ulla
2598 3903 2836 3967 ratione
2864 3921 3052 3984 posse
3102 3903 3499 3983 speraverim.
3603 3901 3815 3968 Vincet
3866 3906 4070 3966 tamen
4122 3899 4377 3979 veritas,
4436 3902 4551 3965 aut
4590 3899 4735 3965 iam

719 4012 937 4092 potius
978 4013 1142 4078 vicit.
1238 4012 1416 4079 Tuae
1456 4032 1596 4078 vero
1626 4011 2035 4093 potissimum
2075 4010 2525 4093 Excellentiae,
2570 4013 3019 4079 Illustrissime
3065 4012 3397 4096 Princeps,
3448 4012 3556 4079 hoc
3598 4012 3892 4078 excellens
3933 4012 4214 4078 volumen
4255 4010 4500 4077 duabus
4532 4032 4725 4093 prae-

729 4122 910 4201 cipue
951 4124 1028 4189 de
1071 4125 1285 4189 causis
1322 4123 1807 4191 consecrandum
1838 4123 2013 4189 duxi.
2094 4122 2298 4203 Quum
2339 4125 2508 4190 enim
2548 4124 2830 4191 iniurias
2861 4124 2978 4191 tibi
3018 4126 3336 4191 maximas
3373 4124 3590 4191 illatas
3630 4126 3724 4190 ita
3765 4126 3860 4191 sis
3901 4123 4104 4190 cuthuc
4132 4122 4476 4205 fortissimo
4509 4123 4732 4188 mavi--

731 4251 949 4314 moque
993 4236 1205 4301 animo
1230 4241 1668 4319 persequutus,
1714 4239 1786 4299 ut
1825 4254 2189 4316 quacunque
2231 4240 2285 4300 te
2326 4236 2431 4300 ius
2475 4241 2532 4301 et
2572 4257 2844 4318 aequum
2875 4237 3317 4315 circumduxit,
3383 4234 3699 4302 Christum
3742 4255 4104 4318 quocunque
4139 4234 4487 4317 pervenisti
4527 4234 4719 4300 simul

732 4342 1172 4426 introduoeeris,
1215 4348 1472 4429 eiusque
1511 4367 1773 4430 reqnum
1814 4344 1932 4412 hac
1972 4346 2211 4410 ratione
2254 4352 2554 4427 quantum
2597 4348 2809 4415 nullus
2853 4350 3055 4415 adhuc
3095 4353 3310 4414 nostra
3350 4348 3656 4414 memoria
3683 4348 3983 4431 princeps
4023 4345 4466 4429 amplificam-is,
4511 4345 4727 4412 emisti-

730 4455 905 4520 mavi
945 4475 1070 4520 non
1098 4476 1286 4536 posse
1325 4477 1423 4523 me
1467 4458 1579 4523 tibi
1636 4465 1765 4523 tam
1796 4456 2122 4538 praeclare
2163 4477 2295 4523 rem
2344 4463 2584 4542 qestam
2629 4461 3025 4544 auspicatius
3064 4460 3384 4544 qratulari
3425 4481 3617 4543 quam
3666 4461 3726 4525 si
3767 4462 3904 4525 eius
3945 4459 4214 4526 hominis
4247 4459 4487 4540 scripta
4526 4478 4721 4541 quam

731 4567 1167 4633 eruditissima
1220 4569 1292 4632 in
1345 4589 1546 4635 unum
1597 4568 1707 4636 hoc
1759 4568 1950 4633 veluti
2000 4588 2226 4649 corpus
2281 4575 2562 4654 conqesta
2603 4571 2717 4636 tibi
2760 4591 3182 4638 consecrarem
3195 4623 3209 4651 ,
3267 4592 3386 4654 quo
3429 4570 3646 4638 nullus
3698 4570 3808 4638 hoc
3849 4576 4053 4637 nostro
4093 4571 4338 4638 saeculo
4383 4569 4728 4656 (sinqulari

731 4678 1000 4759 quodam
1050 4676 1183 4761 Opt.
1230 4677 1411 4744 Max.
1452 4680 1582 4745 Dei
1615 4680 1925 4764 beneficio)
1968 4680 2345 4763 reipublicae
2386 4681 2766 4749 christianae
2795 4685 3119 4767 pomoeria
3171 4683 3415 4767 lonqius
3460 4684 3852 4767 propaqavit.
3937 4681 4185 4749 Deinde
4227 4701 4422 4766 quum
4464 4701 4570 4747 eae
4612 4680 4729 4746 tibi

723 4791 1089 4869 provinciae
1142 4791 1274 4856 sint
1314 4813 1357 4857 a
1397 4790 1535 4857 Deo
1576 4791 1908 4858 attributae
1961 4812 2122 4875 quas
2174 4796 2409 4858 constat
2449 4794 2728 4859 omnium
2769 4797 3456 4877 portentosissimarum
3496 4785 3822 4861 haereseon
3837 4844 3851 4872 ,
3909 4796 4329 4878 cuiuscunque
4372 4793 4617 4859 tandem
4660 4792 4732 4859 id

734 4899 924 4980 culpa
961 4901 1096 4982 fiat,
1138 4902 1343 4969 adhuc
1380 4904 1815 4986 feracissimas
1853 4905 2073 4987 fuisse,
2117 4905 2355 4984 merito,
2400 4904 2471 4968 ni
2508 4905 2719 4986 fallor,
2763 4907 2957 4972 statui
2999 4906 3167 4972 nihil
3205 4908 3411 4991 mayis
3454 4911 3750 4988 oportune
3781 4926 3970 4988 posse
4008 4906 4155 4987 fieri
4195 4926 4381 4987 quam
4427 4905 4556 4969 tuis
4595 4902 4734 4968 illis

732 5008 1101 5090 fortissimis
1159 5015 1421 5081 ducibus
1463 5016 1688 5099 quum
1730 5016 1821 5100 ad
1864 5014 2167 5082 Satanam
2207 5016 2436 5083 hostem
2488 5016 2672 5081 illum
2711 5017 2990 5082 omnium
3043 5019 3319 5085 maxime
3356 5017 3819 5100 formidabilem
3858 5017 4289 5085 debellandum
4325 5016 4552 5094 uteris,
4607 5032 4735 5078 non

735 5126 868 5186 tam
911 5143 1091 5189 arma
1133 5148 1321 5208 quam
1365 5119 1950 5205 armamentarium,
1993 5129 2319 5211 mitterem,
2359 5129 2521 5195 unde
2564 5129 2766 5193 omnis
2803 5130 3048 5212 qeneris
3088 5129 3209 5194 tela
3261 5129 3434 5195 nullo
3486 5131 3721 5214 neqotio
3773 5131 4166 5212 depromant,
4220 5147 4488 5209 quorum
4543 5125 4736 5191 etiam

733 5231 1037 5297 nonnulla
1076 5240 1445 5319 comperient
1482 5239 1623 5322 ipso
1668 5236 2101 5304 debellatorum
2143 5241 2412 5307 hostium
2448 5241 2752 5326 sanquine
2787 5245 3121 5307 cruentata.
3198 5240 3301 5305 Iis
3341 5246 3497 5309 certe
3534 5242 3596 5308 si
3647 5242 3858 5310 dextre
3903 5243 4162 5305 utantur
4191 5244 4249 5305 et
4290 5240 4362 5304 in
4403 5237 4513 5305 hoc
4545 5256 4742 5321 prae-
